1846 3262
144 223 246 264 cu.
260 217 333 280 11]
659 219 1097 266 POLICRATICVS
1622 228 1694 272 ⁷5¹
1710 232 1736 262 c

142 340 419 385 calamitates
466 341 713 399 exquisitae
771 341 1016 385 dulcedinis
1073 340 1298 386 sufficiunt
1355 340 1606 399 explanare.

143 409 265 454 Scite
299 411 445 455 fertur
478 412 642 455 dixisse
678 412 724 456 P.
755 411 938 457 Clodius
973 412 1079 468 quia
1108 411 1306 469 improbe
1341 410 1604 468 Neptunum
1619 410 1651 452 d

143 484 322 525 accusat
340 482 418 539 qui
445 481 607 525 iterum
635 481 920 539 naufragium
948 481 1067 525 fecit.
1126 482 1189 524 At
1215 495 1304 524 non
1331 481 1443 524 illud
1470 480 1604 523 inele-

141 551 325 608 gantius
339 551 571 603 diceretur,
584 552 689 609 quia
704 551 902 609 improbe
919 551 1134 594 Venerem
1150 554 1360 595 causatur
1370 551 1605 594 aduersam

102 632 124 671 3
142 620 221 677 qui
251 621 488 665 secundam
527 621 651 665 ducit
685 636 881 664 uxorem.
941 621 1052 675 Quis
1086 621 1204 664 enim
1235 621 1276 664 ei
1310 620 1606 678 compatietur

142 690 232 747 qui,
259 691 393 734 semel
413 691 585 734 solutus
613 706 641 734 a
670 691 873 742 uinculis,
894 690 1066 734 reuolat
1085 691 1143 734 ad
1161 689 1405 734 cathenas3
1465 689 1604 732 Plane

141 759 354 818 indignus
383 764 452 804 est
480 760 700 804 libertatis
729 760 894 803 honore
924 763 970 803 et
999 760 1148 818 quiete
1177 761 1254 817 qui
1284 760 1341 803 ad
1370 774 1603 803 excussum

140 830 372 873 seruitutis
398 830 587 874 recurrit
616 830 782 887 iugum.
841 829 968 872 Vnde
994 830 1204 873 monstris
1227 830 1370 873 simile
1394 832 1462 873 est
1485 828 1604 886 quod

140 897 205 942 hii
225 900 303 957 qui
323 915 412 943 non
431 900 562 943 modo
582 899 885 957 philosophiae
904 900 981 942 sed
1010 902 1055 943 et
1082 899 1309 957 religionis
1334 899 1419 942 sibi
1446 898 1603 942 uendi-

81 984 123 1011 ιο
139 971 245 1012 cant
282 983 442 1012 nomen
492 968 631 1012 arceri
675 972 902 1026 nequeunt
940 969 998 1012 ab
1036 969 1315 1026 amplexibus
1353 969 1601 1012 mulierum.

140 1037 282 1096 Saepe
301 1039 466 1082 etenim
486 1039 563 1096 qui
585 1041 824 1095 antequam
844 1053 1005 1082 nomen
1025 1039 1308 1096 profiteretur
1322 1039 1602 1089 alterutrum,

137 1103 177 1151 si
216 1110 367 1151 tamen
406 1108 525 1159 haec,
557 1107 713 1165 religio
751 1108 918 1151 scilicet
956 1111 1003 1151 et
1040 1108 1331 1165 philosophia,
1366 1122 1602 1151 numerum

137 1175 323 1230 faciunt,
343 1191 443 1220 cum
463 1177 558 1221 sine
577 1177 789 1235 religione
808 1191 938 1220 nemo
965 1180 1083 1220 recte
1109 1177 1258 1220 ualeat
1287 1177 1601 1234 philosophari,

136 1247 514 1292 continentissime
543 1247 674 1298 uixit,
702 1261 804 1291 cum
838 1247 886 1289 in
916 1246 1108 1304 aliquem
1138 1247 1327 1304 gradum
1371 1250 1600 1303 promotus

77 1332 120 1373 ¹⁵
138 1320 207 1362 est
233 1320 477 1375 nactusque
505 1317 712 1375 quietem,
741 1317 911 1374 primae
949 1319 995 1360 et
1033 1331 1231 1360 summae
1270 1316 1599 1369 deliberationis
1615 1329 1693 1371 752
1708 1331 1738 1361 a

137 1401 322 1431 acumen
351 1390 527 1431 exercet
555 1387 603 1430 in
633 1386 837 1445 eligenda
863 1401 1004 1430 uxore
1030 1386 1104 1429 uel
1128 1386 1329 1430 ducenda
1359 1389 1451 1437 aut,
1481 1387 1599 1444 quod

133 1457 323 1515 nequius
341 1460 420 1508 est,
431 1457 679 1501 uicinorum
698 1456 982 1500 matrimonia
1000 1456 1237 1499 sollicitare
1257 1459 1302 1499 et
1321 1471 1601 1514 corrumpere

133 1539 232 1572 non.
250 1530 442 1571 ueretur.
503 1527 711 1585 Erumpit
738 1526 964 1570 interdum
991 1526 1289 1570 inuerecunda
1315 1525 1598 1584 intemperies

134 1596 397 1650 mulierum3
436 1596 554 1654 quia,
584 1599 638 1639 ut
670 1596 825 1640 scribit
854 1596 1121 1647 Herodotus,
1154 1596 1316 1639 mulier
1343 1610 1444 1639 cum
1474 1599 1598 1640 ueste

75 1680 119 1709 20
134 1665 318 1724 deponit
352 1669 399 1710 et
436 1666 760 1710 uerecundiam.
818 1665 1036 1723 Erumpit,
1064 1665 1260 1722 inquam,
1288 1665 1522 1723 impudens
1551 1668 1598 1709 et

133 1736 183 1779 in
202 1735 315 1780 facie
335 1736 686 1780 erubescentium
713 1736 977 1794 populorum
1003 1735 1190 1794 genialis
1208 1735 1327 1779 thori
1354 1736 1524 1778 reuelat
1549 1738 1597 1779 et

132 1804 332 1850 denudat
379 1806 575 1849 archana
621 1808 668 1849 et
706 1806 762 1849 de
809 1805 962 1848 mariti
1010 1805 1260 1863 frigiditate
1299 1805 1596 1862 conqueritur,

130 1875 328 1934 allegans
347 1876 461 1919 hanc
481 1875 769 1919 sufficientem
789 1878 836 1918 et
854 1875 1106 1918 euidentem
1126 1875 1299 1932 repudii
1318 1875 1391 1918 uel
1411 1875 1596 1918 diuortii

130 1956 321 1997 causam,
350 1945 469 2003 quod
498 1945 681 1988 semiuir
709 1947 778 1988 est
807 1947 853 1987 et
882 1944 1056 1987 inutilis
1085 1944 1368 1987 matrimonio
1398 1945 1475 2001 qui
1505 1959 1595 1987 non

71 2033 113 2070 ¹5
131 2018 200 2058 est
227 2018 460 2072 promptus
489 2013 546 2056 ad
575 2013 752 2057 coitum.
813 2013 1051 2070 Eleganter
1070 2013 1248 2070 quidem
1275 2012 1520 2056 Gaufridus
1539 2013 1595 2057 de

131 2080 452 2135 Heroumuilla,
471 2083 706 2126 familiaris
724 2097 860 2134 meus,
879 2082 1012 2125 unius
1031 2082 1191 2126 talium
1210 2083 1259 2125 in
1278 2096 1411 2127 causa
1439 2083 1594 2126 huius-

129 2205 153 2240 4
178 2192 373 2278 οαιέεαιιέτ]
390 2194 544 2230 accusat
560 2191 600 2228 M
746 2201 788 2236 17
813 2191 870 2228 est
885 2203 954 2230 om.
971 2191 1012 2227 M
1131 2202 1178 2240 23
1202 2191 1380 2239 reppudii
1397 2190 1422 2228 S
1545 2202 1590 2241 25

126 2253 233 2290 prom
254 2253 299 2277 us

176 2357 199 2384 2
222 2347 267 2384 Ρ.
287 2346 461 2383 Gladim:
487 2344 573 2437 Sic4
566 2343 774 2381 Publilium
790 2344 927 2391 Syrum
944 2346 984 2381 et
999 2344 1064 2382 hic
1081 2346 1120 2382 et
1137 2344 1236 2381 infra
1252 2357 1306 2382 cc.
1327 2346 1590 2400 13‚14(76213‚

127 2395 422 2478 {330231120522
395 2439 434 2476 ιι
448 2449 469 2485 7
489 2438 508 2487 ς
531 2450 586 2476 11.
549 2392 848 2494 ⁴¹m²⁰²1⁰9⁶⁶q222
856 2390 1327 2477 ,ιιΡὲιῖἶῗι-ἰῗῖἔέοὲιὲιιῗῗῗ
1337 2392 1497 2478 ἷῖιῖῐὲἒ
1507 2393 1589 2479 Ξιίἲ

125 2491 239 2527 Ιοοίη.
252 2487 278 2525 i.
295 2489 342 2534 48
360 2487 506 2534 (Migne
525 2489 563 2523 P.
579 2488 623 2523 L.
641 2485 750 2523 xxiii.
768 2487 867 2534 279).
913 2486 996 2524 Hoc
1012 2486 1128 2524 habet
1145 2487 1312 2525 Herod·
1299 2500 1326 2523 1.
1344 2489 1377 2524 8.
1473 2497 1530 2536 25,
1542 2490 1590 2527 26

130 2538 336 2591 Gaufridua
351 2537 395 2571 de
409 2536 687 2571 Heroumuilla:
711 2533 904 2580 Nusquam
920 2534 1043 2571 alibi
1031 2546 1072 2570 ιιι
1087 2535 1200 2572 huius
1215 2534 1286 2571 viri
1302 2546 1442 2572 nomen
1456 2535 1589 2574 incidi.

127 2583 284 2622 Roberti
301 2582 494 2620 cuiusdam
511 2582 557 2619 de
574 2546 816 2618 Hei-ovinaqq
784 2593 825 2617 ιιι
842 2583 969 2628 Maqn.
986 2584 1064 2620 Rot.
1088 2584 1179 2638 Pip.
1194 2592 1233 2630 15
1260 2583 1376 2620 Henr.
1402 2583 1452 2620 ΙΙ.
1476 2596 1514 2630 Ρ.
1541 2586 1588 2621 62

126 2633 173 2669 fit
203 2631 372 2674 mentio;
413 2632 452 2667 et
492 2629 665 2667 Falconis
705 2629 751 2666 de
791 2629 995 2674 Herovffla,
1036 2630 1219 2667 domnici
1258 2630 1451 2668 servientis

126 2678 284 2718 Henrici
301 2678 350 2721 11,
368 2677 410 2713 in
423 2677 564 2714 cartul.
580 2677 615 2714 S.
629 2676 877 2714 Michaelisin
889 2677 1059 2723 periculo
1072 2677 1186 2715 maris
1198 2690 1258 2725 ap.
1272 2679 1440 2716 Howlett
1456 2680 1589 2717 chron.

125 2730 172 2784 «ff
189 2706 381 2808 Stephen’H
363 2727 436 2762 etc.
455 2724 503 2762 iv.
519 2737 559 2772 p.
576 2734 668 2780 339;
693 2724 857 2780 denique
874 2725 910 2761 H
911 2737 984 2772 ugo
1010 2725 1058 2762 de
1084 2725 1304 2762 Herouvilla
1319 2728 1448 2763 cartae
1468 2725 1590 2764 dona-

124 2774 244 2814 tionis
269 2774 318 2810 ab
345 2773 508 2810 Henrico
537 2771 597 2819 epi
740 2737 962 2809 Baiocensi
971 2772 1147 2810 abbatiae
1171 2773 1290 2810 Vallis
1319 2773 1355 2811 S.
1380 2773 1527 2812 Marias
1551 2786 1588 2813 a.

128 2825 220 2868 1167
251 2822 376 2858 factae
400 2820 509 2858 testis
535 2822 618 2857 erat
600 2783 794 2865 (ffiund
824 2821 1006 2857 Calendar
1020 2822 1066 2866 of
1083 2822 1309 2865 Documenta,
1332 2823 1410 2858 Fra
1493 2823 1587 2868 918-

127 2872 232 2917 1206,
253 2882 290 2917 p.
322 2868 417 2916 537).
466 2868 752 2905 Heroumm'llam
775 2866 852 2905 sive
875 2869 1124 2905 Herouvillam
1148 2868 1226 2907 sive
1249 2870 1383 2907 Herom'
1496 2869 1590 2909 licet

1433 2952 1478 2988 9⁹
