1846 3262
110 214 190 264 785
209 223 240 254 a
588 210 850 255 IOANNIS
891 210 1410 256 SARESBERIENSIS
1512 214 1623 270 [ms.
1638 223 1732 257 vm

252 335 335 378 hoc
365 335 507 392 ipsius
536 333 744 378 omnibus
773 336 930 377 notum
960 335 1040 385 est,
1073 333 1180 390 quia
1208 333 1319 377 scire
1347 334 1537 391 praelati
1566 335 1732 379 debent

252 404 383 461 quod,
403 419 504 447 cum
525 403 612 461 ipsi
633 403 913 460 delinquunt,
933 405 1004 446 tot
1023 403 1244 446 mortibus
1265 403 1391 461 digni
1410 407 1518 448 sunt
1537 407 1647 462 quot
1672 404 1732 448 ad

252 474 454 517 subditos
474 473 738 531 perditionis
758 473 962 531 exempla
980 472 1310 517 transmittunt.

253 617 359 676 Cap.
385 619 449 661 18.
510 617 752 661 Ministros
770 617 856 661 Dei
883 632 965 661 esse
992 617 1235 661 tirannos·
1217 648 1231 669 ,
1270 621 1310 661 et
1339 617 1455 674 quid
1477 617 1730 662 tirannus:

370 691 410 732 et
433 688 487 732 de
505 687 711 732 moribus
738 687 826 732 Gai
849 686 1084 744 Galiyulae
1103 691 1142 731 et
1162 687 1362 732 Neronis
1381 688 1555 745 nepotis
1573 688 1672 732 eius
1691 693 1731 733 et
1751 703 1771 739 5

368 758 495 802 exitu
512 757 768 815 utriusque.

311 861 542 905 Ministros
572 860 657 905 Dei
692 864 844 905 tamen
874 860 1077 904 tirannos
1107 876 1201 905 esse
1232 876 1323 905 non
1355 862 1539 920 abnego,
1571 862 1649 920 qui
1683 861 1732 905 in

204 933 234 971 b
252 934 441 989 utroque
470 931 680 989 primatu,
707 931 875 975 scilicet
901 931 1153 974 animarum
1174 935 1220 975 et
1239 946 1486 990 corporum,
1506 932 1625 976 iusto
1651 946 1732 976 suo

251 1001 416 1045 iudicio
444 1015 537 1044 esse
564 1001 711 1044 uoluit
731 1015 811 1058 per
830 1016 940 1058 quos
967 1001 1237 1058 punirentur
1256 1002 1364 1045 mali
1389 1005 1435 1045 et
1461 1001 1731 1059 corrigeren-

250 1076 327 1115 tur
357 1074 402 1115 et
433 1074 745 1115 exercerentur
773 1071 892 1115 boni.
954 1071 1073 1114 Nam
1094 1075 1139 1115 et
1168 1075 1349 1129 peccata
1376 1072 1531 1130 populi
1558 1070 1733 1115 faciunt
1752 1087 1796 1112 ιο

250 1156 438 1199 regnare
491 1141 742 1199 ypocritam
797 1144 854 1192 et,
894 1141 1011 1185 sicut
1064 1142 1238 1200 Regum
1288 1145 1484 1186 testatur
1531 1141 1731 1193 historia,

250 1211 449 1254 defectus
477 1210 756 1254 sacerdotum
786 1210 834 1253 in
861 1211 1026 1268 populo
1050 1211 1134 1254 Dei
1162 1211 1364 1255 tirannos
1394 1211 1588 1255 induxit.
1661 1211 1732 1254 Si-

251 1281 428 1338 quidem
451 1281 584 1338 primi
605 1284 755 1338 patres
775 1284 821 1325 et
840 1281 1120 1338 patriarchae
1134 1281 1319 1325 uiuendi
1339 1282 1495 1325 ducem
1515 1281 1732 1339 optimam

250 1356 460 1395 naturam
500 1353 641 1396 secuti
680 1355 798 1396 sunt.
871 1353 1188 1397 Successerunt
1227 1353 1360 1397 duces
1400 1369 1428 1397 a
1467 1354 1623 1411 Moyse
1662 1368 1731 1396 se·

251 1426 438 1480 quentes
470 1422 625 1480 legem,
660 1425 706 1465 et
745 1422 913 1466 iudices
948 1424 1025 1480 qui
1061 1423 1172 1482 legis
1206 1423 1474 1467 auctoritate
1514 1423 1730 1481 regebant
1751 1436 1795 1473 15

250 1492 490 1550 populum;
522 1495 568 1535 et
583 1492 758 1535 eosdem
781 1492 919 1536 fuisse
939 1493 1128 1551 legimus
1148 1494 1408 1537 sacerdotes.
1462 1493 1661 1536 Tandem
1681 1493 1730 1536 in

251 1562 404 1605 furore
431 1561 612 1605 Domini
640 1561 736 1604 dati
766 1565 873 1605 sunt
900 1577 1036 1621 reges,
1059 1562 1136 1605 alii
1165 1562 1344 1620 quidem
1374 1563 1492 1615 boni,
1515 1562 1592 1606 alii
1622 1576 1730 1606 uero

250 1632 368 1675 mali.
430 1632 650 1675 Senuerat
685 1631 803 1675 enim
836 1631 1017 1675 Samuel
1052 1635 1109 1686 et,
1142 1647 1242 1676 cum
1278 1632 1361 1676 filii
1391 1633 1487 1676 eius
1515 1647 1606 1676 non
1636 1647 1732 1676 am·

248 1701 458 1745 bularent
487 1701 535 1744 in
565 1701 652 1744 uiis
683 1703 775 1745 suis
806 1701 882 1744 sed
913 1702 1152 1745 auaritiam
1177 1705 1223 1746 et
1251 1702 1561 1746 immunditias
1590 1704 1730 1745 secta·

250 1774 418 1822 rentur,
447 1771 651 1829 populus,
681 1772 758 1829 qui
790 1771 979 1815 fortasse
1010 1774 1056 1815 et
1085 1772 1180 1829 ipse
1207 1775 1432 1816 meruerat
1461 1775 1514 1816 ut
1543 1771 1584 1816 ei
1614 1771 1729 1815 tales
1750 1786 1796 1810 πο

208 1855 233 1884 c
248 1843 504 1900 praeessent
543 1841 804 1893 sacerdotes,
843 1857 872 1885 a
919 1841 1026 1893 Deo,
1077 1857 1208 1899 quem
1256 1844 1595 1900 contempserat,
1644 1841 1731 1885 sibi

249 1927 399 1969 regem
435 1911 635 1954 extorsit.
696 1911 875 1955 Electus
910 1914 979 1955 est
1013 1927 1119 1970 ergo
1152 1911 1273 1964 Saul,
1300 1912 1418 1971 regis
1450 1915 1602 1956 tamen
1633 1911 1731 1954 iure

249 1981 490 2039 praedicto,
509 1980 556 2023 id
577 1983 645 2024 est
666 1981 742 2038 qui
763 1981 879 2024 filios
900 1996 1052 2024 eorum
1081 1982 1259 2025 tolleret
1277 1984 1332 2026 ut
1351 1982 1520 2026 faceret
1538 1981 1730 2040 aurigas,

249 2055 295 2094 et
315 2051 430 2094 filias
450 2054 504 2094 ut
526 2051 742 2108 panificae
769 2052 929 2094 fierent
959 2053 1005 2095 et
1032 2050 1237 2105 focariae,
1259 2055 1305 2095 et
1324 2067 1456 2110 agros
1476 2054 1522 2096 et
1547 2050 1731 2110 praedia

249 2124 302 2164 ut
323 2136 375 2164 ea
394 2136 475 2179 pro
504 2121 633 2164 libito
660 2121 951 2164 distribueret
974 2122 1115 2165 seruis
1135 2122 1240 2174 suis,
1259 2122 1561 2180 populumque
1581 2123 1728 2165 totum
1749 2136 1792 2172 ²5

250 2191 483 2235 seruitutis
515 2194 736 2249 premeret
771 2192 889 2250 iugo.
959 2191 1088 2236 Idem
1123 2195 1275 2236 tamen
1314 2192 1508 2236 christus
1547 2191 1730 2235 Domini

249 2261 396 2304 dictus
439 2263 520 2314 est,
565 2263 610 2304 et
654 2261 926 2305 tirannidem
972 2277 1181 2306 exercens
1221 2262 1395 2321 regium
1443 2277 1535 2306 non
1578 2261 1731 2306 amisit

248 2397 270 2422 2
295 2384 497 2431 deliquunt
515 2384 540 2421 S
684 2392 705 2428 7
731 2385 914 2430 tyrannos
930 2382 971 2418 M
1117 2393 1157 2421 11
1185 2383 1415 2430 hipocritam
1432 2383 1465 2420 A
1558 2381 1732 2430 hystoria

249 2433 290 2469 M
390 2443 434 2479 19
456 2431 731 2468 inmunditiam
747 2432 781 2467 A
887 2431 934 2468 26
958 2430 1115 2468 Domini
1131 2443 1200 2469 om.
1219 2432 1250 2467 B
1357 2442 1403 2478 ²7
1427 2430 1670 2479 tyrannidem
1687 2431 1729 2468 M

301 2552 316 2579 1
345 2543 436 2578 scire
455 2543 552 2578 etc..
577 2540 690 2588 Greg.
711 2540 762 2577 M.
779 2542 853 2587 Ray
855 2542 1029 2577 ..Pastor
1056 2539 1113 2577 iii.
1137 2551 1160 2586 4
1185 2539 1333 2587 (Migne
1359 2542 1401 2577 P.
1422 2542 1468 2578 L.
1492 2539 1622 2578 lxxvii.
1643 2540 1730 2588 54);

250 2602 365 2636 quem
386 2589 512 2626 locum
533 2589 631 2626 citat
650 2554 813 2635 epistola
829 2589 898 2624 illa
914 2587 1065 2625 Nicolai
1089 2588 1107 2624 1
1129 2600 1253 2635 papae
1275 2589 1324 2625 ad
1347 2587 1571 2625 Lotharium
1596 2599 1729 2643 regem

248 2650 363 2683 quam
389 2637 558 2691 referunt
582 2637 784 2673 Anselmus
810 2635 987 2673 Lucensis
1015 2637 1104 2673 Coll.
1132 2638 1270 2673 Canon.
1297 2635 1363 2673 xii.
1389 2637 1436 2683 36
1459 2638 1498 2673 et
1523 2635 1730 2673 Gratianus

248 2687 388 2722 Decret.
417 2685 465 2721 II.
490 2684 543 2722 xi.
572 2695 604 2730 3.
631 2696 662 2721 0.
689 2683 879 2731 3(Migne
903 2686 946 2720 P.
963 2685 1006 2720 L.
1025 2683 1126 2720 cxix.
1147 2693 1248 2730 1150,
1268 2683 1383 2720 cxlix.
1412 2693 1491 2730 531,
1518 2685 1624 2731 σοφ.
1647 2685 1728 2720 Iur.

252 2735 391 2769 Canon.
404 2733 462 2770 ed.
475 2732 624 2770 Friedb.
638 2732 664 2769 i.
675 2731 775 2778 643).
891 2742 935 2767 10
953 2737 1103 2777 peccata
1119 2733 1191 2768 etc.
1208 2744 1217 2768 :
1242 2743 1274 2768 v.
1291 2731 1358 2769 Iob
1375 2731 1500 2768 xxxiv.
1518 2742 1576 2788 30.
1685 2741 1727 2777 13

248 2782 403 2816 uiuendi
419 2783 544 2817 ducem
555 2783 633 2834 etc.
649 2793 658 2816 :
684 2792 716 2815 v.
734 2778 811 2817 Cic.
828 2780 871 2815 de
886 2781 1034 2815 Amicit.
1057 2788 1075 2826 5
1096 2778 1114 2826 ξ
1138 2789 1181 2824 19
1401 2780 1454 2822 16,
1478 2788 1520 2824 17
1546 2791 1588 2815 m
1594 2781 1728 2824 sumn

248 2832 346 2865 etc.:
378 2840 410 2865 v.
436 2827 498 2864 Os.
525 2827 607 2864 xiii.
639 2837 692 2864 11.
871 2829 913 2864 18
944 2828 1120 2863 Senuemt
1144 2829 1239 2864 etc.:
1265 2839 1298 2864 v.
1330 2837 1346 2865 1
1373 2825 1467 2874 Reg.
1490 2825 1569 2864 viii.
1592 2835 1608 2864 1
1623 2837 1727 2874 seqq.

249 2877 295 2912 26
319 2877 421 2911 Idem
437 2878 533 2913 etc.:
562 2887 593 2912 v.
614 2885 630 2913 1
650 2874 741 2923 Reg.
760 2874 829 2912 xii.
847 2885 868 2922 3
886 2876 926 2912 et
941 2874 1051 2913 alibi.

359 2947 424 2989 358
