1846 3262
75 230 158 281 598
177 240 208 270 a
554 222 815 268 IOANNIS
856 217 1376 265 SARESBERIENSIS
1528 214 1640 278 [ΜΒ.
1656 227 1709 261 VI

370 348 502 391 Nunc
531 346 729 404 patimur
757 344 915 401 longae
945 342 1067 400 pacis
1096 341 1216 384 mala
1228 355 1238 394 ;
1274 340 1423 384 seuior
1451 339 1590 384 armis

371 407 552 450 luxuria
580 404 784 448 incubuit
813 403 1072 458 uictumque
1102 400 1335 444 ulciscitur
1364 399 1531 444 orbem.

284 500 506 557 Antiquas
546 501 590 542 et
629 497 862 540 modernas
901 494 1082 538 reuolue
1122 493 1345 545 historias,
1380 495 1428 536 et
1466 492 1599 550 plane
1639 491 1707 535 in-

225 571 377 613 uenies
407 569 512 626 quia
541 567 766 612 concussio
795 565 1072 623 populorum,
1093 578 1320 607 armorum
1350 563 1533 616 collisio,
1556 562 1705 606 clades

225 640 466 690 hominum,
501 642 546 682 et
577 638 709 695 plaga
742 635 956 680 terribilis
991 635 1218 678 luxuriam
1251 648 1426 691 semper
1455 636 1537 677 aut
1567 633 1702 677 comi·
1721 646 1742 682 5

223 714 348 754 tatur
386 713 466 753 aut
504 709 715 766 sequitur.
781 708 852 751 Ne
890 707 1022 765 longe
1059 708 1274 764 petantur
1312 705 1530 763 exempla,
1570 704 1703 748 Niui-

223 781 372 825 collini
407 781 613 823 Britones
643 779 822 822 irruunt
851 781 897 822 et
926 778 1017 821 iam
1047 776 1324 834 protendunt
1353 776 1570 819 terminos
1598 790 1703 819 suos

224 853 270 894 et
308 851 471 908 egressi
511 850 566 893 de
604 850 807 893 cauernis
847 848 940 892 suis
978 847 1250 904 latebrisque
1297 847 1516 890 siluarum
1565 846 1704 904 plana

225 924 451 978 occupant,
482 920 699 964 nobilium
733 934 966 977 procerum
1000 918 1260 962 uidentibus
1295 917 1404 976 ipsis
1435 918 1707 976 impugnant

180 997 209 1036 b
227 994 487 1048 expugnant
507 993 552 1033 et
572 990 760 1033 diruunt
780 992 860 1033 aut
880 989 965 1032 sibi
986 988 1183 1032 retinent
1207 988 1492 1039 munitiones,
1513 1002 1565 1031 eo
1587 987 1707 1046 quod
1728 999 1770 1024 10

224 1061 436 1104 iuuentus
455 1063 620 1112 nostra,

591 1167 704 1210 quae
734 1155 853 1196 tecto
882 1152 1050 1211 gaudet
1080 1155 1126 1196 et
1154 1152 1338 1204 umbris,

223 1248 332 1289 nata
378 1245 531 1303 fruges
576 1261 845 1298 consumere,
885 1245 934 1288 in
977 1245 1121 1289 lucem
1169 1245 1405 1297 dormiens,
1445 1245 1707 1290 scortationi

224 1316 411 1359 honesta
440 1318 708 1373 postponens
738 1315 892 1368 officia,
925 1319 1023 1359 tota
1052 1316 1125 1359 die
1157 1316 1381 1360 insectans
1411 1317 1706 1375 uoluptatem,

224 1385 442 1428 citharam
465 1385 595 1428 liram
620 1388 666 1430 et
690 1386 942 1443 timpanum
967 1388 1013 1428 et
1039 1401 1193 1429 uocem
1219 1387 1376 1444 organi
1406 1387 1455 1429 in
1484 1387 1706 1432 conuiuiis
1727 1405 1766 1440 15

225 1456 368 1513 magis
392 1456 592 1513 agnoscit
611 1470 744 1513 quam
765 1456 928 1499 lituum
949 1459 1030 1499 aut
1049 1456 1206 1499 tubam
1232 1457 1281 1499 in
1301 1457 1470 1501 castris.
1530 1457 1586 1501 In
1617 1473 1708 1516 qua

225 1528 305 1567 aut
325 1540 415 1568 non
435 1525 526 1569 fuit
545 1527 625 1568 aut
645 1526 814 1569 errauit
841 1526 966 1570 ducis
994 1525 1161 1578 electio,
1182 1527 1374 1571 cessauit
1401 1530 1482 1571 aut
1501 1528 1706 1587 elanguit

224 1594 469 1653 disciplina,
528 1595 658 1647 Nam,
689 1596 726 1639 si
757 1611 940 1639 manum
974 1611 1202 1640 conserere
1234 1600 1450 1655 oporteat,
1480 1598 1528 1642 in
1560 1614 1705 1643 arma-

223 1668 327 1708 tura
347 1665 435 1708 leui
455 1680 615 1723 parum
635 1666 803 1709 habent
830 1666 1030 1719 fiduciae,
1050 1667 1098 1710 in
1125 1668 1256 1725 graui
1283 1669 1521 1712 minimum
1548 1669 1704 1714 alacri·

223 1735 343 1779 tatis.
403 1735 502 1779 Hac
525 1736 677 1794 itaque
704 1739 949 1780 onerantur
972 1740 1024 1780 ut
1051 1737 1225 1781 hostem
1252 1738 1377 1796 sequi
1402 1754 1493 1782 non
1520 1740 1704 1797 possint,
1723 1756 1767 1781 20

223 1805 302 1848 illa
341 1806 656 1849 exanimantur
694 1809 748 1850 ut
786 1821 888 1850 eum
928 1809 1159 1865 tamquam
1199 1808 1257 1852 ad
1297 1809 1464 1853 uulnus
1511 1810 1704 1868 expositi

224 1878 448 1932 nequeant
477 1876 707 1920 sustinere.

78 1941 104 1981 -3
184 1957 209 1986 c
283 1944 624 2002 Depopulantur
662 1946 729 1988 illi
767 1946 878 1990 fines
917 1949 1105 2000 nostros,
1146 1947 1255 1991 dum
1294 1948 1508 1994 iuuentus
1550 1954 1706 1997 nostra

224 2014 465 2057 instruitur
477 2029 487 2068 ;
522 2018 578 2067 et,
607 2016 715 2059 dum
744 2016 872 2060 nobis
902 2016 1029 2060 miles
1059 2021 1272 2070 armatur,
1302 2019 1445 2064 hostis
1474 2022 1629 2066 euadit
1658 2026 1706 2068 et

224 2083 295 2141 (ut
315 2084 401 2127 dici
422 2085 550 2142 solet)
571 2085 678 2129 dum
699 2086 821 2130 canis
841 2087 1063 2138 mussitat,
1083 2090 1207 2131 tutas
1234 2088 1429 2134 latebras
1450 2090 1705 2150 ingreditur
1724 2113 1740 2136 2
1747 2113 1766 2148 5

223 2152 366 2211 lupus.
426 2153 530 2197 Non
558 2158 625 2198 est
650 2156 727 2212 qui
754 2157 1100 2214 comprehendat
1126 2158 1366 2203 abeuntem
1391 2165 1473 2204 aut
1498 2162 1704 2221 insequa-

225 2226 302 2267 tur
339 2224 524 2276 hostem,
555 2240 606 2269 eo
646 2226 765 2284 quod
803 2227 1046 2285 impeditus
1085 2243 1166 2273 nec
1205 2230 1369 2276 sufficit
1408 2247 1489 2277 nec
1527 2235 1706 2291 proficit

224 2361 245 2397 3
270 2351 460 2405 hystorias
477 2351 552 2387 ΒΜ
722 2363 766 2391 10
790 2353 967 2391 dirruunt
984 2355 1045 2392 M:
1070 2355 1225 2393 dirrunt
1242 2357 1267 2394 S
1442 2368 1484 2408 15
1511 2361 1660 2400 conniis
1678 2361 1705 2400 S

223 2409 270 2444 24
294 2399 405 2436 miles
422 2399 531 2438 nobis
547 2399 594 2437 A*
739 2411 783 2449 25
811 2403 971 2440 musitat
988 2404 1212 2442 O²BA¹S¹M1

274 2519 288 2545 1
318 2511 425 2546 Nunc
440 2512 607 2556 patimur
622 2512 694 2548 etc.
712 2522 720 2547 :
748 2510 828 2547 Iuv.
846 2514 920 2548 Sat.
938 2512 985 2549 vi.
1005 2524 1086 2559 292,
1109 2525 1190 2561 293.
1382 2518 1417 2563 6,
1436 2526 1456 2563 7
1483 2520 1706 2559 Niuicollini
1767 2509 1770 2514 ’

223 2557 458 2607 Britonespi.
474 2570 505 2595 e.
525 2558 701 2613 Britones
717 2559 784 2606 qui
799 2560 980 2598 Walliam
1000 2561 1192 2599 borealem
1217 2563 1422 2608 habitant;
1448 2567 1495 2603 cf.
1522 2580 1638 2624 supra
1661 2569 1704 2608 ii.

225 2614 268 2658 ².7
289 2607 369 2650 (461
387 2610 443 2649 D),
462 2618 494 2642 v.
513 2606 657 2644 erald.
678 2608 828 2645 Cambr.
846 2610 1026 2656 Descript.
1047 2612 1237 2649 Cambriae
1254 2625 1285 2649 c.
1307 2623 1324 2660 5
1347 2615 1455 2661 (Opp.
1467 2615 1524 2654 ed.
1538 2615 1720 2656 Dimockf

223 2663 271 2687 vi.
291 2653 371 2697 170)
387 2655 578 2690 Scinditur
599 2661 720 2691 autem
737 2662 769 2691 et
785 2658 1030 2702 distinquitur
1051 2662 1158 2705 aquis
1179 2661 1316 2697 Wallia
1335 2664 1528 2708 nobilibus,
1545 2677 1638 2711 quae
1656 2679 1704 2704 ex

224 2703 408 2737 montanis
431 2704 569 2738 duobus
592 2705 767 2749 oriye’nem
792 2705 947 2750 habent;
974 2708 1160 2753 Elennyth
1184 2711 1318 2746 scilicet
1346 2712 1388 2746 in
1412 2713 1615 2751 Sudwallia
1634 2743 1644 2752 .
1662 2743 1673 2753 .
1691 2742 1704 2753 .

224 2748 334 2783 Ereri
355 2748 491 2794 (Eryri)
509 2763 644 2797 quoque
669 2754 710 2787 in
728 2754 964 2797 Not-dwallia,
982 2767 1076 2801 quae
1090 2757 1242 2801 Anqlice
1258 2759 1460 2796 Snaudune
1478 2759 1700 2810 (Snowdon)

223 2797 368 2838 dicitur,
385 2798 424 2832 id
441 2803 490 2833 est
505 2800 653 2834 Nivium
670 2806 815 2837 montes.
950 2812 990 2838 12
1015 2815 1106 2857 qaae
1122 2809 1207 2840 tecto
1224 2807 1296 2844 etc.
1311 2819 1320 2842 :
1346 2806 1427 2844 Iuv.
1446 2810 1522 2844 Sat.
1539 2809 1602 2847 vii.
1622 2821 1701 2858 105.

224 2849 383 2927 &13⁶1ng
391 2846 521 2929 {2⁶⁹ae
535 2859 760 2886 consumere:
786 2860 820 2886 v.
837 2848 930 2886 Hor.
946 2851 1018 2897 Ep.
1037 2862 1062 2888 1.
1081 2861 1113 2888 2.
1133 2862 1191 2897 27.
1340 2864 1383 2902 15
1408 2858 1588 2895 citharam
1604 2861 1679 2898 etc.
1691 2872 1704 2898 ι

337 2964 377 2998 18
