1846 3262
91 187 175 244 ‘631
191 194 222 235 b
564 190 829 237 IOANNIS
870 188 1397 234 SARESBERIENSIS
1547 188 1661 251 [ΜΒ.
1675 201 1730 235 vl·

235 316 366 360 Vnde
393 319 440 360 et
460 314 594 359 Ebrei
621 313 962 372 praecipiuntur
987 326 1115 355 orare
1142 326 1224 369 pro
1255 311 1518 370 Babyloniis
1546 313 1653 371 quia
1678 313 1728 356 in

235 401 343 444 pace
386 386 640 444 principum
681 385 806 442 quies
847 385 916 427 est
955 382 1247 440 populorum;
1298 385 1345 425 et
1385 382 1593 427 Christus
1632 383 1728 441 ipse

237 456 390 502 Cesari
430 457 604 500 tributa
636 471 663 498 a
697 454 905 498 fidelibus
940 453 1115 497 censuit
1147 468 1242 496 6886
1274 452 1502 497 soluenda.
1563 453 1730 497 Omnia

235 531 390 571 tamen
410 527 632 585 pei-uertit
648 526 809 578 Gnato,
825 527 871 568 et
891 539 943 568 eo
963 523 1110 567 iudice
1126 524 1223 567 ueri
1239 523 1458 581 professio
1477 523 1728 568 maiestatis

195 610 221 642 c
237 598 414 642 crimini
436 600 731 655 coaequatur3
761 595 926 654 dignus
947 595 1080 653 plane
1101 594 1173 638 cui
1193 594 1404 638 alumnus
1424 594 1660 652 Apollinis,
1680 594 1728 637 id
1747 604 1769 640 ⁵

235 671 304 712 est
324 668 570 726 sapientiae
591 668 747 719 cultor,
763 667 924 725 pellem
949 666 1171 717 detrahat,
1197 665 1402 723 exemplo
1423 664 1617 708 Marsiae
1639 664 1730 723 qui,

234 739 344 783 dum
364 739 596 783 contendit

647 815 849 858 Phebum
880 828 1091 872 superare
1121 813 1333 867 canendo,

235 909 384 953 uictus
411 909 675 952 indumento
700 910 891 951 naturae
920 906 1149 964 spoliatur.
1211 906 1327 948 Eum
1354 920 1549 963 namque
1574 904 1730 949 adula-

236 983 386 1023 torum
419 978 558 1023 factio
589 979 797 1022 imitatur
832 980 878 1021 et
919 976 1145 1020 infelicem
1185 977 1375 1019 satirum
1415 976 1585 1034 implet,
1620 975 1730 1019 dum
1750 989 1793 1015 ιο

235 1050 424 1093 numina
455 1064 537 1093 sua
576 1049 850 1104 (fortunatos
884 1047 1059 1105 loquor)
1092 1047 1224 1090 uanis
1254 1046 1463 1090 laudibus
1498 1047 1626 1090 uelut
1660 1046 1730 1090 in—

237 1120 501 1163 strumentis
517 1119 698 1162 musicis
713 1133 804 1162 non
819 1120 914 1161 tam
930 1132 1141 1175 superare
1157 1117 1343 1160 molitur
1358 1132 1494 1175 quam
1510 1131 1730 1162 excecare.

238 1190 423 1248 Semper
438 1190 618 1247 quidem
639 1188 887 1232 iuuenescit
902 1188 950 1230 111
967 1187 1091 1239 1111310,
1106 1202 1220 1245 quae
1235 1203 1482 1245 numquam
1502 1187 1731 1246 grauitate

238 1275 450 1304 sensuum
470 1262 737 1310 maturatur,
751 1259 874 1310 leuis,
889 1258 1067 1309 lasciua,
1080 1258 1257 1315 loquaX‚
1273 1261 1319 1302 et
1339 1273 1452 1316 quae
1472 1257 1531 1301 ad
1551 1273 1729 1302 omnem

237 1345 394 1374 auram
416 1330 576 1388 quauis
595 1329 847 1373 harundine
867 1329 1001 1372 citius
1026 1329 1243 1387 agitatur.
1749 1345 1790 1379 15

287 1474 397 1533 Cap.
419 1474 485 1520 28.
517 1474 804 1519 Auctoritate
825 1473 1164 1518 Socraticorum
1185 1473 1375 1530 quando
1395 1473 1500 1530 quis
1520 1473 1574 1518 de
1593 1488 1675 1518 suo

413 1546 772 1599 commendatur,
793 1548 832 1588 et
853 1543 1044 1602 quando
1063 1544 1125 1588 sit
1145 1543 1304 1588 aliena
1323 1543 1547 1590 laudatiO.

190 1642 221 1683 d
297 1637 368 1691 Et,
407 1638 513 1682 licet
552 1638 585 1681 ii
624 1638 832 1682 tibicines
872 1638 1091 1681 uanitatis
1138 1637 1330 1681 aliorum
1370 1637 1730 1695 supplantationi

237 1723 412 1766 semper
445 1709 669 1760 insistant,
708 1709 756 1751 in
788 1709 1172 1752 commendatione
1212 1708 1334 1751 illius
1374 1708 1494 1765 quod
1533 1708 1731 1752 maxime

236 1794 368 1823 suum
388 1779 602 1836 cuiusque
623 1782 691 1822 est
710 1782 791 1823 aut
811 1779 958 1822 rarius
978 1781 1262 1836 aucupantur
1282 1781 1364 1822 aut
1383 1778 1543 1823 minus.
1604 1779 1728 1824 Tunc
1747 1801 1792 1826 20

237 1849 356 1893 enim
392 1849 580 1906 quisque
619 1849 815 1893 maxime
848 1853 894 1893 et
933 1849 988 1892 de
1029 1864 1110 1892 suo
1150 1849 1500 1902 commendatur,
1532 1864 1635 1893 cum
1669 1850 1729 1893 ad

236 1919 483 1976 sapientiae
503 1920 657 1963 laudes
677 1920 833 1978 lingua
859 1919 1160 1977 praedicantis
1180 1919 1363 1964 accedit.
1424 1919 1586 1964 Cetera
1603 1935 1729 1964 nam-

236 2004 323 2046 que
364 1990 514 2032 omnia
554 1990 701 2033 aliena
735 1993 869 2043 sunt3
909 2004 1042 2033 suum
1074 1992 1143 2033 est
1182 1990 1397 2047 cuiusque
1438 1990 1557 2047 quod
1597 1990 1730 2048 sapit.

237 2058 392 2110 Suum,
410 2059 606 2117 inquam,
627 2075 718 2103 non
742 2063 894 2103 tamen
921 2075 949 2103 a
976 2075 1023 2103 86
1050 2059 1128 2103 sed
1155 2059 1213 2102 ab
1237 2074 1288 2104 eo
1309 2060 1436 2103 cuius
1457 2075 1621 2104 munus
1649 2064 1728 2113 est,

237 2129 448 2186 quicquid
476 2129 654 2172 laudem
685 2133 883 2173 meretur
908 2130 957 2172 in
983 2130 1176 2174 homine.
1238 2129 1298 2173 Et
1325 2130 1397 2174 hic
1425 2130 1607 2188 quidem
1636 2145 1728 2174 non
1747 2150 1764 2174 a
1770 2149 1790 2184 5

236 2215 362 2245 meus
397 2203 466 2244 est
497 2216 641 2245 sermo
673 2202 751 2245 sed
787 2217 920 2260 quem
952 2202 1153 2246 omnium
1185 2202 1440 2260 sapientum
1469 2204 1595 2246 cetus
1625 2216 1728 2246 con-

236 2270 432 2314 celebrat
461 2274 507 2314 et
533 2286 665 2328 quem
693 2273 741 2315 in
767 2273 882 2316 libro
910 2273 988 2330 qui
1015 2273 1278 2316 inscribitur
1308 2273 1377 2316 De
1404 2273 1500 2316 Deo
1531 2272 1729 2317 Socratis

237 2340 368 2384 facile
418 2344 486 2384 est
535 2342 750 2387 inuenire.
838 2343 979 2388 Cuius
1029 2344 1170 2387 uerba
1222 2346 1408 2402 propter
1457 2343 1729 2402 elegantiam

239 2412 681 2460 W
709 2424 915 2462 babiloniis
931 2424 1033 2461 ASM
1218 2434 1236 2472 5
1264 2425 1469 2473 alumpnus
1485 2425 1526 2461 M
1707 2428 1729 2464 8

237 2470 365 2507 sebum
386 2466 411 2507 S
511 2480 551 2517 15
579 2472 769 2511 arundine
789 2474 827 2509 M
938 2475 980 2511 18
1006 2472 1063 2510 hii
1080 2473 1134 2510 A:
1160 2472 1203 2509 hi
1221 2473 1262 2510 M
1370 2485 1420 2511 20
1442 2475 1682 2522 occupantur
1698 2475 1730 2512 P

237 2528 283 2564 23
310 2520 368 2555 est
384 2530 452 2555 om.
473 2517 554 2555 S¹M

291 2602 304 2627 1
333 2593 448 2628 Ebrei
464 2593 559 2629 etc.:
586 2604 618 2628 v.
638 2592 775 2630 Ierem.
793 2591 893 2629 xxix,
914 2601 948 2637 7.
1089 2603 1110 2629 2
1141 2592 1309 2630 Christus
1325 2595 1398 2631 etc.
1416 2606 1424 2630 ε
1451 2606 1483 2631 v.
1501 2593 1616 2631 Matt.
1635 2593 1728 2632 xxii.

241 2648 283 2684 17
295 2651 424 2686 seqq
452 2640 568 2677 Maro.
590 2639 654 2677 xii.
677 2651 718 2685 14
729 2652 853 2686 seqq
881 2640 969 2678 Luc.
983 2652 1045 2678 xx.
1059 2651 1105 2676 22
1119 2653 1223 2687 seqq.
1346 2643 1370 2679 6
1394 2644 1582 2679 Marsiae:
1608 2655 1642 2679 v.
1659 2642 1726 2680 Ov.

237 2688 325 2724 Met.
344 2687 390 2724 vi.
414 2689 483 2733 382
498 2699 606 2743 seqq.
700 2690 720 2724 8
746 2690 907 2724 Phebum
924 2691 1020 2725 etc.·
1047 2689 1362 2736 Verg.Ecl.v.9.
1476 2701 1520 2727 10
1543 2692 1729 2737 infelicem

237 2737 396 2771 satiram
420 2738 568 2782 implet:
594 2735 620 2772 i.
632 2748 664 2773 e.
689 2735 865 2783 Marsyae
894 2738 1024 2783 (11116111
1050 2736 1230 2784 Satyrum
1255 2738 1371 2775 fuisse
1396 2740 1530 2775 narrat
1556 2739 1622 2776 Ov.
1639 2740 1726 2776 Met.

238 2783 287 2819 vi.
322 2785 406 2829 383)
440 2786 569 2830 partes
601 2784 697 2831 agit.
879 2795 920 2831 13
962 2787 1184 2822 iuuenescit:
1227 2797 1277 2823 sc.
1311 2786 1558 2823 adulatorum
1590 2786 1725 2825 factio.

243 2839 283 2877 15
310 2834 444 2878 qua-uis
458 2834 669 2868 harundine
686 2834 759 2869 etc.
776 2845 784 2868 :
811 2833 858 2869 cf.
880 2833 992 2869 Matt.
1010 2834 1061 2869 xi.
1080 2842 1113 2878 7.
1301 2844 1348 2880 24
1373 2847 1398 2870 a
1413 2846 1474 2871 se:
1503 2846 1554 2872 sc.
1570 2834 1726 2872 laudem

239 2881 419 2917 meretur.
541 2890 599 2928 25,
618 2881 664 2917 26
689 2892 764 2918 non
780 2893 880 2918 meus
897 2887 948 2918 est
963 2893 1078 2919 sermo
1094 2883 1158 2920 sed
1169 2894 1178 2920 :
1206 2894 1240 2921 v,
1259 2882 1351 2920 Hor.
1370 2884 1448 2920 Sat.
1466 2882 1508 2920 ii.
1527 2893 1561 2921 2.
1578 2893 1615 2920 2.

349 2953 391 2986 82
