1846 3262
42 219 124 261 593
144 210 173 249 b
523 204 784 251 IOANNIS
826 200 1345 249 SARESBERIENSIS
1475 196 1608 270 [LIB.
1623 207 1676 241 vt

194 330 375 382 ciarum,
407 328 619 386 simplicis
658 326 808 379 animi,
848 338 989 383 paruo
1021 325 1233 367 contenta
1268 322 1379 373 cibo,
1410 319 1586 364 duratis
1615 316 1675 361 ad

194 415 370 444 omnem
390 399 596 449 ,laborum
625 396 909 441 tolerantiam
938 393 1162 444 membris,
1182 393 1255 436 cui
1284 395 1462 451 gestare
1491 390 1677 439 ferrum,

194 470 360 514 fossam
389 470 559 520 ducere,
579 482 690 511 onus
722 466 839 510 ferre
868 463 1142 509 consuetudo
1171 463 1227 506 de
1257 477 1361 506 rure
1392 464 1471 505 est.
1531 459 1676 503 Num-

196 540 304 597 quid
334 542 535 583 cantores
569 538 784 582 aleatores
814 539 895 579 aut
923 549 1129 592 aucupes,
1159 547 1260 577 cum
1290 547 1403 590 opus
1434 530 1586 581 fuerit,
1616 527 1676 572 ad

154 617 179 646 c
196 610 303 654 haec
342 609 627 652 inuenientur
665 606 843 651 idonei?
918 605 1054 648 Plane
1094 606 1141 647 et
1179 603 1290 647 istos
1331 605 1377 646 et
1419 601 1675 659 piscatores,
1696 612 1716 650 5

194 679 425 730 dulcarios‚
458 678 675 721 linteones
715 679 760 720 et
795 690 947 720 omnes
982 674 1060 732 qui
1094 673 1266 731 aliquid
1300 675 1518 716 tractasse
1551 669 1676 713 uide-

194 749 365 792 buntur
384 748 440 791 ad
460 748 641 806 genecia
660 747 901 805 pertinens,
921 761 949 788 a
968 744 1155 788 militari
1176 743 1317 787 officio
1341 743 1404 786 sic
1425 740 1603 799 repellit
1622 741 1678 783 ut

195 817 587 861 fabrosferrarios
619 817 816 874 itemque
850 815 1076 874 lignarios,
1108 829 1341 858 ceruorum
1377 823 1678 870 aprorumque

195 891 430 931 uenatores
469 887 532 945 in*
556 902 688 931 usum
727 886 916 929 militiae
955 887 1134 929 censeat
1171 883 1411 942 eligendos,
1470 881 1591 925 Nam
1631 882 1679 923 et

197 957 411 1008 Ieroboal,
440 960 494 1001 ut
528 956 785 1015 figuralium
815 955 1016 999 misteria
1045 957 1293 1006 taceantur,
1328 952 1522 996 Domino
1550 965 1676 993 man-
1699 964 1742 989 ιο

197 1027 332 1070 dante
362 1027 615 1085 prohibitus
639 1030 707 1070 est
736 1026 784 1068 in
809 1025 1100 1068 multitudine
1125 1023 1285 1068 timida
1316 1026 1362 1066 et
1382 1021 1679 1066 inexercitata

197 1098 361 1140 habere
395 1097 604 1140 fiduciam
639 1099 684 1140 et
717 1097 818 1140 illos
857 1096 972 1139 solos
1012 1095 1226 1138 aduersus
1266 1093 1539 1136 Madianitas
1578 1106 1680 1149 pro-

198 1168 369 1219 ducere,
390 1182 499 1224 quos
520 1167 656 1211 robur
675 1167 814 1210 animi
835 1170 880 1210 et
901 1166 1164 1210 exercitium
1184 1165 1379 1222 corporis
1399 1163 1682 1221 approbaret.

201 1237 316 1282 Cum
352 1252 457 1294 ergo
492 1237 672 1280 Gedeon
702 1237 874 1280 cunctis
906 1236 1193 1279 audientibus
1227 1235 1546 1293 proclamaret:
1592 1233 1681 1288 Qui

201 1297 513 1350 formidolosus
553 1309 600 1350 et
637 1306 824 1350 timidus
864 1309 943 1359 est,
979 1309 1235 1349 reuertatur
1248 1320 1258 1359 ;
1307 1307 1584 1349 recesserunt
1623 1319 1680 1348 ex
1702 1323 1742 1358 ¹5
1781 1299 1787 1306 ⁴

201 1377 365 1434 populo
404 1377 569 1435 uiginti
609 1380 655 1420 et
694 1377 782 1420 duo
821 1377 946 1419 milia
985 1377 1198 1427 uirorum,
1230 1379 1275 1419 et
1310 1378 1490 1419 tantum
1530 1375 1681 1418 decem

201 1447 328 1490 milia
361 1449 680 1490 remanserunt.
741 1447 830 1490 Sed
859 1447 916 1490 ab
946 1447 1017 1490 his
1047 1447 1197 1490 decem
1227 1446 1408 1490 milibus
1438 1446 1537 1489 illos
1567 1445 1682 1489 solos

203 1519 434 1573 tamquam
455 1517 751 1574 expeditiores
770 1517 828 1560 ad
848 1517 965 1560 bella
985 1517 1200 1560 iudicium
1221 1517 1404 1560 Domini
1424 1516 1680 1575 praeelegit,

159 1585 189 1625 d
207 1586 283 1643 qui
307 1586 355 1628 in
385 1586 462 1629 siti
491 1601 573 1629 sua
601 1587 727 1630 uelut
756 1602 886 1630 canes
915 1586 1069 1647 festini
1099 1587 1350 1630 lamberant
1378 1602 1516 1630 manu
1546 1586 1604 1629 ad
1633 1601 1683 1630 os

204 1656 447 1713 proiciente
477 1671 627 1714 aquas,
653 1657 724 1700 his
754 1657 920 1701 relictis
951 1658 1028 1715 qui
1058 1658 1230 1701 deflexo
1260 1658 1428 1715 poplite
1458 1657 1679 1701 biberant.
1701 1678 1749 1702 πο,

203 1726 260 1768 In
291 1726 501 1770 trecentis
529 1727 682 1784 itaque
711 1727 822 1770 uiris
852 1727 974 1771 facta
1004 1730 1071 1771 est
1101 1728 1308 1771 liberatio
1337 1727 1504 1786 populi,
1533 1728 1682 1772 hostes

204 1796 331 1847 caesi,
352 1797 569 1853 captiuati
590 1813 728 1855 reges,
749 1800 795 1841 et
825 1797 1051 1842 interfecti
1081 1813 1173 1841 non
1202 1802 1297 1841 tam
1327 1799 1516 1842 militiae
1547 1813 1682 1856 quam

203 1866 401 1909 malitiae
430 1867 652 1925 principes
665 1882 674 1920 3
709 1868 1013 1926 percussitque
1043 1868 1182 1912 Zebee
1213 1872 1259 1912 et
1289 1868 1502 1912 Salmana
1530 1869 1579 1912 in
1609 1884 1684 1913 ore

204 1935 356 1992 gladii,
376 1939 422 1979 et
451 1937 559 1980 tulit
588 1941 849 1981 ornamenta
879 1941 925 1981 et
954 1938 1099 1982 bullas
1130 1939 1292 1996 quibus
1323 1939 1435 1983 colla
1465 1940 1683 1998 regalium

205 2007 469 2050 camelorum
507 2008 705 2051 decorari
739 2009 895 2062 solent,
926 2012 1189 2053 ornamenta
1219 2025 1394 2067 quoque
1424 2011 1609 2054 monilia
1638 2014 1684 2055 et
1705 2028 1756 2064 ²5-

204 2079 375 2119 uestem
401 2091 671 2134 purpuream
701 2079 863 2136 quibus
889 2094 1015 2137 reges
1042 2080 1226 2123 Madian
1255 2080 1325 2123 uti
1349 2084 1686 2133 consueuerant,

204 2146 377 2204 sibique
398 2147 452 2189 de
472 2150 602 2190 tanta
627 2149 794 2206 praeda
818 2149 934 2192 solas
960 2150 1139 2193 inaures
1169 2165 1326 2194 aureas
1352 2151 1686 2195 Ismaelitarum

208 2267 253 2293 10
270 2255 460 2303 ,mysteria
477 2256 581 2293 CBM
693 2268 735 2303 13
760 2258 963 2303 aprobaret
982 2258 1006 2294 S
1119 2270 1162 2305 14
1188 2259 1317 2296 cuntis
1334 2259 1397 2296 CA
1510 2262 1553 2299 16
1576 2273 1641 2300 xx.
1661 2261 1686 2299 S

209 2313 251 2349 17
278 2315 312 2340 x.
330 2303 397 2340 SM
549 2314 595 2351 27
621 2304 924 2342 ismahelitarum
942 2306 987 2343 S:
1013 2307 1329 2353 ysmahelitarum
1346 2308 1386 2344 M

254 2409 276 2443 4
300 2405 462 2435 cantores
478 2401 652 2436 aleatores
667 2405 732 2436 aut
748 2412 924 2446 aucupes:
949 2401 996 2438 de
1017 2401 1154 2447 quibus
1171 2414 1205 2438 v.
1223 2414 1338 2449 supra
1351 2402 1376 2439 i.
1395 2403 1428 2445 6,
1449 2411 1480 2450 5,
1499 2413 1536 2449 4.
1665 2414 1684 2452 5

206 2447 313 2483 istos:
341 2458 390 2483 sc.
409 2459 575 2494 aucupes,
593 2460 752 2493 quorum
768 2448 951 2494 Vegetius
968 2449 1010 2485 in
1026 2449 1098 2486 loc.
1115 2449 1219 2486 infra
1236 2450 1300 2487 cit.
1320 2451 1562 2490 mentionem
1578 2451 1684 2490 facit.

203 2496 400 2539 piscatores
416 2496 488 2531 etc.
505 2508 512 2530 :
539 2508 570 2532 v.
588 2496 722 2543 Veget.
741 2496 765 2532 i.
785 2505 815 2541 7.
961 2506 982 2542 7
1005 2500 1171 2543 ⁸amesia:
1197 2498 1221 2534 i.
1235 2510 1270 2535 e.
1287 2511 1494 2546 gynaecea.
1643 2512 1687 2538 10

206 2543 370 2578 Ieroboal
387 2545 476 2579 etc.:
501 2555 533 2579 v.
548 2543 663 2580 Iudic.
676 2544 736 2579 vii.
750 2555 879 2590 2seqq.
968 2547 1193 2591 fiyuralium
1206 2549 1390 2583 misteria:
1408 2548 1455 2584 de
1467 2548 1687 2595 figuralium

209 2590 397 2634 mysteriis
414 2590 457 2626 in
475 2589 665 2628 Gedeonis
681 2592 841 2628 historia
857 2591 1022 2629 inventis
1040 2594 1088 2629 cf.
1108 2594 1197 2630 Isid.
1215 2595 1333 2641 Allea.
1353 2597 1399 2640 76
1418 2595 1565 2643 (Migne
1581 2598 1623 2633 P.
1641 2599 1687 2635 L.

209 2634 354 2673 lxxxiii.
386 2638 465 2683 111)
492 2641 531 2674 et
555 2641 759 2676 Sermonem
783 2643 826 2676 de
855 2641 1015 2677 Gedeone
1040 2644 1081 2677 in
1107 2644 1228 2678 Nativ.
1254 2645 1417 2688 Domini,
1442 2643 1546 2682 inter
1570 2656 1689 2693 opera

210 2682 384 2729 Hugonis
402 2686 448 2722 de
468 2685 503 2722 S.
519 2686 672 2724 Victore
689 2687 915 2734 impressum
934 2689 989 2735 (P.
1007 2690 1050 2725 L.
1069 2690 1219 2728 clxxvii.
1241 2701 1332 2737 1092
1346 2693 1476 2738 seqq.).
1639 2705 1686 2741 23

205 2734 448 2786 percussitque
472 2736 564 2771 etc.:
597 2748 631 2772 v.
659 2735 776 2772 Iudic.
794 2735 872 2772 viii.
890 2747 946 2779 21,
966 2736 1033 2780 ubi
1057 2738 1190 2775 tamen
1213 2740 1395 2785 intevfecit
1416 2740 1534 2778 habet
1549 2739 1686 2788 Vulg.;

210 2780 252 2814 at
270 2790 379 2825 saepe
396 2792 436 2816 111
454 2781 586 2819 eodem
602 2782 699 2819 libro
716 2785 868 2820 exstant
880 2784 993 2820 verba
1004 2792 1262 2830 percusserunt
1278 2789 1320 2822 in
1336 2799 1396 2824 ore
1409 2790 1539 2834 yladii.
1639 2799 1684 2837 25

210 2833 422 2919 gruazenta
438 2830 508 2866 ete.
525 2843 534 2868 :
559 2842 591 2866 v.
613 2830 729 2867 Iudic.
748 2831 825 2867 viii.
845 2832 903 2869 26.
978 2841 1022 2877 27
1049 2834 1092 2868 de
1108 2838 1212 2871 tanta
1224 2837 1368 2881 praeda
1388 2838 1486 2873 etc.:
1512 2849 1544 2874 v.
1564 2837 1686 2876 Iudic.

235 2885 288 2908 111.
352 2901 361 2911 .

326 2949 368 2973 10
