1846 3262
130 227 232 263 car.
247 217 384 274 xxvl]
660 213 1108 260 POLICRATICVS
1654 213 1741 255 628
1760 223 1791 254 c

131 339 268 386 uenia
287 339 367 398 qui
386 354 469 397 pro
488 339 658 382 talibus
672 353 888 396 umquam
908 338 1029 396 apud
1044 352 1127 381 nos
1142 335 1418 380 interuenire
1437 337 1633 393 tempta·

131 411 296 454 uerint.
370 410 445 453 Ad
484 410 602 453 filias
635 425 742 453 sane
778 424 944 462 eorum,
978 408 1180 466 quolibet
1218 421 1407 450 numero
1447 405 1633 457 fuerint,

132 481 381 526 Falcidiam
397 484 579 524 tantum
595 495 651 524 ex
667 481 797 524 bonis
816 480 991 532 matris,
1003 479 1100 523 siue
1114 481 1283 522 testata
1298 477 1394 521 siue
1413 477 1634 520 intestata

132 551 361 604 defecerit,
381 552 591 596 uolumus
617 551 866 610 peruenire,
886 554 940 594 ut
966 550 1165 593 habeant
1191 549 1344 607 potius
1363 548 1632 592 mediocrem

93 639 117 676 9
133 622 255 666 filiae
289 622 550 666 alimoniam
585 637 721 680 quam
751 622 980 680 integrum
1011 620 1363 664 emolumentum
1393 622 1442 662 et
1468 633 1634 661 nomen

133 693 324 737 heredis.
385 693 543 737 Mitior
572 693 693 737 enim
722 693 840 737 circa
869 707 945 736 eas
976 691 1110 734 debet
1140 705 1235 733 esse
1265 689 1492 733 sententia
1521 703 1635 746 quas

132 777 217 822 pro
236 763 502 807 infirmitate
522 778 657 807 sexus
676 763 827 806 minus
847 777 1036 806 ausuras
1056 776 1151 805 esse
1170 760 1449 804 confidimus.

195 834 370 878 onres
396 849 503 878 sane
530 834 875 892 praedictorum,
891 834 1155 890 recuperata
1181 831 1297 882 dote,
1318 830 1357 874 si
1377 831 1426 873 in
1452 845 1505 874 ea
1530 844 1635 873 con-

136 903 310 948 ditione
334 904 509 948 fuerint
527 907 582 947 ut
602 918 716 962 quae
742 918 771 946 a
794 903 908 947 uiris
929 903 1065 946 titulo
1086 901 1342 946 donationis
1366 903 1636 958 acceperunt

75 995 121 1023 xo
136 975 244 1019 filiis
263 975 458 1019 debeant
478 989 708 1018 reseruare
728 977 930 1032 tempore
951 988 1040 1031 quo
1060 972 1348 1016 ususfructus
1368 971 1635 1022 absumitur,

135 1046 289 1089 omnia
317 1061 372 1089 ea
404 1047 511 1089 fisco
545 1048 700 1089 nostro
732 1059 779 1088 se
811 1044 1047 1088 relicturas
1082 1057 1178 1086 esse
1212 1045 1484 1100 cognoscant
1519 1056 1634 1099 quae

135 1115 270 1159 iuxta
295 1116 440 1175 legem
467 1116 574 1159 filiis
600 1115 907 1167 debebantur3
939 1113 1141 1157 Falcidia
1168 1113 1305 1156 etiam
1334 1127 1391 1156 ex
1416 1112 1472 1155 iis
1500 1112 1634 1155 rebus
1650 1111 1681 1154 d

135 1186 318 1230 filiabus
346 1190 540 1237 tantum,
570 1201 663 1230 non
692 1185 831 1230 etiam
862 1185 970 1228 filiis
1004 1184 1260 1242 deputetur.
1332 1182 1389 1225 Id
1424 1182 1543 1239 quod
1579 1182 1636 1225 de

25 1315 30 1317 ῃ
137 1257 380 1315 praedictis
420 1271 664 1314 eorumque
702 1256 810 1300 filiis
849 1255 1064 1306 cauimus,
1099 1254 1238 1298 etiam
1273 1252 1329 1296 de
1364 1252 1637 1296 satellitibus

78 1350 121 1385 15
137 1328 326 1372 consciis
344 1342 408 1372 uc
437 1327 659 1371 ministris
687 1326 882 1384 filiisque
912 1341 1067 1370 eorum
1096 1324 1234 1368 simili
1263 1324 1506 1368 seueritate
1535 1338 1636 1366 cen-

137 1413 301 1443 semus.
361 1398 493 1450 Sane,
526 1398 567 1442 si
599 1398 701 1456 quis
735 1413 794 1441 ex
829 1397 902 1441 his
936 1397 985 1440 in
1025 1396 1210 1440 exordio
1244 1395 1386 1439 initae
1425 1393 1637 1438 factionis

138 1469 291 1514 studio
319 1484 455 1513 uerae
483 1469 632 1512 laudis
661 1483 872 1512 accensus
898 1468 995 1526 ipse
1023 1466 1275 1525 prodiderit
1305 1465 1560 1516 factionem,
1591 1467 1639 1507 et

138 1540 340 1599 praemio
374 1555 403 1583 a
436 1540 567 1584 nobis
601 1543 648 1583 et
683 1540 852 1583 honore
887 1538 1145 1583 donabitur,
1203 1537 1253 1581 Is
1278 1551 1387 1580 uero
1417 1536 1495 1594 qui
1529 1549 1639 1578 usus

140 1611 283 1655 fuerit
297 1610 506 1662 factione,
517 1610 556 1654 si
567 1613 722 1654 tamen
736 1610 968 1668 incognita
983 1609 1131 1653 adhuc
1142 1608 1430 1652 consiliorum
1442 1606 1642 1649 archana

81 1706 127 1732 ιο
141 1682 419 1742 patefecerit,
438 1682 721 1726 absolutione
739 1684 922 1726 tantum
943 1684 990 1725 et
1009 1680 1145 1724 uenia
1164 1680 1330 1738 dignus
1350 1678 1604 1722 habebitur.

141 1826 251 1886 Cap.
274 1828 344 1872 26.
373 1826 503 1881 Qvod
518 1825 648 1870 uitia
658 1825 858 1883 ferenda
876 1826 989 1868 swnt
1008 1828 1093 1868 awt
1107 1822 1309 1867 tollenda
1329 1825 1371 1866 et
1390 1837 1422 1866 a
1433 1820 1640 1880 flagitiis

258 1898 438 1942 distant
448 1912 471 1949 ‚·
510 1901 550 1941 et
578 1895 818 1953 generalia
846 1895 1094 1955 quaedam·
1106 1894 1160 1938 de
1194 1893 1339 1951 officio
1363 1892 1605 1950 prinmpis
1616 1906 1639 1942 ,·

259 1973 299 2014 et
321 1968 474 2013 breuis
492 1967 698 2026 epiloyue
717 1970 899 2024 quanta
918 1966 979 2010 sit
998 1965 1042 2010 ei
1061 1964 1326 2009 reuerentia
1346 1962 1610 2008 exhibenda.

202 2075 329 2119 Haec
355 2073 537 2132 quidem
563 2087 708 2132 pauca
732 2072 789 2116 de
815 2071 974 2115 multis
1000 2072 1213 2128 excerpta
1239 2069 1295 2113 de
1322 2069 1496 2112 sincera
1521 2083 1640 2111 uena
1656 2067 1747 2116 629
1766 2076 1799 2106 a

81 2169 125 2205 ²5
143 2146 258 2191 iuris
275 2145 503 2204 praesenti
526 2143 741 2202 opusculo
766 2142 922 2187 curaui
942 2142 1151 2193 inserere,
1171 2156 1261 2199 quo
1285 2144 1332 2184 et
1357 2140 1471 2183 iuris
1490 2139 1640 2198 ignari

144 2232 174 2262 a
187 2216 438 2261 maiestatis
453 2215 640 2259 crimine
654 2214 823 2272 seipsos
842 2213 1021 2271 longius
1041 2215 1304 2256 amouerent
1323 2211 1396 2254 his
1415 2210 1641 2267 inspectis,

145 2291 193 2332 et
218 2302 276 2331 ne
296 2286 535 2345 quisquam
558 2285 780 2343 meipsum
807 2283 1140 2341 calumpnietur
1165 2282 1215 2325 in
1242 2282 1394 2339 aliquo
1424 2280 1642 2323 aduersus

142 2357 462 2403 auctoritatem
484 2355 701 2413 principis
724 2354 956 2412 quippiam
980 2352 1344 2411 praesumpsisse.
1404 2351 1506 2394 Dici
1526 2350 1642 2394 solet

143 2428 253 2487 quia
286 2427 383 2471 sine
417 2426 585 2469 lesione
618 2425 842 2483 unguium
871 2439 963 2468 non
993 2423 1125 2467 facile
1156 2424 1417 2466 remouetur
1446 2420 1583 2464 robur
1613 2435 1642 2464 a

77 2520 127 2558 ,30
144 2498 328 2551 subere3
358 2496 437 2540 sed
464 2495 610 2539 multo
633 2494 821 2552 aequius
847 2497 895 2538 et
920 2494 1055 2538 citius
1084 2493 1254 2536 leditur
1284 2491 1487 2549 quisquis
1516 2491 1642 2534 obse-

145 2569 303 2629 quium
349 2567 653 2610 membrorum
696 2564 896 2623 seiungit
940 2579 970 2607 a
1012 2563 1172 2621 capite.
1251 2562 1419 2620 Vigeat
1467 2575 1645 2619 semper

149 2703 192 2730 12
216 2691 279 2729 his
293 2690 371 2727 AM
552 2698 598 2726 22
623 2687 772 2725 distent
787 2686 822 2722 A
1005 2695 1051 2731 23
1077 2682 1297 2722 reuerentia
1312 2681 1349 2720 ei
1367 2682 1410 2718 M
1594 2692 1642 2729 29

145 2739 263 2779 facile
280 2751 349 2777 om.
364 2737 414 2774 Al

196 2864 218 2900 7
244 2853 336 2891 Post
350 2852 571 2897 confidimus
586 2847 775 2896 quaedam
790 2844 1052 2895 praetermisit
1069 2843 1246 2882 Ioannes.
1360 2853 1406 2890 13
1429 2843 1645 2889 deputetur:

147 2905 322 2951 deputata
339 2900 430 2938 eod.

1488 2968 1532 3007 77
