1846 3262
75 227 162 276 596
179 223 208 265 d
552 221 815 268 IOANNIS
856 217 1378 266 SARESBERIENSIS
1529 215 1644 275 [ΜΒ.
1658 225 1710 261 vt

225 407 334 466 Cap.
351 417 390 464 5.
420 408 522 451 Duo
542 422 626 451 esse
639 405 896 464 praecipua
919 419 1035 461 quae
1053 403 1251 447 ‘militem
1260 402 1470 460 faciunt,
1489 400 1710 445 delectum

666 476 831 520 scilicet
851 480 889 519 et
911 478 1268 519 sacramentum.

87 556 106 602 Β
282 579 353 623 Ne
377 594 449 623 me
475 582 627 622 tamen
653 581 784 636 putes
808 576 1030 620 inimicari
1060 575 1250 619 militiae
1280 577 1326 618 et
1354 573 1472 618 uitia
1500 587 1707 631 persona-

224 665 324 694 rum
368 650 417 692 in
457 649 600 692 officia
639 651 906 705 retorquere,
948 661 1030 705 ego
1069 645 1369 704 patrocinium
1414 645 1509 688 eius
1549 643 1707 701 quouis

221 720 442 763 renitente
471 718 664 776 suscipio
695 720 741 761 et
770 732 868 761 eam
901 720 1081 761 auctore
1112 715 1306 759 Domino
1336 714 1706 758 sufficientissime
1724 724 1744 759 ⁵

222 790 451 834 excusabo.
512 788 734 832 Professio
760 803 954 845 namque
978 790 1074 830 tam
1104 785 1344 830 laudabilis
1374 787 1443 828 est
1467 799 1601 842 quam
1630 799 1706 827 ne-

221 860 422 911 cessaria,
443 861 489 903 et
516 873 650 916 quam
676 873 807 902 nemo
834 858 1092 916 uituperare
1119 859 1268 914 potest
1299 855 1426 899 salua
1455 854 1707 899 reuerentia

221 929 306 973 Dei
345 945 374 973 a
417 943 506 987 quo
552 931 621 972 est
666 928 890 972 instituta.
970 927 1148 971 Veteris
1187 925 1485 970 Instrumenti
1525 924 1706 968 reuolue

168 999 381 1061 &seriem
411 1002 457 1042 et
485 998 687 1042 inuenies
717 998 783 1042 ita
813 1013 907 1042 esse
936 1000 990 1041 ut
1019 997 1130 1041 dico.
1190 996 1344 1040 Nichil
1374 995 1493 1040 enim
1523 995 1580 1038 ad
1610 1009 1704 1039 rem

76 1079 158 1121 597
177 1081 207 1110 a
223 1069 399 1122 attinet,
439 1068 476 1112 si
517 1068 594 1112 isti
633 1069 1003 1126 praeuaricantur
1042 1067 1253 1125 quoniam
1299 1066 1362 1110 eis
1402 1065 1477 1109 lex
1516 1065 1704 1108 militiae
1723 1084 1766 1110 10

222 1139 369 1196 posita
395 1153 485 1181 non
513 1141 592 1189 est,
611 1152 692 1181 nec
716 1138 878 1195 aliquis
903 1152 1069 1191 eorum,
1089 1140 1143 1181 ut
1168 1139 1287 1180 recte
1310 1136 1556 1193 loquamur,
1577 1135 1704 1179 miles

222 1211 300 1251 est.
361 1207 478 1266 Lege
497 1208 635 1252 libros
655 1211 750 1252 tam
770 1207 1086 1252 ecclesiasticos
1106 1222 1241 1264 quam
1268 1205 1519 1249 mundanos
1541 1205 1703 1263 quibus

221 1277 375 1334 agitur
398 1277 452 1320 de
479 1292 527 1320 re
550 1278 761 1331 militari3
791 1280 837 1321 et
862 1276 1100 1320 manifeste
1126 1275 1329 1319 inuenies
1352 1275 1441 1318 duo
1466 1290 1559 1319 esse
1590 1290 1703 1332 quae

223 1347 412 1390 militem
437 1346 621 1399 faciunt,
641 1347 899 1391 electionem
920 1347 1087 1391 scilicet
1107 1349 1153 1390 et
1174 1348 1514 1389 sacramentum.
1578 1344 1702 1390 Haec

223 1417 342 1460 enim
363 1417 451 1460 duo
471 1417 722 1460 communia
742 1420 849 1460 sunt
868 1417 938 1459 his
959 1417 1036 1474 qui
1057 1416 1336 1474 spiritualem
1357 1419 1403 1458 et
1429 1415 1700 1472 corporalem
1721 1434 1762 1470 15

222 1486 430 1529 militiam
462 1489 680 1530 exercent.
752 1486 849 1530 Hos
884 1487 1003 1530 enim
1039 1486 1096 1529 ad
1130 1485 1430 1529 ministerium
1465 1485 1621 1528 altaris
1656 1488 1703 1530 et

220 1555 392 1599 cultum
422 1556 628 1600 ecclesiae
657 1559 790 1600 uocat
818 1556 975 1614 lingua
1003 1555 1239 1613 pontificis,
1267 1555 1367 1598 illos
1396 1554 1455 1598 ad
1483 1554 1701 1599 defensio—

221 1640 322 1668 nem
348 1626 412 1669 rei
440 1626 642 1683 publicae
672 1625 799 1683 eligit
826 1625 982 1683 lingua
1008 1625 1145 1669 ducis.
1205 1625 1274 1668 De
1294 1624 1456 1682 quibus
1476 1624 1629 1668 officiis
1657 1628 1703 1669 et

220 1694 327 1739 locis
348 1695 500 1752 quales
520 1698 566 1739 et
586 1696 780 1753 qualiter
799 1696 856 1739 ad
877 1696 1146 1739 alterutrum
1166 1695 1359 1739 officium
1384 1694 1577 1752 eligendi
1597 1695 1700 1749 sint,

219 1765 439 1808 maiorum
459 1766 625 1824 scripta
645 1766 885 1810 declarant.
926 1765 1026 1817 Sed,
1043 1766 1150 1823 quia
1169 1780 1288 1809 nunc
1308 1765 1518 1808 secularis
1538 1765 1701 1810 militia
1719 1784 1763 1810 20

219 1839 427 1879 uersatur
450 1836 498 1879 in
525 1837 742 1890 manibus,
768 1836 842 1880 uel
861 1837 1076 1895 Vegetius
1103 1836 1304 1879 Renatus
1330 1850 1465 1892 super
1488 1835 1701 1880 electione

220 1906 415 1949 militum
450 1906 671 1950 audiatur.
731 1907 813 1950 Ait
846 1922 974 1965 ergo:
1013 1906 1070 1949 In
1109 1906 1192 1950 hoc
1226 1906 1368 1949 totius
1398 1905 1463 1948 rei
1498 1906 1701 1963 publicae

175 1978 204 2017 b
221 1975 341 2018 salus
360 1976 567 2027 uertitur,
587 1979 640 2020 ut
663 1977 832 2020 tirones
858 1992 949 2020 non
970 1979 1150 2020 tantum
1177 1975 1435 2033 corporibus
1462 1976 1539 2019 sed
1564 1977 1700 2020 etiam

221 2045 382 2088 animis
411 2046 783 2103 praestantissimi
812 2047 1077 2105 delegantur
1089 2061 1099 2100 ;
1134 2046 1253 2089 uires
1282 2046 1410 2104 regni
1431 2048 1478 2089 et
1507 2046 1699 2091 Romani

220 2115 412 2159 nominis
456 2115 799 2159 fundamentum
840 2117 888 2159 in
934 2117 1080 2174 prima
1125 2116 1323 2160 delectus
1369 2116 1698 2161 examinatione
1716 2133 1759 2169 ²⁵

218 2185 478 2229 consistunt.
558 2185 652 2230 Nec
692 2186 790 2230 leue
829 2186 912 2230 hoc
950 2189 1137 2244 putetur
1176 2186 1368 2229 officium
1408 2189 1489 2230 aut
1532 2187 1698 2244 passim

220 2255 570 2313 quibuscumque
599 2256 915 2308 mandandum,
946 2257 1065 2314 quod
1094 2257 1215 2314 apud
1244 2259 1419 2299 ueteres
1455 2256 1575 2300 inter
1602 2259 1697 2300 tam

218 2325 347 2368 uaria
379 2340 543 2383 genera
576 2326 800 2370 uirtutum
840 2328 1075 2385 praecipue
1114 2330 1291 2371 constat
1326 2341 1420 2370 esse
1452 2327 1699 2373 laudatum.

219 2394 439 2439 quentus
478 2396 609 2447 enim,
654 2396 726 2440 cui
774 2396 974 2441 defensio
1017 2397 1350 2454 prouinciarum
1396 2397 1612 2449 imminet,
1651 2401 1697 2442 et

217 2465 415 2509 moribus
449 2465 662 2509 excellere
694 2466 826 2515 debet
861 2470 907 2510 et
945 2467 1131 2525 uiribus.
1192 2467 1417 2511 Honestas
1449 2467 1568 2510 enim
1602 2468 1695 2512 ido-
1713 2484 1759 2517 30

216 2549 350 2578 neum
379 2536 568 2579 militem
598 2536 747 2580 reddit
776 2540 822 2580 et
851 2538 1131 2591 uerecundia,
1152 2537 1260 2581 dum
1290 2537 1499 2595 prohibet
1528 2537 1696 2596 fugere,

218 2645 239 2681 8
266 2657 340 2691 qua
356 2646 397 2682 M
529 2656 570 2694 15
598 2646 776 2684 comunia
793 2646 817 2683 S
951 2649 994 2685 18
1020 2650 1060 2685 et
1077 2649 1241 2684 inserui:
1273 2660 1342 2685 om.
1362 2647 1528 2685 OBASM
1649 2660 1693 2697 23

217 2695 369 2739 tyrones
385 2694 418 2730 A

263 2802 307 2827 22
332 2793 382 2827 In
399 2793 463 2829 hoc
477 2795 585 2829 totius
603 2795 677 2830 etc.
694 2807 702 2829 τ
727 2805 760 2829 v.
777 2793 913 2841 Veget.
932 2793 957 2829 i.
977 2803 1009 2838 7.
1165 2796 1210 2832 28
1229 2796 1449 2841 praecipue:
1475 2796 1517 2831 in
1533 2796 1693 2834 Sertorio

207 2841 405 2885 praecipue
432 2841 549 2877 habet
575 2841 768 2888 Vegetius.
916 2852 974 2887 29.
1002 2852 1049 2887 30
1083 2847 1116 2877 et
1147 2844 1308 2878 moribus
1335 2844 1504 2879 excellere
1535 2845 1633 2880 debet
1659 2850 1693 2882 et

215 2888 377 2922 uiribus:
403 2887 527 2925 Verba
543 2888 696 2936 Vegetii
712 2889 754 2925 in
771 2888 1042 2936 compendium
1059 2890 1208 2938 redegit
1225 2890 1400 2928 Ioannes.

329 2958 370 2992 16
