1846 3262
46 242 138 290 609
156 240 186 280 b
535 235 799 282 IOANNIS
841 232 1361 279 SARESBERIENSIS
1507 231 1623 293 [ΜΒ.
1639 241 1691 274 Ἦ

205 374 322 404 naue
352 359 508 404 euasit.
566 359 729 402 Fertur
758 357 876 401 enim
907 355 1025 414 quod
1055 354 1189 399 duces
1219 355 1444 399 exercitus
1474 355 1571 398 eius
1600 368 1692 397 non

206 430 486 474 consueuerit
504 444 609 487 prae
629 427 919 471 multitudine
938 426 1072 469 aliter
1091 439 1328 468 numerare
1344 440 1480 482 quam
1500 423 1692 483 singulis

205 500 308 543 telis
346 499 533 557 receptis
572 514 599 542 a
638 497 836 555 singulis,
876 499 929 539 ut
969 511 1025 539 ex
1065 510 1252 538 numero
1291 495 1485 538 telorum
1525 495 1692 538 ducum

206 585 381 627 quoque
410 584 620 612 numerus
649 570 889 611 teneretur.
950 566 1032 610 Est
1061 569 1213 609 autem
1243 565 1339 608 dux
1370 579 1692 623 usquequaque

206 640 380 683 inutilis
406 639 526 697 apud
556 653 686 696 quem
712 637 947 695 disciplina
976 651 1067 680 non
1094 636 1244 694 uiget;
1276 638 1322 679 et
1346 635 1520 679 frustra
1539 638 1692 694 sperat
1711 649 1731 684 5

205 710 439 754 uictoriam
492 709 568 766 qui
614 709 787 751 animos
829 722 1077 765 manusque
1123 706 1322 750 militum
1370 706 1550 750 assidue
1599 721 1693 750 non

205 783 393 824 exercet.
453 780 583 823 Miles
622 779 798 823 subitus
837 778 987 822 subito
1020 777 1186 821 deserit
1220 777 1379 821 ducem
1411 779 1458 820 et
1492 776 1693 820 laborem

206 850 322 893 ferre
361 865 452 894 non
491 850 686 893 sustinet
726 865 859 907 quem
899 849 1140 893 continuus
1179 863 1270 892 non
1311 847 1514 892 exercuit
1553 847 1691 892 labor.

206 919 381 965 Cesaris
400 920 600 964 animum
620 920 784 963 fiducia
804 920 1035 963 roborauit
1056 919 1175 977 quod
1202 919 1244 963 ei
1265 933 1336 962 res
1355 921 1454 962 erat
1474 918 1693 963 aduersus

205 991 394 1034 militem
425 991 625 1034 subitum
657 991 903 1048 ducemque
937 990 1173 1034 emeritum
1205 993 1252 1034 et
1286 989 1365 1047 qui
1399 989 1534 1047 longa
1569 989 1692 1047 pacis
1712 1003 1755 1029 ιο

207 1061 355 1119 quiete
382 1061 654 1105 dedidicerat
677 1061 848 1106 ducem.
907 1061 997 1105 Sed
1021 1064 1067 1105 et
1093 1061 1172 1105 ubi
1198 1060 1390 1105 uictoria
1416 1060 1693 1118 desperatur,

166 1144 192 1174 c
208 1132 265 1174 ad
301 1147 424 1189 spem
459 1132 686 1176 uindictae
720 1132 959 1191 erigendus
990 1135 1060 1176 est
1098 1133 1288 1176 animus.
1350 1131 1434 1175 Est
1467 1131 1588 1175 enim
1624 1131 1694 1174 in-

204 1202 383 1245 terdum

381 1303 472 1332 una
501 1289 622 1333 salus
650 1289 784 1334 uictis
812 1289 983 1333 nullam
1013 1305 1192 1348 sperare
1222 1290 1426 1344 salutem,

207 1384 254 1425 et
273 1384 326 1424 ut
346 1396 392 1425 se
412 1382 603 1426 uictores
622 1385 785 1440 putent
804 1383 842 1426 si
859 1383 936 1440 qui
956 1398 1047 1427 non
1067 1384 1320 1427 moriantur
1338 1383 1485 1427 inulti.
1537 1383 1692 1443 Magni
1713 1402 1754 1438 15

206 1466 399 1509 namque
438 1453 636 1496 muneris
667 1453 762 1497 loco
797 1456 865 1497 est
899 1454 1055 1497 satiari
1090 1454 1284 1508 ultione3
1329 1457 1376 1498 et
1407 1454 1693 1513 dispendium

206 1522 329 1565 uitae
370 1521 596 1566 uindictae
635 1523 796 1567 solatio
827 1525 1114 1582 compensari.
1187 1525 1336 1569 Facile
1380 1525 1570 1569 assumit
1610 1540 1692 1583 pu-

206 1592 374 1650 gnandi
419 1593 729 1637 necessitatem
774 1594 846 1638 cui
892 1594 1097 1654 fugiendi
1141 1596 1391 1654 imponitur
1439 1595 1690 1641 difficultas.

205 1662 477 1706 Audaciores
510 1667 618 1707 sunt
657 1664 735 1722 qui
773 1664 941 1708 bellum
977 1665 1182 1709 inferunt
1216 1670 1262 1710 et
1294 1681 1425 1724 saepe
1459 1667 1550 1719 alii,
1581 1667 1690 1711 dum

205 1732 390 1775 honeste
423 1732 703 1791 uiriliterque
735 1735 849 1778 mori
879 1736 1079 1794 cupiunt,
1110 1736 1302 1781 feliciter
1334 1737 1535 1782 uincunt.
1595 1737 1689 1782 Au·
1710 1754 1754 1780 πο

205 1801 361 1846 dentes
400 1818 594 1861 namque
633 1804 835 1848 Fortuna
874 1805 1004 1849 iuuat
1043 1810 1101 1859 et,
1140 1810 1194 1851 ut
1233 1822 1412 1866 pugnae
1451 1807 1691 1853 discrimen

205 1872 422 1924 imminet,

438 1965 677 2024 degeneres
706 1968 879 2013 animos
907 1969 1044 2013 timor
1073 1971 1238 2030 arguit,

159 2064 187 2104 d
205 2071 292 2114 quo
331 2057 470 2102 nichil
510 2059 850 2118 ignominiosius
889 2066 958 2107 est
997 2064 1068 2108 his
1109 2065 1187 2123 qui
1222 2080 1386 2110 nomen
1419 2069 1465 2110 et
1495 2066 1690 2111 officium

203 2127 390 2171 militiae
410 2129 689 2186 profitentur.
749 2131 947 2177 Timidos
974 2149 1168 2193 namque
1192 2136 1458 2194 grauissime
1478 2137 1554 2182 lex
1573 2138 1689 2182 mili·
1711 2157 1757 2193 ²5

202 2197 313 2240 taris
333 2199 544 2255 percellit.

200 2337 231 2380 d
260 2267 398 2381 Duci¹⁵
417 2283 592 2327 quoque
630 2271 680 2314 in
719 2287 767 2316 re
807 2273 994 2318 militari
1033 2275 1377 2335 diligentissime
1421 2293 1693 2337 praecauen-

232 2352 309 2380 um
329 2352 376 2381 es

318 2446 376 2475 ne
405 2431 558 2476 Venus
587 2436 634 2478 et
663 2434 821 2479 uinum
849 2439 1102 2496 pugnantia
1131 2443 1314 2499 pectora
1343 2441 1574 2502 frangant.

202 2592 251 2617 20
274 2581 437 2628 cupiunt
453 2582 550 2620 mori
566 2583 613 2620 Al

254 2716 298 2742 10
322 2708 428 2753 lonqa
445 2710 539 2763 etc:
564 2722 597 2747 v.
616 2710 706 2748 Luc.
725 2713 855 2750 Phara.
872 2713 900 2752 i.
923 2724 1002 2761 130,
1023 2726 1102 2763 131.
1300 2729 1344 2766 14
1368 2733 1447 2757 una
1465 2723 1569 2759 salm
1590 2724 1691 2761 etc.:

201 2751 314 2800 Verg.
333 2757 425 2793 Aen.
442 2757 482 2794 1i.
503 2767 583 2804 354.
686 2769 725 2807 15
753 2764 964 2799 moriantur
972 2765 1086 2800 inulti
1097 2778 1106 2801 ε
1131 2778 1165 2802 v.
1180 2766 1272 2805 Hor.
1284 2769 1361 2806 Sat.
1378 2768 1420 2806 ii.
1437 2771 1469 2806 8.
1487 2780 1546 2817 34.
1644 2781 1689 2810 21

201 2803 386 2839 Audentes
401 2805 568 2842 Fortuna
585 2808 692 2843 iuuat
709 2821 717 2844 :
743 2808 856 2856 Verg.
876 2812 968 2848 Aen.
985 2823 1020 2848 x.
1039 2814 1120 2858 284.
1314 2827 1359 2862 23
1385 2819 1575 2864 deyeneres
1590 2821 1665 2857 etc.
1680 2833 1692 2858 z

203 2849 314 2906 Verg.
332 2852 422 2887 Aen.
442 2851 490 2888 iv.
513 2864 566 2899 13.
679 2865 726 2902 29
750 2868 795 2891 ne
818 2859 938 2896 Venus
954 2861 1052 2898 etc.:
1078 2873 1112 2899 v.
1129 2861 1194 2900 Ov.
1211 2864 1313 2901 Fast.
1333 2863 1359 2901 i.
1377 2875 1444 2912 301
1465 2868 1551 2904 Non
1570 2869 1692 2906 Venus

202 2902 235 2933 et
252 2910 384 2934 umam
399 2901 571 2937 sublimia
581 2908 730 2949 pectora
737 2906 869 2951 sreyoe't.

314 2971 357 3024 ,38
