1846 3262
100 244 181 294 782
201 254 227 285 c
572 244 837 290 IOANNIS
878 244 1395 291 SARESBERIENSIS
1490 246 1610 308 [ΜΒ.
1627 259 1721 293 vnt

194 366 223 407 d
242 366 484 425 plurimum
505 366 697 410 Domino
717 366 1011 424 germinabat.
1062 367 1154 410 Alii
1171 367 1350 424 quidem
1365 369 1460 412 sine
1475 369 1721 428 Euangelio

240 438 295 481 de
335 437 580 495 Euangelio
618 437 795 488 uiuunt,
829 439 878 480 et
912 437 1024 480 bene
1056 437 1094 481 si
1129 438 1296 481 uiuunt
1329 441 1507 482 tantum
1540 442 1595 483 ut
1627 455 1718 483 non

239 509 374 551 etiam
414 508 712 551 luxurientur.
793 507 890 551 Hos
929 507 1010 551 uix
1049 510 1375 552 mercennarios
1414 503 1605 553 dixerim
1641 510 1718 567 qui

236 594 326 622 non
347 579 554 622 laborant
572 582 626 622 ut
645 577 917 622 manducent
943 578 1020 621 sed
1041 578 1136 621 sine
1156 578 1306 622 labore
1327 594 1417 623 non
1437 580 1718 632 manducare,

234 648 354 705 quod
393 648 671 692 necessitatis
711 651 790 699 est,
822 648 899 691 sed
931 648 1064 691 otiari
1101 651 1147 691 et
1186 648 1407 692 luxuriari
1447 649 1716 693 desiderant.
1737 663 1756 698 5

236 718 456 761 Omnibus
496 718 675 775 quidem
717 717 795 776 qui
842 718 1034 776 pastoris
1081 722 1288 762 exercent
1330 719 1523 763 officium
1569 720 1718 777 gratia

233 788 422 832 debetur
441 792 487 832 et
506 789 781 841 reuerentia3
818 791 863 832 et
891 788 969 846 qui
990 788 1221 833 Christum
1242 803 1520 846 quacumque
1544 789 1717 833 ratione

232 859 506 902 annuntiant
536 862 582 902 et
605 859 779 902 lucrum
807 859 994 911 faciunt,
1024 874 1125 902 cum
1156 874 1238 902 sua
1267 862 1419 902 tamen
1449 862 1495 903 et
1520 874 1603 917 pro
1632 874 1715 903 sua

232 929 444 981 utilitate,
476 929 727 972 animarum
761 929 1016 987 pastoribus
1056 931 1102 973 et
1137 929 1295 972 salutis
1335 929 1716 987 dispensatoribus

232 1002 546 1057 aggregentur,
570 999 748 1057 sintque
772 999 915 1050 amici,
944 1000 1036 1043 sint
1066 1002 1112 1043 et
1141 1000 1430 1050 uenerabiles,
1459 1002 1504 1043 et
1533 1001 1715 1057 patrum
1737 1015 1780 1039 ιο

233 1069 430 1113 letentur
469 1070 658 1122 honore3
702 1070 786 1113 etsi
818 1070 1111 1114 mercennarii
1147 1072 1265 1123 sunt,
1294 1069 1494 1114 mercede
1529 1084 1611 1113 sua
1645 1085 1716 1114 me

232 1155 477 1198 numquam
511 1140 815 1198 priuabuntur
848 1143 1041 1185 auctore.
1100 1140 1284 1183 Vtinam
1325 1141 1386 1184 sit
1420 1141 1468 1183 in
1502 1140 1603 1184 istis
1637 1140 1716 1198 qui

232 1210 420 1254 uerbum
461 1210 545 1254 Dei
580 1210 802 1268 loquatur,
838 1211 915 1268 qui
948 1211 1122 1254 edificet
1158 1210 1398 1255 Ecclesiam
1431 1210 1516 1254 Dei
1547 1211 1620 1254 uel
1656 1210 1715 1254 ad

84 1279 165 1329 783
186 1291 216 1320 a
231 1279 418 1325 lucrum.
478 1280 583 1324 Non
603 1280 784 1324 inuideo
803 1280 937 1332 lucro,
959 1281 996 1324 si
1023 1296 1158 1339 opera
1186 1281 1432 1326 antecedat.
1491 1281 1580 1335 Qui
1605 1296 1711 1325 uero

231 1351 293 1394 sic
323 1351 502 1394 inhiant
531 1351 666 1394 lucris
697 1354 750 1394 ut
784 1366 897 1408 quae
928 1350 1098 1395 Christi
1133 1354 1241 1394 sunt
1273 1351 1485 1395 uniuersa
1516 1354 1710 1395 contem·
1734 1367 1774 1402 15

228 1423 384 1479 pnant,
400 1421 484 1464 etsi
499 1435 579 1464 nec
595 1421 771 1464 heresin
786 1421 975 1464 doceant
994 1435 1074 1464 nec
1094 1421 1454 1465 contentionibus
1470 1421 1711 1465 Ecclesiam

230 1491 449 1541 scindant,
464 1506 544 1534 nec
560 1491 752 1548 pastoris
764 1506 845 1534 nec
859 1490 1151 1534 mercennarii
1172 1491 1297 1548 digni
1318 1494 1425 1534 sunt
1444 1506 1524 1535 nec
1545 1492 1711 1535 honore

227 1575 309 1604 nec
329 1561 520 1604 nomine.
580 1559 684 1604 Non
704 1561 861 1619 loquor
881 1561 936 1604 de
956 1561 1128 1619 legatis.
1182 1561 1423 1605 Ecclesiam
1444 1562 1705 1615 Romanam,

230 1645 344 1687 quae
370 1645 532 1688 parens
561 1633 741 1674 auctore
771 1631 867 1674 Deo
897 1634 943 1674 et
971 1631 1198 1674 nutricula
1227 1631 1331 1674 fidei
1362 1634 1408 1675 et
1437 1646 1611 1675 morum
1642 1635 1712 1676 est

229 1702 275 1743 et
295 1715 385 1743 non
409 1702 557 1758 potest
584 1701 642 1743 ab
665 1701 844 1744 homine
871 1701 1059 1745 iudicari
1081 1705 1127 1745 et
1147 1701 1275 1760 argui
1297 1701 1447 1744 celesti
1468 1701 1706 1759 priuilegio
1731 1719 1774 1744 πο

229 1770 415 1821 munita,
451 1770 654 1828 relinquo
689 1771 932 1824 intactam3
976 1786 1059 1815 nec
1093 1772 1213 1815 enim
1247 1771 1456 1815 credibile
1489 1775 1557 1815 est
1588 1773 1709 1830 quod

229 1856 282 1884 ea
320 1841 597 1884 committere
636 1844 926 1898 praesumant
963 1842 1037 1885 uel
1077 1842 1330 1900 dignentur,
1368 1857 1481 1900 quae
1516 1843 1571 1886 de
1610 1843 1709 1887 iure

227 1911 465 1968 gentilium
505 1911 554 1953 in
593 1911 873 1968 praesidibus
912 1912 1246 1969 prouinciarum
1279 1914 1325 1955 et
1358 1912 1707 1970 proconsulibus,

227 1980 275 2023 id
321 1983 388 2024 est
429 1980 590 2038 legatis
632 1980 821 2034 Cesaris,
864 1984 1041 2025 constat
1081 1996 1175 2025 esse
1218 1981 1386 2026 illicita.
1458 1982 1559 2036 Qua
1599 1990 1718 2027 uero'

227 2049 508 2107 impudentia
546 2051 628 2094 hoc
668 2053 938 2108 attemptare
985 2051 1150 2094 audeat
1193 2051 1437 2109 discipulus
1480 2051 1706 2104 Crucifixi,
1730 2065 1773 2100 ²5

180 2124 212 2164 b
229 2120 423 2163 uicarius
454 2120 587 2172 Petri,
617 2123 771 2178 pastor
805 2121 1069 2174 animarum,
1100 2122 1218 2179 quod
1249 2122 1432 2180 uigente
1459 2122 1707 2166 infidelium

228 2190 464 2248 disciplina
495 2191 690 2234 uicarius
730 2191 1011 2248 imperatoris
1046 2191 1130 2234 sub
1166 2191 1306 2235 officio
1343 2192 1535 2236 consulis
1565 2196 1712 2237 rector

227 2274 462 2317 corporum
492 2275 773 2318 praesumere
803 2276 893 2304 non
924 2261 1148 2305 audebat?
1209 2261 1329 2304 Pena
1359 2262 1708 2319 repetundarum

231 2363 265 2400 1,
284 2364 306 2390 2
332 2353 560 2401 euuangelio
578 2355 610 2390 A
627 2356 681 2390 bis
831 2363 876 2390 10
899 2356 1132 2402 agregentur
1145 2354 1206 2391 As
1364 2365 1419 2396 11,
1445 2365 1487 2391 12
1513 2367 1709 2402 nunquam

228 2413 290 2438 me
306 2401 365 2437 As
512 2403 555 2438 16
581 2401 667 2449 etsi]
684 2404 724 2439 et
740 2401 794 2439 sic
815 2402 923 2438 ΒΑΜ
1066 2414 1108 2440 21
1137 2401 1365 2440 incredibile
1383 2401 1505 2439 CBAS

276 2499 298 2525 2
322 2491 365 2525 de
381 2490 586 2534 Euanyelio
602 2491 763 2525 uiuunt:
787 2501 821 2524 v.
843 2499 858 2525 1
880 2489 962 2525 Cor.
980 2488 1031 2526 ix.
1052 2499 1107 2534 14.
1272 2500 1303 2535 3,
1322 2500 1346 2534 4
1369 2491 1434 2536 qui
1451 2502 1526 2526 non
1542 2490 1711 2526 laborant

225 2541 268 2572 ut
284 2538 522 2573 manducent:
548 2536 596 2573 cf.
615 2547 635 2572 2
654 2537 780 2573 Thess.
798 2536 852 2572 iii.
872 2548 925 2574 10.
1025 2546 1045 2581 7
1071 2538 1221 2573 debetur
1234 2540 1455 2574 reuerentia:
1481 2550 1515 2575 v.
1533 2537 1612 2575 Iuv.
1630 2539 1707 2574 Sat.

226 2583 302 2621 xiv.
318 2594 376 2630 47.
503 2586 568 2631 qui
588 2586 772 2620 Christum
789 2586 863 2621 etc.
878 2598 886 2620 :
910 2597 941 2621 v.
961 2584 1131 2631 Philipp.
1149 2584 1173 2620 i.
1196 2586 1249 2622 18.
1374 2595 1417 2631 14
1443 2587 1515 2630 Qui
1529 2596 1615 2622 uero
1632 2587 1708 2622 etc.

228 2643 346 2678 usque
364 2631 411 2667 ad
428 2635 571 2668 nomine
587 2631 628 2667 in
646 2632 727 2669 cod.
745 2632 773 2668 C
791 2631 911 2668 minio
928 2631 1077 2670 notavit
1093 2632 1294 2669 Parkerus.
1438 2644 1485 2669 20
1507 2645 1582 2669 non
1593 2638 1710 2679 potest

227 2681 275 2716 ab
290 2681 435 2716 homine
451 2682 630 2716 iudicari:
654 2679 763 2716 iuxta
779 2680 1007 2716 sententiam
1021 2691 1150 2717 eorum
1163 2680 1243 2726 qui,
1255 2681 1300 2716 ut
1317 2680 1448 2725 fertur,
1462 2680 1512 2716 ad
1525 2680 1709 2717 Marcelli-

229 2739 321 2763 num
350 2739 491 2774 papam
520 2727 702 2764 dixerunt
727 2729 856 2763 Prima
883 2730 983 2763 sedes
1009 2740 1080 2764 non
1111 2729 1337 2764 iudicabitur
1359 2741 1383 2764 a
1410 2740 1598 2775 quoquam.
1650 2727 1707 2765 De

229 2775 360 2811 fabula
382 2774 468 2820 ista,
485 2787 601 2821 quam
626 2775 743 2812 refert
770 2775 949 2811 Nicolaus
975 2775 992 2810 I
1016 2787 1118 2822 papa
1144 2775 1185 2811 in
1210 2775 1375 2823 epistola
1402 2777 1451 2813 ad
1479 2775 1707 2812 Michaelem

227 2822 501 2869 imperatorem
524 2835 556 2859 a.
580 2824 647 2870 865
669 2822 782 2859 missa
801 2823 947 2870 (Migne
965 2825 1005 2859 P.
1023 2825 1067 2859 L.
1086 2822 1183 2859 cxix.
1203 2824 1305 2869 940),
1323 2836 1355 2860 v.
1373 2835 1486 2871 supra
1500 2823 1549 2859 ad
1565 2822 1629 2859 vii.
1651 2834 1706 2869 19,

226 2871 296 2914 683
309 2880 348 2906 n.
435 2881 476 2907 21
497 2872 660 2917 relinquo
676 2873 873 2908 intactam:
897 2870 1018 2908 minio
1035 2870 1184 2908 notavit
1199 2871 1396 2909 parkerus.
1486 2881 1533 2916 24
1549 2875 1707 2907 constat:

227 2916 376 2955 scilicet
392 2929 412 2955 e
431 2919 517 2965 Diq.
530 2918 555 2955 i.
573 2920 627 2957 16.
646 2919 669 2955 6
686 2921 728 2956 et
747 2920 800 2956 18.
818 2920 851 2956 6.

337 2993 407 3027 354
