1846 3262
162 247 263 283 ou.
278 235 350 298 xl]
669 235 1107 282 POLICRATICVS
1646 244 1723 286 752
1741 230 1772 275 d

163 359 241 417 qui
273 359 477 403 exclusus
507 359 652 402 tacuit
682 361 728 402 et
758 357 968 400 iniuriam
1000 371 1126 400 suam
1157 370 1291 400 uersu
1322 357 1493 415 tragico
1527 370 1629 400 con-

163 428 332 472 solatus
370 432 450 471 est.
530 428 718 486 Gorgias
766 427 918 470 rethor
965 426 1130 469 librum
1178 426 1525 484 pulcherrimum
1573 425 1629 469 de

160 498 395 542 eoncordia
434 497 586 540 Grecis
635 501 742 541 tunc
791 497 910 539 inter
959 510 1005 539 se
1054 495 1371 539 dissidentibus
1420 495 1629 539 recitauit

161 567 392 626 Olimpiae.
453 566 538 611 Cui
559 567 799 610 Melantius
819 566 1025 610 inimicus
1045 565 1166 609 eius:
1198 565 1286 608 Hic
1305 565 1446 619 nobis,
1466 566 1627 624 inquit,

117 653 141 688 5
159 637 215 681 de
234 637 467 681 concordia
486 637 702 694 praecipit
728 636 806 694 qui
828 651 874 679 se
900 650 1086 679 uxorem
1106 639 1152 678 et
1171 635 1437 687 ancillulam,
1456 639 1549 679 tres
1578 637 1627 679 in

159 721 251 750 una
289 707 430 758 domo,
465 707 727 750 concordare
767 721 856 749 non
896 706 1054 762 potuit.
1130 705 1424 748 Emulabatur
1463 706 1627 763 quippe

159 790 275 819 uxor
313 777 408 819 eius
446 776 679 819 ancillulae
718 774 1008 832 pulcritudini
1048 777 1094 817 et
1132 774 1429 817 castissimum
1477 775 1626 818 uirum

157 846 392 889 cotidianis
421 846 578 903 iurgiis
607 845 877 902 exagitabat.
950 843 1089 894 Vnde,
1119 847 1172 886 ut
1206 847 1346 887 cesset
1376 844 1550 887 inuidia
1580 847 1627 888 et

157 915 283 972 quies
308 916 604 959 matrimoniis
627 914 907 966 reformetur,
928 914 1164 957 ditioribus
1190 914 1238 956 in
1261 914 1625 958 consuetudinem
1641 923 1720 966 753
1740 925 1772 955 a

98 1003 141 1028 ιο
156 999 335 1028 uersum
356 988 424 1029 est
443 1001 499 1029 ne
520 999 653 1043 quam
674 985 721 1027 in
740 984 870 1027 domo
890 984 1085 1027 habeant
1104 983 1382 1041 pulcriorem.
1422 983 1627 1028 Socrates

155 1068 258 1098 cum
297 1055 487 1098 duarum
525 1069 717 1098 uxorum
767 1054 915 1111 iurgia
952 1054 1089 1097 uellet
1138 1053 1389 1110 reprimere,
1426 1054 1475 1096 in
1524 1069 1626 1098 eum

154 1125 394 1168 nouissime
423 1126 657 1168 uerterunt
686 1124 902 1181 impetum
933 1126 980 1166 et
1014 1123 1130 1166 male
1167 1123 1409 1165 multatum
1450 1123 1625 1181 fugien-

154 1196 332 1252 temque
351 1195 430 1238 diu
456 1197 712 1252 persecutae
738 1196 845 1237 sunt
872 1196 918 1237 et
943 1208 971 1236 a
995 1193 1116 1244 solio,
1135 1193 1183 1235 in
1208 1207 1296 1249 quo
1322 1193 1624 1246 morabantur,

153 1264 435 1321 postmodum
455 1264 564 1307 lotio
590 1263 896 1321 perfuderunt.
955 1263 1012 1305 In
1031 1262 1292 1306 muliebrem
1312 1262 1543 1306 leuitatem
1563 1265 1622 1307 ab

93 1349 136 1384 15
153 1334 408 1378 auctoribus
434 1334 598 1392 passim
618 1334 761 1377 multa
784 1333 1051 1376 scribuntur.
1111 1333 1317 1376 Fortasse
1344 1332 1459 1376 falso
1474 1333 1622 1376 -inter-

151 1403 260 1446 dum
293 1404 527 1462 finguntur
556 1403 773 1461 plurima3
814 1403 951 1446 nichil
990 1405 1141 1446 tamen
1176 1402 1364 1460 impedit
1402 1402 1622 1446 ridentem

150 1473 295 1517 dicere
324 1488 481 1516 uerum
511 1476 557 1517 et
586 1473 800 1516 fabulosis
829 1473 1174 1524 narrationibus,
1202 1487 1313 1530 quas
1342 1472 1622 1530 philosophia

149 1558 241 1586 non
270 1544 409 1597 reicit,
439 1544 686 1601 exprimere
716 1544 823 1601 quid
853 1544 1005 1587 obesse
1034 1543 1174 1600 possit
1202 1543 1251 1586 in
1280 1543 1488 1587 moribus.
1549 1544 1620 1586 Ex

150 1612 208 1656 iis
226 1613 345 1656 enim
367 1614 511 1671 liquet
533 1629 666 1671 quam
693 1613 823 1657 facile
849 1616 1014 1665 ament,
1033 1616 1202 1670 quanta
1228 1613 1404 1656 oderint
1423 1613 1621 1665 leuitate,

88 1703 136 1728 ao
152 1696 286 1739 quam
311 1683 400 1726 cito
419 1683 740 1728 obliuiscantur
752 1698 763 1737 ;
792 1685 1030 1727 affectuum
1060 1686 1106 1727 et
1135 1686 1322 1726 naturae
1342 1683 1621 1727 immemores

148 1752 375 1796 interdum
395 1753 443 1796 in
463 1754 578 1797 filios
597 1757 841 1805 armantur,
856 1754 1081 1797 interdum
1101 1754 1149 1796 in
1170 1754 1341 1797 uiscera
1359 1769 1454 1798 sua.
1501 1754 1622 1798 Sunt

147 1822 322 1880 aliquae
341 1823 662 1880 pudicissimae,
682 1824 786 1868 licet
805 1824 1010 1868 satiricus
1030 1824 1150 1868 dicat
1170 1825 1380 1881 quoniam
1634 1829 1664 1868 b

321 1935 424 1964 rara
452 1922 550 1964 auis
578 1921 627 1964 in
655 1922 787 1965 terris
815 1922 1030 1980 nigroque
1059 1921 1286 1965 simillima
1313 1923 1444 1980 cigno

146 2018 308 2062 mulier
331 2021 513 2063 exactae
539 2019 770 2070 castitatis,
800 2021 846 2062 et
871 2019 1067 2076 tragicus
1090 2019 1260 2062 nullam
1290 2034 1383 2062 esse
1403 2019 1616 2063 feminam

80 2096 131 2140 '²5
147 2090 242 2131 tam
260 2088 468 2145 pudicam
488 2103 601 2145 quae
620 2103 710 2132 non
729 2089 963 2146 peregrina
982 2089 1166 2131 libidine
1181 2103 1320 2146 usque
1341 2089 1398 2132 ad
1419 2089 1616 2133 furorem

146 2157 421 2201 incendatur.
482 2158 688 2202 Matrona
723 2158 939 2215 quaedam
973 2157 1194 2201 referente
1233 2158 1440 2202 Petronio
1481 2158 1616 2202 Efl'esi

145 2230 240 2270 tam
274 2229 406 2270 notae
440 2232 537 2271 erat
571 2228 810 2284 pudicitiae
845 2230 898 2271 ut
928 2228 1175 2271 uicinarum
1206 2242 1380 2284 quoque
1411 2229 1614 2285 gentium

145 2295 335 2340 feminas
372 2296 431 2339 ad
469 2297 767 2354 spectaculum
806 2297 876 2340 sui
915 2300 1130 2341 euocaret.
1202 2297 1325 2340 Haec
1365 2312 1479 2355 ergo,
1511 2313 1613 2341 cum

144 2366 293 2409 uirum
314 2366 558 2417 extulisset,
578 2381 667 2410 non
686 2369 895 2411 contenta
914 2366 1090 2425 uulgari
1109 2380 1230 2409 more
1250 2365 1387 2410 funus
1406 2369 1614 2425 prosequi

145 2521 476 2576 {pucha-dmum
493 2520 518 2558 S
636 2531 658 2567 3
682 2521 810 2568 gregis
826 2520 1004 2558 CBAS¹M
1121 2523 1142 2559 8
1168 2520 1390 2558 cottidianis
1405 2520 1454 2557 A¹
1568 2533 1614 2571 19

143 2569 219 2605 hus
234 2568 291 2606 A:
318 2568 377 2604 his
394 2568 435 2604 M
579 2569 626 2606 26
650 2569 879 2606 accendatur
893 2570 928 2605 A
1021 2567 1153 2616 ephesi
1167 2569 1203 2604 A

194 2710 238 2737 10
262 2701 423 2736 Socrates
439 2701 514 2736 etc.
531 2710 540 2735 ε
566 2711 598 2734 v.
617 2698 770 2736 Hieron.
787 2698 859 2735 loc.
875 2710 988 2746 supra
1003 2698 1068 2735 cit.
1293 2700 1346 2743 16,
1369 2708 1412 2743 17
1436 2700 1613 2735 ridentem

142 2750 259 2784 dicere
276 2758 426 2783 uerum:
451 2747 540 2783 Hor.
556 2748 631 2783 Sat.
649 2746 673 2783 i.
694 2757 726 2783 1.
744 2757 800 2793 24.
959 2757 1004 2792 23
1030 2747 1132 2782 Rara
1148 2747 1233 2782 auis
1249 2747 1343 2783 etc.:
1370 2746 1450 2783 Iuv.
1469 2748 1545 2784 Sat.
1560 2747 1608 2783 vi.

146 2798 225 2843 165.
338 2804 384 2839 24
407 2796 566 2840 traqicue
581 2796 676 2831 etc.:
702 2794 728 2831 i.
742 2805 775 2831 e.
793 2792 1001 2840 Eumolpus
1017 2793 1058 2830 in
1074 2794 1225 2831 Petron.
1242 2795 1316 2831 Sat.
1377 2804 1455 2831 110.
1563 2796 1610 2832 26

141 2844 317 2938 §upa-ona
355 2844 532 2890 quaedam
571 2843 646 2880 etc.
687 2853 804 2888 usque
845 2842 894 2879 ad
942 2854 1081 2879 crucem
1121 2843 1208 2889 (754
1221 2842 1291 2889 n):
1369 2844 1490 2879 etron.
1529 2844 1608 2879 Sat.

1415 2970 1481 3008 301
