1846 3262
142 208 243 242 m.
258 196 403 258 xvm]
668 199 1116 245 PomcsATIcvs
1652 204 1731 254 615
1750 167 1780 243 1.

289 319 449 378 Neque
479 319 582 363 dedi
611 335 756 378 neque
787 321 845 365 do
874 320 1045 364 infideli
1075 321 1285 379 cuiquam
1316 322 1463 366 fidem.

139 388 231 433 Sed
265 404 367 434 cum
400 390 546 433 multa
579 391 708 442 male,
741 406 884 449 pauca
920 391 1045 442 bene,
1078 391 1193 435 illud
1228 392 1410 450 quidem
1445 393 1636 450 pessime

138 460 246 518 egit,
285 460 406 518 quod
446 460 495 503 in
538 464 847 519 contemptum
887 461 974 505 Dei
1019 462 1067 505 in
1107 462 1298 506 christos
1338 463 1435 507 eius
1474 478 1636 508 manus

136 529 294 574 iniecit
320 546 412 575 non
439 531 535 575 sine
562 535 672 575 nota
698 531 912 590 perfidiae
937 535 984 576 et
1010 532 1278 590 proditionis
1306 549 1442 592 quam
1468 534 1635 579 nefarii

97 618 120 655 5
137 601 286 659 operis
324 602 486 645 merito
522 602 752 646 contraxit
782 602 904 660 apud
939 617 1093 647 omnes
1133 607 1189 648 ut
1227 604 1286 648 ad
1325 605 1497 649 curiam
1537 605 1634 650 eius

132 671 301 734 exinde
340 688 472 717 nemo
511 688 664 717 secure
704 673 944 717 accederet.
1024 673 1131 717 Non
1178 678 1331 719 tamen
1380 675 1498 720 solos
1547 677 1633 721 etsi

134 742 306 800 primos
331 743 390 787 ad
417 743 659 801 perniciem
684 743 755 787 sui
783 744 904 802 cepit
927 743 1156 802 episcopos
1180 745 1259 789 sed
1285 746 1493 790 omnibus
1520 762 1632 805 quos

135 817 367 872 suspectos
404 813 567 857 habuit
604 814 875 872 proditionis
914 829 1022 859 suae
1061 815 1258 859 tetendit
1296 816 1494 860 insidias.
1568 817 1633 862 At

135 883 186 927 in
219 884 427 942 captione
459 884 768 942 episcoporum
802 884 987 928 initium
1021 885 1244 929 malorum
1279 885 1371 930 fuit
1406 889 1452 931 et
1486 887 1545 931 ab
1578 903 1631 932 ea

76 969 121 996 ιο
135 953 211 998 die
243 970 336 998 non
375 954 525 998 defuit
563 954 742 1013 gladius
777 955 909 998 lateri
942 955 1039 999 eius
1071 959 1118 1000 et
1150 955 1273 1001 facta
1307 960 1416 1001 sunt
1455 973 1631 1017 semper

133 1025 381 1070 nouissima
409 1025 605 1069 hominis
634 1025 860 1069 deteriora
889 1026 1127 1083 prioribus.

192 1096 314 1150 Quid
343 1095 519 1140 multa‘l
578 1095 637 1139 In
665 1095 823 1140 diebus
850 1096 947 1140 eius
973 1097 1276 1155 multiplicata
1306 1101 1415 1142 sunt
1439 1099 1560 1143 mala
1579 1100 1628 1144 in
1645 1112 1672 1142 c

131 1169 256 1212 terra
274 1169 340 1218 ut,
360 1166 398 1210 si
426 1166 528 1224 quis
559 1181 612 1210 ea
637 1167 899 1210 summatim
927 1173 1167 1219 recenseat,
1188 1168 1424 1212 historiam
1446 1169 1629 1229 Iosephi

132 1237 277 1296 possit
296 1237 522 1281 excedere.
572 1237 898 1282 Verumtamen
918 1253 966 1282 se
986 1238 1077 1282 illis
1097 1239 1227 1297 pueri
1248 1239 1398 1284 uirtus
1417 1242 1629 1299 opposuit

67 1323 115 1359 rs
133 1311 182 1353 et
200 1307 297 1352 fere
323 1311 430 1352 ante
454 1311 622 1352 etatem
649 1312 732 1352 aut
761 1323 927 1353 munus
956 1309 1154 1354 militare
1183 1310 1248 1355 sic
1276 1311 1628 1369 malignantium

129 1378 351 1437 impetum
402 1377 543 1437 fregit
590 1382 646 1423 ut
698 1379 948 1424 Theodosio
997 1380 1182 1433 minore,
1227 1396 1361 1439 quem
1410 1382 1627 1428 historiae

129 1449 372 1495 conferunt
418 1449 693 1502 Alexandro,
740 1450 1009 1509 quandoque
1059 1451 1208 1495 dictus
1261 1452 1323 1496 sit
1379 1467 1471 1496 non
1529 1469 1625 1499 esse

129 1524 178 1565 et
222 1520 400 1564 utinam
444 1535 693 1579 numquam
742 1521 1006 1566 inueniatur
1054 1521 1254 1566 inferior.
1334 1523 1432 1568 Nec
1471 1539 1625 1579 mora;

126 1591 178 1636 in
225 1591 384 1650 primis
431 1591 756 1636 adolescentiae
806 1593 938 1637 annis
981 1593 1188 1652 impubes
1225 1594 1374 1639 adhuc
1411 1595 1625 1640 militiam

129 1685 175 1724 13
198 1676 411 1725 hystoriam
430 1676 471 1713 M
616 1688 662 1723 14
686 1676 836 1725 possint
852 1676 923 1715 0¹8
1018 1678 1322 1727 Verumptamen
1336 1679 1372 1716 A
1469 1681 1625 1728 oposuit

691 1727 869 1752 ueilum'ore

126 1757 154 1796 S
303 1760 348 1797 16
370 1758 542 1797 teodosio
572 1758 598 1796 S
711 1761 859 1799 minore
893 1761 950 1798 Α.
989 1760 1142 1799 iuniore
1175 1761 1246 1799 SM
1358 1762 1554 1810 hystoriae
1579 1764 1622 1802 M

131 1808 251 1853 17,18
277 1808 508 1855 quandoque
525 1807 653 1846 dictus
671 1808 722 1846 sit
748 1821 829 1846 non
855 1822 937 1848 esse
961 1812 1003 1847 et
1028 1810 1181 1848 utinam
1207 1823 1276 1848 om.
1302 1810 1339 1848 S'
1345 1811 1386 1848 M
1575 1816 1620 1851 18

126 1855 295 1903 utinam]
312 1868 476 1893 munera
493 1856 523 1892 B
621 1858 850 1906 numquam]
868 1870 947 1895 non
964 1858 1005 1895 M
1168 1869 1211 1905 19
1235 1858 1523 1898 adhulescentie
1539 1860 1574 1897 A

177 1945 193 1972 1
211 1936 343 1990 Neque
359 1936 445 1971 aeda·
459 1937 553 1971 etc.:
580 1932 657 1971 Cic.
675 1937 720 1971 de
738 1934 834 1981 Offi'
822 1934 878 1972 1ii.
896 1945 944 1982 29
962 1934 981 1983 ξ
1004 1937 1083 1973 106.
1134 1935 1259 1983 Supra
1272 1936 1307 1983 (ξ
1327 1937 1410 1982 104)
1425 1949 1473 1975 ex
1491 1936 1621 1977 Ennio

123 1982 356 2021 versiculum
389 1983 582 2030 quendam
615 1983 805 2021 citaverat
836 1983 991 2027 Cicero;
1032 1984 1100 2021 sed
1133 1984 1235 2022 hunc
1270 1997 1318 2022 ex
1348 1991 1464 2032 poeta,
1497 1987 1619 2026 tacito

123 2031 295 2076 nomine,
312 2043 427 2078 quem
443 2034 574 2069 tamen
589 2031 750 2069 Accium
766 2031 883 2070 fuisse
894 2034 1083 2070 testatur
1073 2045 1157 2080 ipse
1171 2034 1216 2069 28
1232 2032 1250 2079 ξ
1268 2045 1358 2079 102;
1385 2046 1416 2070 v.
1434 2034 1619 2075 Ribbeck.

122 2081 493 2118 Soaen.Rom..Poe⁸
510 2079 761 2136 Fraym.i.3p
780 2091 858 2126 190.
1004 2062 1377 2127 3inchn⁸to⁸eiusi2
1405 2094 1438 2119 v.
1464 2082 1521 2120 Ps.
1545 2085 1616 2139 civ.

121 2137 183 2213 Αἱ.
231 2127 407 2176 Respicit
423 2128 471 2164 ad
488 2128 681 2175 Rogemm
691 2128 923 2184 episcopum
937 2128 1263 2167 Saresberiensem
1281 2132 1320 2167 et
1334 2134 1517 2178 nepotem
1535 2132 1617 2170 eius

173 2177 387 2214 exandrum
412 2176 635 2224 episcopum
659 2176 965 2234 Lincolniensem
988 2189 1013 2214 a
1037 2177 1236 2225 Stephano
1260 2190 1295 2215 a.
1317 2189 1409 2226 1139
1427 2179 1617 2218 violenter

120 2236 197 2272 cap
197 2227 280 2268 tos3
305 2237 340 2262 v.
367 2225 484 2262 Henr.
510 2225 707 2263 Huntend.
732 2225 810 2263 viii.
839 2226 857 2274 ξ
882 2237 926 2264 10
943 2226 1016 2272 (ed.
1041 2225 1189 2263 Arnold
1213 2238 1251 2274 p.
1269 2227 1368 2274 265).
1418 2227 1476 2264 cf.
1506 2229 1616 2266 Gesta

119 2274 300 2328 Stephani
326 2273 401 2319 (ed.
432 2273 603 2311 Howlett
634 2286 699 2320 pp.
736 2283 792 2320 50
821 2275 883 2322 51)
917 2274 965 2311 de
999 2274 1166 2312 concilio
1199 2278 1359 2322 propter
1389 2276 1613 2323 captionem

118 2333 393 2369 episcoporum
409 2321 543 2359 eodem
560 2333 663 2358 anno
679 2321 902 2360 wintoniae
917 2321 1062 2365 habito,
1076 2323 1141 2359 ubi
1151 2335 1219 2359 rex
1234 2325 1278 2359 de
1291 2326 1486 2360 temeraria
1501 2338 1614 2372 quam

119 2371 165 2406 in
187 2372 369 2417 episcopos
392 2372 578 2414 commisit,
602 2370 744 2417 publice
768 2377 971 2415 accusatus,
995 2373 1139 2408 ratione
1162 2372 1306 2415 ualida,
1332 2377 1374 2408 ut
1392 2375 1556 2418 putauit,
1581 2380 1615 2411 et

119 2419 259 2465 ffoaon‘
270 2430 309 2455 se
330 2424 363 2455 et
383 2430 469 2455 suos
483 2420 684 2454 excusauit.
733 2420 804 2455 Sed
825 2422 912 2467 quia
937 2420 983 2455 ab
1008 2421 1111 2455 omni
1131 2421 1225 2456 clero
1248 2421 1343 2455 iuste
1358 2422 1557 2466 prouisum
1581 2428 1616 2458 et

119 2468 362 2512 discretefiait
377 2468 634 2509 diiudicatum,
653 2468 760 2502 nulla
781 2470 925 2504 ratione
944 2469 986 2502 in
1005 2469 1156 2503 christos
1177 2468 1332 2503 Domini
1355 2481 1489 2505 manus
1509 2482 1615 2516 posse

119 2516 325 2558 immittere,
348 2516 577 2551 ecclesiastici
599 2516 734 2561 m‘yoris
756 2517 936 2551 duritiam
960 2516 1184 2551 humilitatis
1203 2517 1420 2552 subiectione
1441 2519 1611 2563 molIiuit,

118 2563 353 2610 habitumque
367 2563 523 2608 reqalm
535 2568 675 2605 mutus,
686 2575 897 2611 yemensque
906 2565 1032 2600 animo
1044 2569 1077 2599 a
1089 2565 1267 2600 contritus
1275 2566 1413 2610 spiritu
1426 2568 1613 2604 commisso

116 2613 337 2648 sententiam
352 2611 544 2646 humiliter
556 2613 722 2657 antecepit.
915 2620 937 2656 7
962 2613 1130 2648 omnibus
1146 2614 1241 2649 etc..
1268 2624 1301 2649 e.
1313 2624 1352 2659 g.
1370 2611 1545 2650 Galfrido
1561 2615 1611 2653 de

119 2658 368 2704 Mandeville,
393 2670 508 2716 quem
536 2660 579 2694 in
602 2661 708 2695 curia
732 2671 802 2696 sua
827 2661 930 2706 apud
954 2661 1130 2696 Sanctum
1154 2661 1343 2696 Albanum
1366 2673 1441 2697 mm
1465 2664 1610 2709 quidem

119 2707 266 2744 honeste
292 2713 326 2744 et
348 2709 456 2743 iuxta
480 2709 540 2743 ius
560 2709 725 2753 gentium
741 2719 775 2744 a.
797 2718 887 2754 1143
906 2706 1010 2754 cepit
1035 2706 1266 2755 Stephanus,
1282 2711 1326 2745 ut
1342 2708 1488 2757 legitur
1500 2711 1609 2765 apud

119 2754 227 2792 Will.
246 2754 294 2792 de
310 2754 569 2802 Novoburgo
557 2757 1023 2802 1-11.10facta
1039 2761 1127 2792 eunt
1143 2759 1240 2794 etc:
1266 2769 1299 2793 v.
1319 2756 1431 2794 Matt.
1455 2758 1522 2795 xii.
1548 2769 1608 2807 45.

122 2813 167 2850 14
186 2806 323 2850 pueri.
348 2815 398 2840 00.
415 2802 577 2840 Hem-ici
594 2802 644 2839 IL
777 2805 821 2841 16
844 2816 949 2858 quem
965 2805 1139 2840 historiae
1154 2806 1254 2842 etc.:
1280 2817 1313 2842 v.
1332 2805 1498 2844 Cassiod.
1507 2808 1608 2845 Hist.

122 2853 288 2898 mpure.
312 2851 337 2888 i.
360 2862 375 2888 1
398 2851 523 2898 (Mign
526 2864 548 2889 e
572 2853 614 2888 P.
632 2853 676 2889 L.
698 2851 792 2888 lxix.
809 2853 855 2888 88
857 2851 953 2899 3)in
979 2851 1177 2890 Sozomeni
1201 2852 1503 2903 historiographi
1528 2867 1609 2893 ora-

115 2899 226 2938 tione
243 2899 294 2937 ad
310 2899 567 2937 Theodosium
584 2899 623 2936 11
639 2863 915 2948 imperatorem
930 2900 1170 2939 allocutoria.

1450 2977 1494 3011 51
