1846 3262
116 215 195 260 73'5
213 209 243 251 b
596 208 799 253 IOANN
802 208 860 253 IS
905 209 1426 256 SARESBERIENSIS
1523 209 1747 272 [LIB.V111

258 331 451 376 miscuit.
510 330 745 388 Numquid
775 330 894 374 Iulio
922 331 996 374 uel
1027 330 1235 389 Augusto
1264 332 1407 376 maior
1442 336 1510 377 est
1540 333 1749 378 Metellus

257 401 466 460 pontifex
492 401 762 453 luxuriosus,
779 402 906 445 cuius
932 416 1088 445 cenam
1116 402 1294 446 facilius
1322 405 1390 447 est
1417 403 1585 447 referre
1612 419 1749 462 quam

258 473 544 530 intelligere?
605 472 725 515 Nam
757 475 803 515 et
832 472 927 529 ipse
958 471 1190 524 famosam,
1220 473 1358 517 immo
1393 473 1610 517 infamem
1640 473 1750 518 fecit

258 558 412 587 cenam
445 546 490 586 et
519 543 794 586 anticenium
819 543 904 594 uel,
935 546 988 586 ut
1019 543 1085 587 ait
1113 543 1427 595 Portunianus,
1448 544 1749 602 paracenium,

259 617 390 656 tanta
420 613 640 656 instruxit
674 613 857 656 luxuria
896 616 951 657 ut
990 628 1081 656 non
1121 613 1253 657 modo
1293 614 1575 671 splendorem
1615 628 1750 658 cenae
1769 635 1789 670 5

258 684 406 727 ciuilis
441 683 519 726 sed
559 683 697 727 etiam
731 684 966 741 Egiptium
1001 684 1161 727 luxum
1195 684 1442 728 excederet.
1517 684 1751 742 Siquidem

258 768 413 797 cenam
445 754 561 798 hanc
589 754 823 812 apposuit:
858 758 964 798 ante
991 769 1145 798 cenam
1174 755 1364 806 echinos,
1386 758 1557 799 ostreas
1590 754 1752 799 crudas

259 828 480 882 quantum
521 824 703 875 uellent,
743 825 977 882 peloridas,
1013 825 1253 884 spondilos,
1284 826 1472 869 turdum
1511 839 1751 883 asperagos

215 908 241 938 e
259 895 431 947 subtus,
472 895 688 953 gallinam
728 895 912 947 altilem,
953 896 1156 953 patinam
1201 899 1451 940 ostrearum
1486 895 1749 954 peloridum,

260 965 444 1008 balanos
457 965 621 1023 nigros,
638 965 824 1009 balanos
837 966 973 1018 albos,
987 966 1153 1010 iterum
1169 965 1750 1025 spondilos,glicomaridas‚
1770 975 1813 1003 10
1837 1002 1842 1007 .

258 1036 438 1087 urticas,
450 1036 696 1087 fiscedulas,
709 1036 898 1080 bumbos
917 1037 1191 1095 capragines,
1211 1038 1310 1098 apri
1330 1052 1516 1095 ungues,
1527 1036 1673 1080 altilia
1693 1050 1751 1079 ex

258 1105 409 1149 farina
443 1106 661 1158 inuoluta,
693 1107 927 1150 fiscedulas
959 1108 1151 1152 murices
1187 1111 1233 1152 et
1265 1122 1512 1166 purpuras3
1557 1107 1606 1150 in
1639 1120 1751 1150 cena

259 1177 449 1230 sumina,
457 1177 654 1235 sinciput
667 1178 888 1235 aprinum,
901 1179 1105 1236 patinam
1118 1179 1320 1237 piscium,
1332 1179 1536 1237 patinam
1549 1176 1750 1227 suminis,

258 1250 429 1299 anates,
459 1248 788 1305 querquedulas
815 1249 967 1300 elixas,
993 1249 1165 1306 lepores
1193 1249 1434 1308 saginatOS,
1461 1248 1608 1292 altilia
1636 1262 1748 1298 assa,

259 1318 456 1369 amilum‚
493 1333 631 1375 panes
668 1318 905 1362 Piscentes.
967 1319 1078 1373 Quis
1104 1322 1223 1364 ,tunc
1255 1319 1484 1363 luxuriam
1519 1319 1749 1363 accusaret
1769 1327 1810 1364 ¹⁵

259 1388 462 1439 aliorum,
478 1388 658 1445 quando
678 1391 749 1432 tot
764 1389 897 1432 rebus
914 1389 1036 1433 farta
1054 1389 1145 1433 fuit
1159 1405 1267 1435 cena
1283 1390 1546 1447 pontificum
1560 1391 1578 1435 ‘3
1625 1388 1747 1432 Nam

258 1461 304 1502 et
316 1459 415 1516 ipsa
430 1459 680 1502 eduliorum
696 1474 861 1517 genera
875 1460 950 1503 uel
965 1459 1090 1503 dictu
1105 1460 1259 1518 turpia
1273 1463 1381 1504 sunt
1397 1463 1443 1504 et
1458 1459 1749 1509 nostratibus,

257 1528 362 1572 licet
382 1529 518 1572 nimis
538 1529 586 1572 in
607 1529 742 1573 luxus
759 1530 994 1587 splendore
1009 1530 1272 1588 glorientur,
1287 1545 1370 1588 pro
1386 1533 1515 1588 parte
1530 1529 1749 1573 inaudita.

258 1598 308 1642 Si
339 1599 440 1656 quis
465 1614 517 1642 ea
543 1614 672 1643 nosse
705 1600 942 1652 desiderat,
970 1604 1198 1645 recenseat
1223 1601 1495 1652 Saturnalia,
1515 1602 1749 1658 percurrat

258 1669 523 1712 Portuniani
563 1670 715 1713 ciuilia
754 1671 981 1715 instituta.
1056 1671 1128 1715 Ne
1156 1674 1320 1715 tamen
1360 1672 1576 1715 uitiorum
1615 1671 1748 1729 longe
1769 1681 1812 1706 ²0

257 1742 473 1796 petantur
520 1740 736 1798 exempla,
776 1741 996 1785 maiorum
1041 1742 1267 1785 erroribus
1311 1757 1415 1786 suos
1457 1745 1612 1785 nostra
1652 1744 1749 1786 etas

210 1813 239 1853 d
257 1810 432 1854 adiecit.
487 1811 673 1854 Memini
695 1812 915 1870 meipsum
932 1812 980 1855 in
993 1813 1161 1870 Apulia
1176 1813 1336 1856 diuitis
1355 1812 1588 1857 cuiusdam
1609 1813 1749 1856 inter-

257 1966 281 2002 6
305 1966 504 2014 egyptium
521 1966 597 2003 ΒΜ
761 1965 959 2013 Siquidem
977 1979 1088 2015 usque
1107 1969 1157 2004 ad
1173 1967 1368 2005 Piscentes
1385 1979 1453 2006 om.
1474 1965 1566 2004 SM:
1593 1965 1621 2003 C
1646 1967 1753 2004 habet

206 2060 208 2062 Ι
259 2016 302 2050 in
319 2027 435 2061 mar-9.
583 2017 604 2053 8
629 2015 813 2062 pelondas
829 2015 996 2053 OBASM

308 2166 323 2192 1
351 2157 521 2192 Metellus
537 2158 636 2192 etc.:
662 2168 694 2193 v.
709 2155 877 2193 Macrob.
896 2157 972 2194 Sat.
990 2155 1046 2194 iii.
1068 2167 1111 2212 13
1131 2155 1173 2204 ἐξ
1192 2157 1330 2204 6seqq.
1461 2167 1481 2204 3
1507 2158 1606 2193 Nam
1623 2162 1656 2193 et
1671 2158 1750 2204 ipse

256 2204 351 2240 etc.:
379 2203 508 2240 Etiam
531 2203 628 2241 haec
652 2216 700 2242 ex
724 2203 911 2241 Macrobii
933 2204 1114 2260 capitulis
1135 2205 1250 2243 hodie
1273 2204 1421 2242 amissis
1443 2205 1646 2252 desumpta
1670 2216 1750 2243 esse

255 2251 396 2288 indicit
414 2251 645 2289 Portuniani
660 2251 685 2288 i.
702 2264 733 2289 e.
751 2252 991 2289 Postumiam
1007 2265 1160 2290 nomen.
1331 2264 1354 2299 4
1376 2255 1639 2300 paracenium:
1666 2253 1750 2290 Hoc

255 2299 480 2336 vocabulum
506 2300 662 2338 aliunde
686 2312 766 2338 non
793 2301 917 2338 citant
941 2301 1245 2349 Lexieographi;
1271 2302 1373 2348 quod
1397 2304 1528 2339 autem
1553 2300 1750 2349 significat

257 2351 487 2385 anteventum
512 2348 631 2386 refert
657 2349 825 2386 Isidorus
849 2351 946 2396 Oriy.
970 2361 1030 2387 xx.
1055 2360 1076 2386 2
1103 2349 1121 2397 ξ
1146 2360 1187 2386 12
1207 2349 1356 2397 (Migne
1381 2351 1423 2387 P.
1443 2352 1486 2387 L.
1511 2349 1646 2386 lxxxii.
1666 2358 1749 2395 707,

259 2398 345 2442 708)
360 2410 368 2432 ε
394 2398 572 2433 Merenda
588 2403 639 2434 est
655 2398 757 2434 cibus
770 2399 834 2445 qui
851 2399 1056 2434 declinante
1072 2400 1132 2435 die
1147 2399 1321 2441 sumitur,
1338 2401 1445 2445 quasi
1462 2403 1544 2445 post
1561 2399 1751 2435 meridiem

257 2447 397 2481 edenda
414 2450 446 2481 et
458 2447 637 2492 proxima
655 2457 772 2487 cenae,
791 2448 888 2482 unde
904 2451 938 2482 et
953 2449 1142 2483 antecenia
1159 2459 1182 2482 a
1198 2448 1415 2494 quibusdam
1431 2451 1622 2484 uocantur.
1726 2454 1748 2491 7

255 2498 342 2529 ante
359 2506 486 2529 cenam
503 2496 576 2530 etc.
595 2505 711 2540 usque
729 2493 778 2529 ad
795 2495 947 2540 turpia:
973 2493 1142 2531 Macrob.
1161 2495 1236 2531 Sat.
1255 2494 1311 2531 iii.
1335 2505 1390 2541 13.
1535 2504 1573 2531 11
1602 2495 1750 2530 bumbos

255 2543 482 2587 caprayines,
495 2543 583 2588 apri
598 2554 759 2588 unque-33
786 2541 914 2589 potius
928 2544 1067 2580 lumbos
1083 2545 1305 2589 capmqinos
1321 2555 1519 2589 apruynos,
1530 2541 1554 2579 i.
1566 2553 1598 2579 e.
1611 2542 1750 2579 lumbos

255 2602 452 2635 caprorum
468 2595 501 2625 et
517 2602 705 2636 aprorum.
804 2601 847 2635 14
862 2592 1051 2637 saqinatos
1067 2590 1110 2627 in
1128 2590 1270 2627 nostris
1287 2591 1456 2631 Macrob.
1469 2590 1749 2637 exemplaribus

256 2637 375 2674 deest.
531 2648 576 2674 22
602 2639 760 2674 Memini
775 2649 893 2684 usque
910 2639 959 2676 ad
981 2641 1173 2686 interfuit:
1200 2639 1298 2676 citat
1314 2638 1436 2682 Pauli,
1454 2640 1507 2676 M.
1529 2640 1571 2676 G.
1589 2639 1652 2682 Η.,
1671 2639 1748 2683 SS.‚

256 2685 371 2721 xxvii.
424 2706 427 2711 ·
467 2687 510 2722 in
526 2688 691 2732 Apulia:
718 2698 832 2733 quam
850 2685 909 2723 bis
926 2686 1144 2735 peragravit
1167 2686 1331 2724 Ioannes
1353 2689 1497 2732 noster,
1518 2689 1562 2723 ut
1587 2685 1643 2724 ait
1665 2685 1748 2734 ipse

256 2735 381 2770 Metal.
408 2733 462 2770 iii.
489 2733 532 2770 in
559 2734 746 2781 prologo;
773 2734 955 2781 primum,
980 2737 1025 2772 ut
1047 2734 1208 2778 videtur,
1239 2737 1331 2772 ante
1360 2747 1394 2772 a.
1427 2744 1529 2782 1154,
1559 2736 1748 2781 regnante

257 2780 385 2818 adhuc
415 2782 564 2828 Rogero
596 2783 644 2829 (v.
671 2794 788 2830 supra
815 2782 878 2819 vii.
901 2793 955 2829 19,
981 2785 1052 2829 632
1067 2785 1138 2830 A);
1174 2782 1315 2820 deinde
1352 2795 1387 2821 a.
1408 2783 1620 2830 1155—1156
1655 2794 1744 2819 cum

255 2828 456 2923 gladrjano
468 2829 521 2866 IV
533 2842 637 2878 papa
648 2830 860 2869 Beneventi
879 2830 999 2870 ferme
1015 2833 1094 2869 tres
1111 2843 1261 2869 menses
1278 2831 1419 2869 mansit
1438 2833 1486 2879 (v.
1497 2842 1610 2878 supra
1627 2829 1674 2868 vi.
1687 2841 1746 2877 24.

283 2887 303 2912 2
308 2885 325 2923 5
340 2886 362 2913 c
383 2906 392 2914 .

367 2959 433 2994 ²70
