<?xml version="1.0" encoding="UTF-8"?>
<!DOCTYPE html PUBLIC "-//W3C//DTD XHTML 1.0 Transitional//EN"
    "http://www.w3.org/TR/xhtml1/DTD/xhtml1-transitional.dtd">
<html xmlns="http://www.w3.org/1999/xhtml" xml:lang="en" lang="en">
 <head>
  <title>
</title>
<meta http-equiv="Content-Type" content="text/html;charset=utf-8" />
  <meta name='ocr-system' content='tesseract 3.04.00' />
  <meta name='ocr-capabilities' content='ocr_page ocr_carea ocr_par ocr_line ocrx_word'/>
</head>
<body>
  <div class='ocr_page' id='page_1' title='image "./ioannissaresberi02johnuoft_0375.png"; bbox 0 0 1846 3262; ppageno 0'>
   <div class='ocr_carea' id='block_1_1' title="bbox 137 209 1758 274">
    <p class='ocr_par' dir='ltr' id='par_1_1' title="bbox 137 209 1758 274">
     <span class='ocr_line' id='line_1_1' title="bbox 137 209 1758 274; baseline -0.001 -16"><span class='ocrx_word' id='word_1_1' title='bbox 137 223 239 258; x_wconf 66' lang='lat' dir='ltr'><strong>on.</strong></span> <span class='ocrx_word' id='word_1_2' title='bbox 252 209 397 274; x_wconf 79' lang='lat' dir='ltr'><strong>xvm]</strong></span> <span class='ocrx_word' id='word_1_3' title='bbox 656 212 1097 259; x_wconf 71' lang='lat' dir='ltr'><strong>PomcsA‘novs</strong></span> <span class='ocrx_word' id='word_1_4' title='bbox 1628 217 1709 268; x_wconf 79' lang='lat'><strong>⁷⁸8</strong></span> <span class='ocrx_word' id='word_1_5' title='bbox 1728 229 1758 257; x_wconf 73' lang='lat' dir='ltr'><strong>a</strong></span> 
     </span>
    </p>
   </div>
   <div class='ocr_carea' id='block_1_2' title="bbox 71 333 1658 2619">
    <p class='ocr_par' dir='ltr' id='par_1_2' title="bbox 71 333 1658 2619">
     <span class='ocr_line' id='line_1_2' title="bbox 136 333 1613 394; baseline 0.001 -17"><span class='ocrx_word' id='word_1_6' title='bbox 136 333 370 378; x_wconf 84' lang='lat' dir='ltr'><strong>Auaritiae</strong></span> <span class='ocrx_word' id='word_1_7' title='bbox 395 338 546 378; x_wconf 89' lang='lat' dir='ltr'><strong>autem</strong></span> <span class='ocrx_word' id='word_1_8' title='bbox 572 337 666 378; x_wconf 85' lang='lat' dir='ltr'><strong>tam</strong></span> <span class='ocrx_word' id='word_1_9' title='bbox 693 338 959 394; x_wconf 77' lang='lat' dir='ltr'>praeruptae</span> <span class='ocrx_word' id='word_1_10' title='bbox 986 335 1140 378; x_wconf 83' lang='lat' dir='ltr'><strong>extitit</strong></span> <span class='ocrx_word' id='word_1_11' title='bbox 1165 338 1218 378; x_wconf 92' lang='lat' dir='ltr'><strong>ut</strong></span> <span class='ocrx_word' id='word_1_12' title='bbox 1237 338 1339 393; x_wconf 90' lang='lat' dir='ltr'><strong>post</strong></span> <span class='ocrx_word' id='word_1_13' title='bbox 1362 335 1444 379; x_wconf 88' lang='lat' dir='ltr'><strong>hoc</strong></span> <span class='ocrx_word' id='word_1_14' title='bbox 1464 335 1613 379; x_wconf 88' lang='lat' dir='ltr'><strong>incen-</strong></span> 
     </span>
     <span class='ocr_line' id='line_1_3' title="bbox 135 403 1613 462; baseline 0.001 -16"><span class='ocrx_word' id='word_1_15' title='bbox 135 403 263 446; x_wconf 89' lang='lat' dir='ltr'><strong>dium</strong></span> <span class='ocrx_word' id='word_1_16' title='bbox 301 404 437 455; x_wconf 86' lang='lat' dir='ltr'><strong>urbis,</strong></span> <span class='ocrx_word' id='word_1_17' title='bbox 470 418 605 461; x_wconf 88' lang='lat' dir='ltr'><strong>quam</strong></span> <span class='ocrx_word' id='word_1_18' title='bbox 639 419 686 447; x_wconf 89' lang='lat' dir='ltr'><strong>se</strong></span> <span class='ocrx_word' id='word_1_19' title='bbox 718 404 952 462; x_wconf 88' lang='lat' dir='ltr'><strong>Augustus</strong></span> <span class='ocrx_word' id='word_1_20' title='bbox 988 420 1044 448; x_wconf 84' lang='lat' dir='ltr'><strong>ex</strong></span> <span class='ocrx_word' id='word_1_21' title='bbox 1084 405 1282 448; x_wconf 87' lang='lat' dir='ltr'><strong>lateritia</strong></span> <span class='ocrx_word' id='word_1_22' title='bbox 1319 420 1613 448; x_wconf 77' lang='lat' dir='ltr'><strong>marmoream</strong></span> 
     </span>
     <span class='ocr_line' id='line_1_4' title="bbox 136 472 1612 532; baseline 0.001 -16"><span class='ocrx_word' id='word_1_23' title='bbox 136 472 381 517; x_wconf 70' lang='lat' dir='ltr'><strong>reddidisse</strong></span> <span class='ocrx_word' id='word_1_24' title='bbox 410 474 669 525; x_wconf 85' lang='lat' dir='ltr'><strong>iactauerat,</strong></span> <span class='ocrx_word' id='word_1_25' title='bbox 688 474 909 517; x_wconf 88' lang='lat' dir='ltr'><strong>neminem</strong></span> <span class='ocrx_word' id='word_1_26' title='bbox 935 474 994 518; x_wconf 87' lang='lat' dir='ltr'><strong>ad</strong></span> <span class='ocrx_word' id='word_1_27' title='bbox 1021 474 1232 532; x_wconf 73' lang='lat' dir='ltr'>reliquias</span> <span class='ocrx_word' id='word_1_28' title='bbox 1254 489 1403 518; x_wconf 87' lang='lat' dir='ltr'><strong>rerum</strong></span> <span class='ocrx_word' id='word_1_29' title='bbox 1430 490 1612 518; x_wconf 89' lang='lat' dir='ltr'><strong>suarum</strong></span> 
     </span>
     <span class='ocr_line' id='line_1_5' title="bbox 137 542 1613 602; baseline 0.001 -16"><span class='ocrx_word' id='word_1_30' title='bbox 137 542 262 587; x_wconf 83' lang='lat' dir='ltr'><strong>adire</strong></span> <span class='ocrx_word' id='word_1_31' title='bbox 275 544 537 601; x_wconf 73' lang='lat' dir='ltr'><strong>permiserit.</strong></span> <span class='ocrx_word' id='word_1_32' title='bbox 573 543 759 594; x_wconf 88' lang='lat' dir='ltr'><strong>Cuncta,</strong></span> <span class='ocrx_word' id='word_1_33' title='bbox 775 559 888 601; x_wconf 87' lang='lat' dir='ltr'><strong>quae</strong></span> <span class='ocrx_word' id='word_1_34' title='bbox 902 544 1107 587; x_wconf 90' lang='lat' dir='ltr'><strong>flammae</strong></span> <span class='ocrx_word' id='word_1_35' title='bbox 1123 559 1300 602; x_wconf 90' lang='lat' dir='ltr'><strong>quoquo</strong></span> <span class='ocrx_word' id='word_1_36' title='bbox 1314 544 1446 588; x_wconf 92' lang='lat' dir='ltr'><strong>modo</strong></span> <span class='ocrx_word' id='word_1_37' title='bbox 1460 559 1613 602; x_wconf 90' lang='lat' dir='ltr'><strong>super-</strong></span> 
     </span>
     <span class='ocr_line' id='line_1_6' title="bbox 96 612 1610 671; baseline 0 -14"><span class='ocrx_word' id='word_1_38' title='bbox 96 623 121 658; x_wconf 74' lang='lat'><strong><em>5</em></strong></span> <span class='ocrx_word' id='word_1_39' title='bbox 138 612 332 664; x_wconf 80' lang='lat' dir='ltr'><strong>fuerant,</strong></span> <span class='ocrx_word' id='word_1_40' title='bbox 366 613 460 671; x_wconf 88' lang='lat' dir='ltr'><strong>ipse</strong></span> <span class='ocrx_word' id='word_1_41' title='bbox 494 613 706 666; x_wconf 80' lang='lat' dir='ltr'><strong>abstulit3</strong></span> <span class='ocrx_word' id='word_1_42' title='bbox 755 614 922 657; x_wconf 78' lang='lat' dir='ltr'><strong>centies</strong></span> <span class='ocrx_word' id='word_1_43' title='bbox 955 618 1143 657; x_wconf 70' lang='lat' dir='ltr'><strong>centena</strong></span> <span class='ocrx_word' id='word_1_44' title='bbox 1182 614 1307 657; x_wconf 87' lang='lat' dir='ltr'><strong>milia</strong></span> <span class='ocrx_word' id='word_1_45' title='bbox 1345 614 1610 658; x_wconf 79' lang='lat' dir='ltr'><strong>sextertium</strong></span> 
     </span>
     <span class='ocr_line' id='line_1_7' title="bbox 134 683 1611 741; baseline 0.001 -15"><span class='ocrx_word' id='word_1_46' title='bbox 134 696 288 726; x_wconf 86' lang='lat' dir='ltr'><strong>annua</strong></span> <span class='ocrx_word' id='word_1_47' title='bbox 306 697 335 726; x_wconf 89' lang='lat' dir='ltr'><strong>a</strong></span> <span class='ocrx_word' id='word_1_48' title='bbox 348 686 508 726; x_wconf 86' lang='lat' dir='ltr'><strong>senatu</strong></span> <span class='ocrx_word' id='word_1_49' title='bbox 522 683 714 727; x_wconf 77' lang='lat' dir='ltr'><strong>conferri</strong></span> <span class='ocrx_word' id='word_1_50' title='bbox 733 683 818 726; x_wconf 89' lang='lat' dir='ltr'><strong>sibi</strong></span> <span class='ocrx_word' id='word_1_51' title='bbox 834 683 1097 741; x_wconf 84' lang='lat' dir='ltr'><strong>imperauit3</strong></span> <span class='ocrx_word' id='word_1_52' title='bbox 1126 683 1341 741; x_wconf 88' lang='lat' dir='ltr'><strong>plurimos</strong></span> <span class='ocrx_word' id='word_1_53' title='bbox 1355 687 1611 727; x_wconf 88' lang='lat' dir='ltr'><strong>senatorum</strong></span> 
     </span>
     <span class='ocr_line' id='line_1_8' title="bbox 134 751 1612 811; baseline 0.001 -16"><span class='ocrx_word' id='word_1_54' title='bbox 134 751 263 795; x_wconf 79' lang='lat' dir='ltr'><strong>nulla</strong></span> <span class='ocrx_word' id='word_1_55' title='bbox 286 755 472 796; x_wconf 74' lang='lat' dir='ltr'><strong>extante</strong></span> <span class='ocrx_word' id='word_1_56' title='bbox 495 767 628 796; x_wconf 84' lang='lat' dir='ltr'><strong>eausa</strong></span> <span class='ocrx_word' id='word_1_57' title='bbox 656 753 784 796; x_wconf 88' lang='lat' dir='ltr'><strong>bonis</strong></span> <span class='ocrx_word' id='word_1_58' title='bbox 808 753 1031 810; x_wconf 83' lang='lat' dir='ltr'><strong>priuauit3</strong></span> <span class='ocrx_word' id='word_1_59' title='bbox 1060 753 1389 811; x_wconf 72' lang='lat' dir='ltr'><strong>negotiatorum</strong></span> <span class='ocrx_word' id='word_1_60' title='bbox 1412 753 1612 796; x_wconf 91' lang='lat' dir='ltr'><strong>omnium</strong></span> 
     </span>
     <span class='ocr_line' id='line_1_9' title="bbox 132 821 1613 880; baseline 0.001 -15"><span class='ocrx_word' id='word_1_61' title='bbox 132 821 221 865; x_wconf 79' lang='lat' dir='ltr'><strong>sub</strong></span> <span class='ocrx_word' id='word_1_62' title='bbox 248 836 341 865; x_wconf 86' lang='lat' dir='ltr'><strong>una</strong></span> <span class='ocrx_word' id='word_1_63' title='bbox 374 822 459 874; x_wconf 91' lang='lat' dir='ltr'><strong>die,</strong></span> <span class='ocrx_word' id='word_1_64' title='bbox 488 821 724 865; x_wconf 79' lang='lat' dir='ltr'><strong>tormentis</strong></span> <span class='ocrx_word' id='word_1_65' title='bbox 758 836 932 879; x_wconf 90' lang='lat' dir='ltr'><strong>quoque</strong></span> <span class='ocrx_word' id='word_1_66' title='bbox 966 822 1192 873; x_wconf 84' lang='lat' dir='ltr'><strong>adhibitis,</strong></span> <span class='ocrx_word' id='word_1_67' title='bbox 1222 837 1398 866; x_wconf 87' lang='lat' dir='ltr'><strong>omnem</strong></span> <span class='ocrx_word' id='word_1_68' title='bbox 1431 822 1613 880; x_wconf 87' lang='lat' dir='ltr'><strong>penitus</strong></span> 
     </span>
     <span class='ocr_line' id='line_1_10' title="bbox 133 890 1613 935; baseline 0 0"><span class='ocrx_word' id='word_1_69' title='bbox 133 905 316 935; x_wconf 83' lang='lat' dir='ltr'><strong>censum</strong></span> <span class='ocrx_word' id='word_1_70' title='bbox 345 891 569 934; x_wconf 81' lang='lat' dir='ltr'><strong>abstorsit.</strong></span> <span class='ocrx_word' id='word_1_71' title='bbox 628 890 921 935; x_wconf 85' lang='lat' dir='ltr'><strong>Crudelitatis</strong></span> <span class='ocrx_word' id='word_1_72' title='bbox 950 895 1102 934; x_wconf 88' lang='lat' dir='ltr'><strong>autem</strong></span> <span class='ocrx_word' id='word_1_73' title='bbox 1130 891 1253 935; x_wconf 89' lang='lat' dir='ltr'><strong>rabie</strong></span> <span class='ocrx_word' id='word_1_74' title='bbox 1282 892 1348 935; x_wconf 88' lang='lat' dir='ltr'><strong>ita</strong></span> <span class='ocrx_word' id='word_1_75' title='bbox 1372 892 1613 935; x_wconf 88' lang='lat' dir='ltr'><strong>effrenatus</strong></span> 
     </span>
     <span class='ocr_line' id='line_1_11' title="bbox 76 960 1612 1018; baseline 0.003 -18"><span class='ocrx_word' id='word_1_76' title='bbox 76 975 119 1001; x_wconf 75' lang='grc' dir='ltr'><strong>ιο</strong></span> <span class='ocrx_word' id='word_1_77' title='bbox 134 963 207 1004; x_wconf 88' lang='lat' dir='ltr'><strong>est</strong></span> <span class='ocrx_word' id='word_1_78' title='bbox 243 963 298 1004; x_wconf 86' lang='lat' dir='ltr'><strong>ut</strong></span> <span class='ocrx_word' id='word_1_79' title='bbox 334 961 574 1018; x_wconf 87' lang='lat' dir='ltr'><strong>plurimam</strong></span> <span class='ocrx_word' id='word_1_80' title='bbox 613 964 795 1004; x_wconf 88' lang='lat' dir='ltr'><strong>senatus</strong></span> <span class='ocrx_word' id='word_1_81' title='bbox 828 964 1003 1018; x_wconf 88' lang='lat' dir='ltr'><strong>partem</strong></span> <span class='ocrx_word' id='word_1_82' title='bbox 1042 960 1324 1012; x_wconf 87' lang='lat' dir='ltr'><strong>interficeret,</strong></span> <span class='ocrx_word' id='word_1_83' title='bbox 1363 965 1612 1018; x_wconf 87' lang='lat' dir='ltr'><strong>equestrem</strong></span> 
     </span>
     <span class='ocr_line' id='line_1_12' title="bbox 133 1029 1612 1087; baseline 0 -14"><span class='ocrx_word' id='word_1_84' title='bbox 133 1029 336 1073; x_wconf 84' lang='lat' dir='ltr'><strong>ordinem</strong></span> <span class='ocrx_word' id='word_1_85' title='bbox 374 1043 487 1087; x_wconf 89' lang='lat' dir='ltr'><strong>pene</strong></span> <span class='ocrx_word' id='word_1_86' title='bbox 535 1029 811 1073; x_wconf 87' lang='lat' dir='ltr'><strong>destitueret.</strong></span> <span class='ocrx_word' id='word_1_87' title='bbox 890 1029 981 1072; x_wconf 90' lang='lat' dir='ltr'><strong>Sed</strong></span> <span class='ocrx_word' id='word_1_88' title='bbox 1029 1044 1086 1073; x_wconf 88' lang='lat' dir='ltr'><strong>ne</strong></span> <span class='ocrx_word' id='word_1_89' title='bbox 1134 1030 1384 1087; x_wconf 88' lang='lat' dir='ltr'><strong>parricidiis</strong></span> <span class='ocrx_word' id='word_1_90' title='bbox 1432 1031 1612 1087; x_wconf 91' lang='lat' dir='ltr'><strong>quidem</strong></span> 
     </span>
     <span class='ocr_line' id='line_1_13' title="bbox 134 1098 1658 1158; baseline 0.001 -15"><span class='ocrx_word' id='word_1_91' title='bbox 134 1099 382 1153; x_wconf 76' lang='lat' dir='ltr'><strong>abstinuit3</strong></span> <span class='ocrx_word' id='word_1_92' title='bbox 424 1102 626 1149; x_wconf 87' lang='lat' dir='ltr'><strong>matrem,</strong></span> <span class='ocrx_word' id='word_1_93' title='bbox 656 1098 856 1149; x_wconf 82' lang='lat' dir='ltr'><strong>fratrem,</strong></span> <span class='ocrx_word' id='word_1_94' title='bbox 885 1113 1093 1150; x_wconf 89' lang='lat' dir='ltr'><strong>sororem,</strong></span> <span class='ocrx_word' id='word_1_95' title='bbox 1127 1114 1313 1143; x_wconf 86' lang='lat' dir='ltr'><strong>uxorem</strong></span> <span class='ocrx_word' id='word_1_96' title='bbox 1356 1103 1611 1158; x_wconf 89' lang='lat' dir='ltr'><strong>ceterosque</strong></span> <span class='ocrx_word' id='word_1_97' title='bbox 1629 1108 1658 1146; x_wconf 87' lang='lat' dir='ltr'><strong>b</strong></span> 
     </span>
     <span class='ocr_line' id='line_1_14' title="bbox 134 1168 1613 1227; baseline 0.001 -15"><span class='ocrx_word' id='word_1_98' title='bbox 134 1183 288 1213; x_wconf 86' lang='lat' dir='ltr'><strong>omnes</strong></span> <span class='ocrx_word' id='word_1_99' title='bbox 314 1172 526 1227; x_wconf 85' lang='lat' dir='ltr'><strong>cognatos</strong></span> <span class='ocrx_word' id='word_1_100' title='bbox 560 1171 606 1212; x_wconf 92' lang='lat' dir='ltr'><strong>et</strong></span> <span class='ocrx_word' id='word_1_101' title='bbox 631 1168 904 1225; x_wconf 89' lang='lat' dir='ltr'><strong>propinquos</strong></span> <span class='ocrx_word' id='word_1_102' title='bbox 930 1168 1027 1212; x_wconf 90' lang='lat' dir='ltr'><strong>sine</strong></span> <span class='ocrx_word' id='word_1_103' title='bbox 1057 1169 1325 1212; x_wconf 82' lang='lat' dir='ltr'><strong>hesitatione</strong></span> <span class='ocrx_word' id='word_1_104' title='bbox 1354 1171 1613 1227; x_wconf 84' lang='lat' dir='ltr'><strong>prostrauit.</strong></span> 
     </span>
     <span class='ocr_line' id='line_1_15' title="bbox 133 1237 1613 1297; baseline 0.001 -15"><span class='ocrx_word' id='word_1_105' title='bbox 133 1238 281 1282; x_wconf 78' lang='lat' dir='ltr'><strong>Auxit</strong></span> <span class='ocrx_word' id='word_1_106' title='bbox 308 1238 423 1282; x_wconf 85' lang='lat' dir='ltr'><strong>hanc</strong></span> <span class='ocrx_word' id='word_1_107' title='bbox 452 1238 612 1282; x_wconf 91' lang='lat' dir='ltr'><strong>molem</strong></span> <span class='ocrx_word' id='word_1_108' title='bbox 643 1237 855 1281; x_wconf 81' lang='lat' dir='ltr'><strong>facinoris</strong></span> <span class='ocrx_word' id='word_1_109' title='bbox 884 1238 981 1281; x_wconf 91' lang='lat' dir='ltr'><strong>eius</strong></span> <span class='ocrx_word' id='word_1_110' title='bbox 1010 1239 1241 1282; x_wconf 86' lang='lat' dir='ltr'><strong>temeritas</strong></span> <span class='ocrx_word' id='word_1_111' title='bbox 1278 1239 1526 1297; x_wconf 90' lang='lat' dir='ltr'><strong>impietatis</strong></span> <span class='ocrx_word' id='word_1_112' title='bbox 1563 1241 1613 1283; x_wconf 89' lang='lat' dir='ltr'><strong>in</strong></span> 
     </span>
     <span class='ocr_line' id='line_1_16' title="bbox 71 1307 1613 1367; baseline 0.001 -15"><span class='ocrx_word' id='word_1_113' title='bbox 71 1321 118 1357; x_wconf 79' lang='lat'><strong>15</strong></span> <span class='ocrx_word' id='word_1_114' title='bbox 133 1307 292 1352; x_wconf 88' lang='lat' dir='ltr'><strong>Deum.</strong></span> <span class='ocrx_word' id='word_1_115' title='bbox 371 1307 491 1351; x_wconf 88' lang='lat' dir='ltr'><strong>Nam</strong></span> <span class='ocrx_word' id='word_1_116' title='bbox 540 1308 712 1365; x_wconf 90' lang='lat' dir='ltr'><strong>primus</strong></span> <span class='ocrx_word' id='word_1_117' title='bbox 762 1307 928 1350; x_wconf 82' lang='lat' dir='ltr'><strong>Romae</strong></span> <span class='ocrx_word' id='word_1_118' title='bbox 978 1307 1259 1352; x_wconf 87' lang='lat' dir='ltr'><strong>Christianos</strong></span> <span class='ocrx_word' id='word_1_119' title='bbox 1297 1309 1527 1367; x_wconf 85' lang='lat' dir='ltr'><strong>suppliciis</strong></span> <span class='ocrx_word' id='word_1_120' title='bbox 1565 1314 1613 1354; x_wconf 88' lang='lat' dir='ltr'><strong>et</strong></span> 
     </span>
     <span class='ocr_line' id='line_1_17' title="bbox 134 1378 1612 1436; baseline 0.001 -14"><span class='ocrx_word' id='word_1_121' title='bbox 134 1378 355 1422; x_wconf 78' lang='lat' dir='ltr'><strong>mortibus</strong></span> <span class='ocrx_word' id='word_1_122' title='bbox 377 1378 526 1422; x_wconf 84' lang='lat' dir='ltr'><strong>affecit</strong></span> <span class='ocrx_word' id='word_1_123' title='bbox 551 1392 602 1422; x_wconf 86' lang='lat' dir='ltr'><strong>ac</strong></span> <span class='ocrx_word' id='word_1_124' title='bbox 628 1392 710 1436; x_wconf 88' lang='lat' dir='ltr'><strong>per</strong></span> <span class='ocrx_word' id='word_1_125' title='bbox 735 1392 888 1421; x_wconf 91' lang='lat' dir='ltr'><strong>omnes</strong></span> <span class='ocrx_word' id='word_1_126' title='bbox 915 1378 1169 1435; x_wconf 87' lang='lat' dir='ltr'><strong>prouincias</strong></span> <span class='ocrx_word' id='word_1_127' title='bbox 1188 1378 1287 1436; x_wconf 86' lang='lat' dir='ltr'><strong>pari</strong></span> <span class='ocrx_word' id='word_1_128' title='bbox 1307 1380 1612 1436; x_wconf 85' lang='lat' dir='ltr'><strong>persecutione</strong></span> 
     </span>
     <span class='ocr_line' id='line_1_18' title="bbox 133 1448 1612 1506; baseline 0 -14"><span class='ocrx_word' id='word_1_129' title='bbox 133 1448 379 1492; x_wconf 86' lang='lat' dir='ltr'><strong>excruciari</strong></span> <span class='ocrx_word' id='word_1_130' title='bbox 399 1448 651 1506; x_wconf 90' lang='lat' dir='ltr'><strong>imperauit.</strong></span> <span class='ocrx_word' id='word_1_131' title='bbox 710 1448 952 1506; x_wconf 87' lang='lat' dir='ltr'><strong>Ipsumque</strong></span> <span class='ocrx_word' id='word_1_132' title='bbox 971 1462 1134 1491; x_wconf 91' lang='lat' dir='ltr'><strong>nomen</strong></span> <span class='ocrx_word' id='word_1_133' title='bbox 1159 1449 1406 1506; x_wconf 85' lang='lat' dir='ltr'><strong>exstirpare</strong></span> <span class='ocrx_word' id='word_1_134' title='bbox 1426 1453 1612 1493; x_wconf 87' lang='lat' dir='ltr'><strong>conatus</strong></span> 
     </span>
     <span class='ocr_line' id='line_1_19' title="bbox 133 1517 1612 1577; baseline 0.001 -16"><span class='ocrx_word' id='word_1_135' title='bbox 133 1517 412 1562; x_wconf 84' lang='lat' dir='ltr'><strong>beatissimos</strong></span> <span class='ocrx_word' id='word_1_136' title='bbox 439 1517 609 1562; x_wconf 88' lang='lat' dir='ltr'><strong>Christi</strong></span> <span class='ocrx_word' id='word_1_137' title='bbox 636 1517 859 1575; x_wconf 86' lang='lat' dir='ltr'><strong>apostolos</strong></span> <span class='ocrx_word' id='word_1_138' title='bbox 886 1517 1069 1560; x_wconf 88' lang='lat' dir='ltr'><strong>Petrum</strong></span> <span class='ocrx_word' id='word_1_139' title='bbox 1096 1532 1224 1561; x_wconf 90' lang='lat' dir='ltr'><strong>cruce</strong></span> <span class='ocrx_word' id='word_1_140' title='bbox 1253 1517 1440 1561; x_wconf 91' lang='lat' dir='ltr'><strong>Paulum</strong></span> <span class='ocrx_word' id='word_1_141' title='bbox 1460 1519 1612 1577; x_wconf 89' lang='lat' dir='ltr'><strong>gladio</strong></span> 
     </span>
     <span class='ocr_line' id='line_1_20' title="bbox 116 1587 1612 1632; baseline 0.001 -1"><span class='ocrx_word' id='word_1_142' title='bbox 116 1587 374 1631; x_wconf 67' lang='lat' dir='ltr'><strong>interfecit.</strong></span> <span class='ocrx_word' id='word_1_143' title='bbox 443 1587 552 1630; x_wconf 83' lang='lat' dir='ltr'><strong>Mox</strong></span> <span class='ocrx_word' id='word_1_144' title='bbox 586 1587 866 1630; x_wconf 87' lang='lat' dir='ltr'><strong>acerbissime</strong></span> <span class='ocrx_word' id='word_1_145' title='bbox 904 1587 1113 1630; x_wconf 87' lang='lat' dir='ltr'><strong>miseram</strong></span> <span class='ocrx_word' id='word_1_146' title='bbox 1155 1587 1387 1630; x_wconf 88' lang='lat' dir='ltr'><strong>ciuitatem</strong></span> <span class='ocrx_word' id='word_1_147' title='bbox 1429 1589 1612 1632; x_wconf 89' lang='lat' dir='ltr'><strong>obortae</strong></span> 
     </span>
     <span class='ocr_line' id='line_1_21' title="bbox 74 1656 1613 1715; baseline 0.001 -15"><span class='ocrx_word' id='word_1_148' title='bbox 74 1672 118 1697; x_wconf 69' lang='grc' dir='ltr'><strong>ιο</strong></span> <span class='ocrx_word' id='word_1_149' title='bbox 134 1657 333 1715; x_wconf 87' lang='lat' dir='ltr'><strong>undique</strong></span> <span class='ocrx_word' id='word_1_150' title='bbox 372 1671 628 1715; x_wconf 87' lang='lat' dir='ltr'><strong>oppressere</strong></span> <span class='ocrx_word' id='word_1_151' title='bbox 667 1656 825 1700; x_wconf 86' lang='lat' dir='ltr'><strong>clades.</strong></span> <span class='ocrx_word' id='word_1_152' title='bbox 899 1656 1020 1699; x_wconf 89' lang='lat' dir='ltr'><strong>Nam</strong></span> <span class='ocrx_word' id='word_1_153' title='bbox 1059 1656 1356 1714; x_wconf 85' lang='lat' dir='ltr'><strong>subsequente</strong></span> <span class='ocrx_word' id='word_1_154' title='bbox 1395 1662 1613 1702; x_wconf 90' lang='lat' dir='ltr'><strong>autumno</strong></span> 
     </span>
     <span class='ocr_line' id='line_1_22' title="bbox 133 1726 1612 1785; baseline 0.001 -15"><span class='ocrx_word' id='word_1_155' title='bbox 133 1729 265 1770; x_wconf 83' lang='lat' dir='ltr'><strong>tanta</strong></span> <span class='ocrx_word' id='word_1_156' title='bbox 293 1727 396 1770; x_wconf 91' lang='lat' dir='ltr'><strong>urbi</strong></span> <span class='ocrx_word' id='word_1_157' title='bbox 425 1726 683 1784; x_wconf 84' lang='lat' dir='ltr'><strong>pestilentia</strong></span> <span class='ocrx_word' id='word_1_158' title='bbox 711 1726 917 1770; x_wconf 89' lang='lat' dir='ltr'><strong>incubuit</strong></span> <span class='ocrx_word' id='word_1_159' title='bbox 946 1730 999 1770; x_wconf 91' lang='lat' dir='ltr'><strong>ut</strong></span> <span class='ocrx_word' id='word_1_160' title='bbox 1028 1726 1219 1785; x_wconf 88' lang='lat' dir='ltr'><strong>triginta</strong></span> <span class='ocrx_word' id='word_1_161' title='bbox 1247 1728 1373 1770; x_wconf 89' lang='lat' dir='ltr'><strong>milia</strong></span> <span class='ocrx_word' id='word_1_162' title='bbox 1401 1728 1612 1772; x_wconf 84' lang='lat' dir='ltr'><strong>funerum</strong></span> 
     </span>
     <span class='ocr_line' id='line_1_23' title="bbox 131 1795 1612 1856; baseline 0.002 -17"><span class='ocrx_word' id='word_1_163' title='bbox 131 1795 182 1839; x_wconf 86' lang='lat' dir='ltr'><strong>in</strong></span> <span class='ocrx_word' id='word_1_164' title='bbox 220 1796 440 1840; x_wconf 87' lang='lat' dir='ltr'><strong>rationem</strong></span> <span class='ocrx_word' id='word_1_165' title='bbox 481 1796 784 1840; x_wconf 88' lang='lat' dir='ltr'><strong>Libicinianae</strong></span> <span class='ocrx_word' id='word_1_166' title='bbox 822 1796 1042 1841; x_wconf 91' lang='lat' dir='ltr'><strong>uenirent.</strong></span> <span class='ocrx_word' id='word_1_167' title='bbox 1121 1797 1383 1841; x_wconf 88' lang='lat' dir='ltr'><strong>Britannica</strong></span> <span class='ocrx_word' id='word_1_168' title='bbox 1420 1798 1612 1856; x_wconf 91' lang='lat' dir='ltr'><strong>denique</strong></span> 
     </span>
     <span class='ocr_line' id='line_1_24' title="bbox 133 1865 1612 1926; baseline 0.001 -17"><span class='ocrx_word' id='word_1_169' title='bbox 133 1865 281 1909; x_wconf 80' lang='lat' dir='ltr'><strong>clades</strong></span> <span class='ocrx_word' id='word_1_170' title='bbox 300 1880 325 1909; x_wconf 92' lang='lat' dir='ltr'><strong>e</strong></span> <span class='ocrx_word' id='word_1_171' title='bbox 351 1866 544 1924; x_wconf 87' lang='lat' dir='ltr'><strong>uestigio</strong></span> <span class='ocrx_word' id='word_1_172' title='bbox 570 1866 743 1917; x_wconf 87' lang='lat' dir='ltr'><strong>accidit,</strong></span> <span class='ocrx_word' id='word_1_173' title='bbox 764 1881 853 1923; x_wconf 89' lang='lat' dir='ltr'><strong>qua</strong></span> <span class='ocrx_word' id='word_1_174' title='bbox 872 1866 962 1909; x_wconf 92' lang='lat' dir='ltr'><strong>duo</strong></span> <span class='ocrx_word' id='word_1_175' title='bbox 990 1866 1230 1924; x_wconf 88' lang='lat' dir='ltr'><strong>praecipua</strong></span> <span class='ocrx_word' id='word_1_176' title='bbox 1258 1867 1422 1924; x_wconf 86' lang='lat' dir='ltr'><strong>oppida</strong></span> <span class='ocrx_word' id='word_1_177' title='bbox 1448 1883 1612 1926; x_wconf 86' lang='lat' dir='ltr'><strong>magna</strong></span> 
     </span>
     <span class='ocr_line' id='line_1_25' title="bbox 134 1935 1653 1994; baseline 0.002 -15"><span class='ocrx_word' id='word_1_178' title='bbox 134 1935 302 1980; x_wconf 86' lang='lat' dir='ltr'><strong>ciuium</strong></span> <span class='ocrx_word' id='word_1_179' title='bbox 329 1936 636 1993; x_wconf 86' lang='lat' dir='ltr'><strong>sociorumque</strong></span> <span class='ocrx_word' id='word_1_180' title='bbox 662 1936 787 1980; x_wconf 89' lang='lat' dir='ltr'><strong>clade</strong></span> <span class='ocrx_word' id='word_1_181' title='bbox 815 1939 861 1979; x_wconf 91' lang='lat' dir='ltr'><strong>et</strong></span> <span class='ocrx_word' id='word_1_182' title='bbox 880 1936 984 1979; x_wconf 90' lang='lat' dir='ltr'><strong>cede</strong></span> <span class='ocrx_word' id='word_1_183' title='bbox 1004 1936 1181 1994; x_wconf 88' lang='lat' dir='ltr'><strong>direpta</strong></span> <span class='ocrx_word' id='word_1_184' title='bbox 1200 1941 1317 1980; x_wconf 88' lang='lat' dir='ltr'><strong>sunt.</strong></span> <span class='ocrx_word' id='word_1_185' title='bbox 1378 1937 1611 1981; x_wconf 88' lang='lat' dir='ltr'><strong>Praeterea</strong></span> <span class='ocrx_word' id='word_1_186' title='bbox 1628 1953 1653 1982; x_wconf 85' lang='lat' dir='ltr'><strong>e</strong></span> 
     </span>
     <span class='ocr_line' id='line_1_26' title="bbox 73 2005 1612 2064; baseline 0.002 -16"><span class='ocrx_word' id='word_1_187' title='bbox 73 2019 118 2054; x_wconf 73' lang='lat'><strong>²5</strong></span> <span class='ocrx_word' id='word_1_188' title='bbox 134 2005 184 2048; x_wconf 90' lang='lat' dir='ltr'><strong>in</strong></span> <span class='ocrx_word' id='word_1_189' title='bbox 214 2005 385 2049; x_wconf 91' lang='lat' dir='ltr'><strong>oriente</strong></span> <span class='ocrx_word' id='word_1_190' title='bbox 423 2005 599 2064; x_wconf 88' lang='lat' dir='ltr'><strong>magnis</strong></span> <span class='ocrx_word' id='word_1_191' title='bbox 629 2006 868 2049; x_wconf 85' lang='lat' dir='ltr'><strong>Armeniae</strong></span> <span class='ocrx_word' id='word_1_192' title='bbox 901 2006 1143 2063; x_wconf 91' lang='lat' dir='ltr'><strong>prouinciis</strong></span> <span class='ocrx_word' id='word_1_193' title='bbox 1177 2006 1352 2049; x_wconf 90' lang='lat' dir='ltr'><strong>amissis</strong></span> <span class='ocrx_word' id='word_1_194' title='bbox 1386 2007 1612 2051; x_wconf 88' lang='lat' dir='ltr'><strong>Romanae</strong></span> 
     </span>
     <span class='ocr_line' id='line_1_27' title="bbox 133 2074 1613 2133; baseline 0.001 -15"><span class='ocrx_word' id='word_1_195' title='bbox 133 2074 331 2133; x_wconf 88' lang='lat' dir='ltr'><strong>legiones</strong></span> <span class='ocrx_word' id='word_1_196' title='bbox 348 2075 433 2118; x_wconf 88' lang='lat' dir='ltr'><strong>sub</strong></span> <span class='ocrx_word' id='word_1_197' title='bbox 459 2075 615 2133; x_wconf 86' lang='lat' dir='ltr'><strong>iugum</strong></span> <span class='ocrx_word' id='word_1_198' title='bbox 640 2075 866 2118; x_wconf 83' lang='lat' dir='ltr'><strong>Particum</strong></span> <span class='ocrx_word' id='word_1_199' title='bbox 890 2075 1064 2128; x_wconf 87' lang='lat' dir='ltr'><strong>missae,</strong></span> <span class='ocrx_word' id='word_1_200' title='bbox 1084 2090 1274 2133; x_wconf 91' lang='lat' dir='ltr'><strong>egreque</strong></span> <span class='ocrx_word' id='word_1_201' title='bbox 1295 2076 1415 2119; x_wconf 90' lang='lat' dir='ltr'><strong>Siria</strong></span> <span class='ocrx_word' id='word_1_202' title='bbox 1437 2080 1613 2121; x_wconf 87' lang='lat' dir='ltr'><strong>retenta</strong></span> 
     </span>
     <span class='ocr_line' id='line_1_28' title="bbox 133 2144 1612 2202; baseline 0.001 -13"><span class='ocrx_word' id='word_1_203' title='bbox 133 2148 216 2189; x_wconf 84' lang='lat' dir='ltr'><strong>est.</strong></span> <span class='ocrx_word' id='word_1_204' title='bbox 275 2145 332 2188; x_wconf 90' lang='lat' dir='ltr'><strong>In</strong></span> <span class='ocrx_word' id='word_1_205' title='bbox 361 2144 471 2188; x_wconf 86' lang='lat' dir='ltr'><strong>Asia</strong></span> <span class='ocrx_word' id='word_1_206' title='bbox 499 2148 593 2188; x_wconf 85' lang='lat' dir='ltr'><strong>tres</strong></span> <span class='ocrx_word' id='word_1_207' title='bbox 621 2145 766 2195; x_wconf 90' lang='lat' dir='ltr'><strong>urbes,</strong></span> <span class='ocrx_word' id='word_1_208' title='bbox 786 2144 869 2188; x_wconf 88' lang='lat' dir='ltr'><strong>hoc</strong></span> <span class='ocrx_word' id='word_1_209' title='bbox 889 2147 957 2187; x_wconf 91' lang='lat' dir='ltr'><strong>est</strong></span> <span class='ocrx_word' id='word_1_210' title='bbox 984 2144 1190 2187; x_wconf 87' lang='lat' dir='ltr'><strong>Laodicie</strong></span> <span class='ocrx_word' id='word_1_211' title='bbox 1210 2145 1424 2202; x_wconf 89' lang='lat' dir='ltr'><strong>Ierapolis</strong></span> <span class='ocrx_word' id='word_1_212' title='bbox 1444 2145 1612 2196; x_wconf 86' lang='lat' dir='ltr'><strong>Colose‚</strong></span> 
     </span>
     <span class='ocr_line' id='line_1_29' title="bbox 134 2213 1612 2267; baseline -0.001 -8"><span class='ocrx_word' id='word_1_213' title='bbox 134 2218 281 2259; x_wconf 85' lang='lat' dir='ltr'><strong>terrae</strong></span> <span class='ocrx_word' id='word_1_214' title='bbox 307 2217 434 2258; x_wconf 91' lang='lat' dir='ltr'><strong>motu</strong></span> <span class='ocrx_word' id='word_1_215' title='bbox 460 2213 760 2258; x_wconf 86' lang='lat' dir='ltr'><strong>conciderunt.</strong></span> <span class='ocrx_word' id='word_1_216' title='bbox 822 2213 945 2256; x_wconf 85' lang='lat' dir='ltr'><strong>Haec</strong></span> <span class='ocrx_word' id='word_1_217' title='bbox 967 2213 1151 2256; x_wconf 88' lang='lat' dir='ltr'><strong>Orosius</strong></span> <span class='ocrx_word' id='word_1_218' title='bbox 1170 2214 1287 2267; x_wconf 82' lang='lat' dir='ltr'><strong>fere3</strong></span> <span class='ocrx_word' id='word_1_219' title='bbox 1317 2215 1443 2258; x_wconf 89' lang='lat' dir='ltr'><strong>cuius</strong></span> <span class='ocrx_word' id='word_1_220' title='bbox 1461 2216 1612 2259; x_wconf 90' lang='lat' dir='ltr'><strong>uerbis</strong></span> 
     </span>
     <span class='ocr_line' id='line_1_30' title="bbox 134 2282 1611 2343; baseline 0 -15"><span class='ocrx_word' id='word_1_221' title='bbox 134 2288 183 2328; x_wconf 88' lang='lat' dir='ltr'><strong>et</strong></span> <span class='ocrx_word' id='word_1_222' title='bbox 209 2298 343 2328; x_wconf 87' lang='lat' dir='ltr'><strong>sensu</strong></span> <span class='ocrx_word' id='word_1_223' title='bbox 367 2299 420 2327; x_wconf 92' lang='lat' dir='ltr'><strong>eo</strong></span> <span class='ocrx_word' id='word_1_224' title='bbox 443 2283 657 2326; x_wconf 87' lang='lat' dir='ltr'><strong>libentius</strong></span> <span class='ocrx_word' id='word_1_225' title='bbox 684 2287 789 2326; x_wconf 74' lang='lat' dir='ltr'><strong>utor</strong></span> <span class='ocrx_word' id='word_1_226' title='bbox 815 2283 934 2340; x_wconf 90' lang='lat' dir='ltr'><strong>quod</strong></span> <span class='ocrx_word' id='word_1_227' title='bbox 954 2283 1044 2326; x_wconf 91' lang='lat' dir='ltr'><strong>scio</strong></span> <span class='ocrx_word' id='word_1_228' title='bbox 1064 2282 1372 2327; x_wconf 87' lang='lat' dir='ltr'><strong>Christianum</strong></span> <span class='ocrx_word' id='word_1_229' title='bbox 1392 2287 1439 2328; x_wconf 90' lang='lat' dir='ltr'><strong>et</strong></span> <span class='ocrx_word' id='word_1_230' title='bbox 1457 2286 1611 2343; x_wconf 89' lang='lat' dir='ltr'><strong>magni</strong></span> 
     </span>
     <span class='ocr_line' id='line_1_31' title="bbox 73 2352 1610 2412; baseline 0.003 -19"><span class='ocrx_word' id='word_1_231' title='bbox 73 2370 119 2404; x_wconf 80' lang='lat'><strong>30</strong></span> <span class='ocrx_word' id='word_1_232' title='bbox 134 2353 403 2412; x_wconf 88' lang='lat' dir='ltr'><strong>discipulum</strong></span> <span class='ocrx_word' id='word_1_233' title='bbox 452 2353 696 2411; x_wconf 83' lang='lat' dir='ltr'><strong>Augustini</strong></span> <span class='ocrx_word' id='word_1_234' title='bbox 741 2357 924 2410; x_wconf 87' lang='lat' dir='ltr'><strong>propter</strong></span> <span class='ocrx_word' id='word_1_235' title='bbox 971 2352 1230 2410; x_wconf 87' lang='lat' dir='ltr'><strong>religionem</strong></span> <span class='ocrx_word' id='word_1_236' title='bbox 1279 2354 1382 2396; x_wconf 92' lang='lat' dir='ltr'><strong>fidei</strong></span> <span class='ocrx_word' id='word_1_237' title='bbox 1431 2360 1610 2398; x_wconf 88' lang='lat' dir='ltr'><strong>nostrae</strong></span> 
     </span>
     <span class='ocr_line' id='line_1_32' title="bbox 133 2421 1611 2480; baseline 0.001 -13"><span class='ocrx_word' id='word_1_238' title='bbox 133 2423 318 2467; x_wconf 85' lang='lat' dir='ltr'><strong>ueritati</strong></span> <span class='ocrx_word' id='word_1_239' title='bbox 356 2422 617 2480; x_wconf 85' lang='lat' dir='ltr'><strong>diligentius</strong></span> <span class='ocrx_word' id='word_1_240' title='bbox 656 2422 883 2465; x_wconf 85' lang='lat' dir='ltr'><strong>institisse.</strong></span> <span class='ocrx_word' id='word_1_241' title='bbox 958 2421 1082 2465; x_wconf 88' lang='lat' dir='ltr'><strong>Haec</strong></span> <span class='ocrx_word' id='word_1_242' title='bbox 1121 2422 1299 2479; x_wconf 91' lang='lat' dir='ltr'><strong>quidem</strong></span> <span class='ocrx_word' id='word_1_243' title='bbox 1339 2427 1526 2480; x_wconf 85' lang='lat' dir='ltr'><strong>possunt</strong></span> <span class='ocrx_word' id='word_1_244' title='bbox 1564 2429 1611 2468; x_wconf 91' lang='lat' dir='ltr'><strong>et</strong></span> 
     </span>
     <span class='ocr_line' id='line_1_33' title="bbox 123 2491 1611 2551; baseline 0 -14"><span class='ocrx_word' id='word_1_245' title='bbox 123 2493 253 2551; x_wconf 85' lang='lat' dir='ltr'><strong>-apud</strong></span> <span class='ocrx_word' id='word_1_246' title='bbox 291 2492 404 2536; x_wconf 88' lang='lat' dir='ltr'><strong>alios</strong></span> <span class='ocrx_word' id='word_1_247' title='bbox 442 2492 678 2536; x_wconf 87' lang='lat' dir='ltr'><strong>historicos</strong></span> <span class='ocrx_word' id='word_1_248' title='bbox 715 2491 908 2535; x_wconf 91' lang='lat' dir='ltr'><strong>inueniri</strong></span> <span class='ocrx_word' id='word_1_249' title='bbox 951 2491 1170 2546; x_wconf 86' lang='lat' dir='ltr'><strong>diffusius,</strong></span> <span class='ocrx_word' id='word_1_250' title='bbox 1210 2493 1287 2550; x_wconf 91' lang='lat' dir='ltr'><strong>qui</strong></span> <span class='ocrx_word' id='word_1_251' title='bbox 1330 2493 1611 2537; x_wconf 87' lang='lat' dir='ltr'><strong>tirannorum</strong></span> 
     </span>
     <span class='ocr_line' id='line_1_34' title="bbox 133 2561 1610 2619; baseline 0.001 -13"><span class='ocrx_word' id='word_1_252' title='bbox 133 2563 392 2607; x_wconf 85' lang='lat' dir='ltr'><strong>atrocitates</strong></span> <span class='ocrx_word' id='word_1_253' title='bbox 431 2565 478 2605; x_wconf 90' lang='lat' dir='ltr'><strong>et</strong></span> <span class='ocrx_word' id='word_1_254' title='bbox 517 2562 667 2606; x_wconf 81' lang='lat' dir='ltr'><strong>exitus</strong></span> <span class='ocrx_word' id='word_1_255' title='bbox 705 2561 888 2605; x_wconf 88' lang='lat' dir='ltr'><strong>miseros</strong></span> <span class='ocrx_word' id='word_1_256' title='bbox 926 2561 1104 2619; x_wconf 87' lang='lat' dir='ltr'><strong>plenius</strong></span> <span class='ocrx_word' id='word_1_257' title='bbox 1142 2562 1353 2605; x_wconf 86' lang='lat' dir='ltr'><strong>scribunt.</strong></span> <span class='ocrx_word' id='word_1_258' title='bbox 1413 2563 1538 2616; x_wconf 81' lang='lat' dir='ltr'><strong>Quae</strong></span> <span class='ocrx_word' id='word_1_259' title='bbox 1571 2563 1610 2607; x_wconf 90' lang='lat' dir='ltr'><strong>si</strong></span> 
     </span>
    </p>
   </div>
   <div class='ocr_carea' id='block_1_3' title="bbox 131 2653 1610 2799">
    <p class='ocr_par' dir='ltr' id='par_1_3' title="bbox 131 2653 1610 2799">
     <span class='ocr_line' id='line_1_35' title="bbox 136 2653 1610 2703; baseline -0.001 -8"><span class='ocrx_word' id='word_1_260' title='bbox 136 2666 180 2703; x_wconf 81' lang='lat'><strong>17</strong></span> <span class='ocrx_word' id='word_1_261' title='bbox 205 2656 397 2703; x_wconf 78' lang='lat' dir='ltr'><strong>extirpare</strong></span> <span class='ocrx_word' id='word_1_262' title='bbox 413 2655 474 2692; x_wconf 77' lang='lat' dir='ltr'><strong>As</strong></span> <span class='ocrx_word' id='word_1_263' title='bbox 695 2664 743 2691; x_wconf 83' lang='lat'><strong>20</strong></span> <span class='ocrx_word' id='word_1_264' title='bbox 766 2655 978 2701; x_wconf 87' lang='lat' dir='ltr'><strong>autumpno</strong></span> <span class='ocrx_word' id='word_1_265' title='bbox 994 2653 1071 2690; x_wconf 74' lang='lat' dir='ltr'><strong>AM</strong></span> <span class='ocrx_word' id='word_1_266' title='bbox 1282 2665 1324 2692; x_wconf 84' lang='lat'><strong>21</strong></span> <span class='ocrx_word' id='word_1_267' title='bbox 1352 2666 1428 2690; x_wconf 83' lang='lat' dir='ltr'><strong>xxx</strong></span> <span class='ocrx_word' id='word_1_268' title='bbox 1444 2654 1610 2693; x_wconf 75' lang='lat' dir='ltr'>GBASM</span> 
     </span>
     <span class='ocr_line' id='line_1_36' title="bbox 131 2701 1608 2799; baseline -0.002 -58"><span class='ocrx_word' id='word_1_269' title='bbox 131 2703 398 2799; x_wconf 49' lang='grc' dir='ltr'><strong>ἰῗιὶἰέτιίιέἓειιοέ</strong></span> <span class='ocrx_word' id='word_1_270' title='bbox 405 2703 543 2741; x_wconf 82' lang='lat' dir='ltr'><strong>deinde</strong></span> <span class='ocrx_word' id='word_1_271' title='bbox 560 2701 628 2739; x_wconf 77' lang='lat' dir='ltr'><strong>SM</strong></span> <span class='ocrx_word' id='word_1_272' title='bbox 728 2702 775 2739; x_wconf 89' lang='lat'><strong>26</strong></span> <span class='ocrx_word' id='word_1_273' title='bbox 799 2701 900 2749; x_wconf 78' lang='lat' dir='ltr'><strong>syria</strong></span> <span class='ocrx_word' id='word_1_274' title='bbox 917 2701 957 2738; x_wconf 74' lang='lat' dir='ltr'>M</span> <span class='ocrx_word' id='word_1_275' title='bbox 1065 2703 1112 2738; x_wconf 85' lang='lat'><strong>28</strong></span> <span class='ocrx_word' id='word_1_276' title='bbox 1137 2702 1405 2739; x_wconf 83' lang='lat' dir='ltr'><strong>consciderunt</strong></span> <span class='ocrx_word' id='word_1_277' title='bbox 1423 2703 1457 2738; x_wconf 78' lang='lat' dir='ltr'>A</span> <span class='ocrx_word' id='word_1_278' title='bbox 1561 2714 1608 2751; x_wconf 81' lang='lat'><strong>32</strong></span> 
     </span>
    </p>
   </div>
   <div class='ocr_carea' id='block_1_4' title="bbox 132 2834 1609 2983">
    <p class='ocr_par' dir='ltr' id='par_1_4' title="bbox 132 2834 1609 2983">
     <span class='ocr_line' id='line_1_37' title="bbox 185 2834 1609 2886; baseline -0.001 -9"><span class='ocrx_word' id='word_1_279' title='bbox 185 2849 231 2886; x_wconf 82' lang='lat'><strong>19</strong></span> <span class='ocrx_word' id='word_1_280' title='bbox 253 2839 499 2875; x_wconf 62' lang='lat' dir='ltr'><strong>aon-besem:</strong></span> <span class='ocrx_word' id='word_1_281' title='bbox 522 2838 723 2873; x_wconf 66' lang='lat' dir='ltr'><strong>amatim</strong></span> <span class='ocrx_word' id='word_1_282' title='bbox 737 2834 843 2873; x_wconf 79' lang='lat' dir='ltr'><strong>Oros.</strong></span> <span class='ocrx_word' id='word_1_283' title='bbox 1050 2846 1095 2873; x_wconf 83' lang='lat'><strong>22</strong></span> <span class='ocrx_word' id='word_1_284' title='bbox 1121 2837 1398 2874; x_wconf 56' lang='lat' dir='ltr'><strong>Labicis-ianae:</strong></span> <span class='ocrx_word' id='word_1_285' title='bbox 1422 2838 1609 2876; x_wconf 67' lang='lat' dir='ltr'><strong>Libitinae</strong></span> 
     </span>
     <span class='ocr_line' id='line_1_38' title="bbox 132 2883 1498 2983; baseline -0.004 -58"><span class='ocrx_word' id='word_1_286' title='bbox 132 2887 238 2925; x_wconf 75' lang='lat'>010⁸.</span> <span class='ocrx_word' id='word_1_287' title='bbox 382 2895 430 2933; x_wconf 88' lang='lat'><strong>29</strong></span> <span class='ocrx_word' id='word_1_288' title='bbox 457 2886 710 2922; x_wconf 60' lang='lat' dir='ltr'><strong>Christianum</strong></span> <span class='ocrx_word' id='word_1_289' title='bbox 726 2886 821 2922; x_wconf 83' lang='lat' dir='ltr'><strong>etc.:</strong></span> <span class='ocrx_word' id='word_1_290' title='bbox 845 2896 878 2922; x_wconf 76' lang='grc' dir='ltr'><strong>ν.</strong></span> <span class='ocrx_word' id='word_1_291' title='bbox 894 2883 999 2922; x_wconf 77' lang='lat' dir='ltr'><strong>Otos.</strong></span> <span class='ocrx_word' id='word_1_292' title='bbox 1017 2883 1043 2921; x_wconf 85' lang='lat' dir='ltr'><strong>i.</strong></span> <span class='ocrx_word' id='word_1_293' title='bbox 1056 2883 1202 2932; x_wconf 80' lang='lat' dir='ltr'><strong>prolog.</strong></span> <span class='ocrx_word' id='word_1_294' title='bbox 1433 2940 1498 2983; x_wconf 58' lang='lat'><strong>³⁶³</strong></span> 
     </span>
    </p>
   </div>
  </div>
 </body>
</html>
