1846 3262
102 240 202 275 cu.
220 227 334 288 1111]
625 229 1064 276 POLICRATICVS

103 364 274 394 euntes
311 353 365 394 ut
403 365 538 394 aurea
575 351 784 395 uideatur
819 350 968 394 secula
1004 350 1259 401 reformare,
1287 352 1334 393 et
1372 349 1477 393 deos
1515 350 1574 393 ab

105 419 302 463 humano
327 434 488 478 genere
512 421 745 464 exulantes
774 420 869 464 eius
895 435 1030 478 opera
1060 423 1290 464 reuocatos
1319 419 1573 463 hominibus

103 492 332 533 oontmcta
375 490 585 533 societate
626 490 821 533 miscere.
900 489 1187 534 Consentiam
1231 488 1360 533 facile
1400 489 1572 532 littera-

105 558 264 602 tiorem
307 559 511 602 extitisse
552 559 880 612 Quintilianum
925 563 971 602 et
1017 559 1219 603 acumine
1259 561 1306 602 et
1349 559 1575 617 grauitate

69 645 89 679 5
105 627 280 672 dicendi
319 628 602 686 praecedere3
641 633 690 672 at
715 628 790 672 ille
816 629 1074 687 diligentior
1103 632 1183 680 est,
1203 632 1250 672 et
1280 631 1499 686 quantum
1526 628 1575 670 in

105 697 337 741 rethoricis
365 698 563 741 uincitur
595 702 772 741 tantum
802 698 944 742 uincit
973 698 1021 741 in
1050 698 1210 742 ethica.
1270 697 1372 756 Ipse
1402 712 1576 755 quoque

106 766 413 820 Quintilianus
447 767 495 810 in
526 767 700 825 magnis
734 771 781 811 et
814 767 1062 825 praecipuis
1101 768 1229 811 bonis
1268 767 1575 825 frugalitatem

105 836 231 881 ducit
261 840 308 881 et
340 837 390 880 in
419 837 798 880 commendatione
838 837 933 880 eius
963 840 1118 881 tantus
1148 840 1217 880 est
1255 840 1308 880 ut
1346 837 1419 880 uel
1457 837 1578 880 solus

106 905 247 963 possit
276 906 485 951 sufficere.
544 906 655 960 Quis
688 909 839 949 tamen
874 909 943 950 est
974 907 1051 963 qui
1086 922 1176 950 non
1210 906 1396 951 laudet?
1466 907 1579 960 Quis

49 994 92 1019 ιο
106 989 197 1018 non
236 990 334 1019 eam
372 975 662 1019 necessariam
710 975 885 1019 credit?
962 975 1033 1018 Ne
1082 979 1232 1019 tamen
1272 990 1300 1018 a
1337 975 1580 1019 luxuriosis

108 1059 274 1102 arguar
292 1059 456 1088 auarus
486 1044 763 1102 frugalitatis
793 1045 1010 1096 laudator,
1031 1059 1129 1089 eam
1159 1045 1419 1088 liberalitati
1449 1045 1580 1088 credo

108 1119 155 1158 et
173 1113 320 1158 fateor
338 1115 554 1158 coherere.
614 1113 768 1158 Cicero
787 1114 922 1158 michi
942 1115 1071 1158 testis
1098 1118 1166 1158 est
1195 1117 1242 1158 et
1271 1114 1415 1158 Iulius
1445 1114 1582 1159 Cesar

108 1188 156 1228 et
187 1184 266 1228 alii
294 1199 404 1242 quos
432 1198 562 1227 nemo
591 1183 846 1227 tenacitatis
875 1184 1134 1228 insimulare
1163 1187 1428 1242 praesumet.
1489 1184 1579 1226 Ad·

107 1268 264 1298 uersus
277 1254 392 1298 hanc
411 1254 554 1297 multa
573 1254 777 1312 superius
796 1254 917 1298 dicta
936 1259 1053 1305 sunt,
1068 1258 1115 1298 et
1133 1253 1418 1298 liberalitatis
1437 1253 1580 1297 officia

48 1339 93 1374 ιε
109 1338 167 1368 ex
184 1323 312 1367 libris
337 1323 592 1367 Officiorum
619 1323 750 1367 facile
770 1324 1058 1368 innotescent.
1117 1324 1181 1367 Vt
1205 1327 1357 1367 tamen
1385 1323 1576 1384 liberali-

109 1393 220 1438 tatis
266 1393 486 1451 ingenuae
535 1393 671 1436 facies
718 1393 981 1445 denudetur,
1029 1393 1187 1437 modus
1236 1393 1311 1436 ille
1359 1393 1578 1450 largiendi

109 1463 300 1507 nobilior
327 1467 374 1506 et
402 1463 668 1506 laudabilior
696 1467 765 1507 est
793 1467 840 1506 et
867 1463 1034 1521 absque
1073 1463 1194 1506 omni
1233 1463 1581 1506 contradictione

109 1533 306 1592 optimus
335 1533 412 1591 qui
441 1547 566 1590 spem
594 1532 965 1577 remunerationis
994 1533 1203 1577 excludit.
1263 1532 1494 1589 Siquidem
1523 1533 1581 1575 ad

109 1603 450 1647 retributionem
475 1603 594 1654 dare,
613 1618 641 1646 a
666 1603 936 1646 liberalitate
956 1603 1151 1646 alienum
1179 1605 1247 1646 est
1277 1606 1323 1646 et
1349 1606 1579 1646 consenta-

50 1688 96 1714 ιο
110 1687 244 1716 neum
262 1672 493 1716 auaritiae.
551 1672 671 1715 Nam
690 1671 927 1724 fenerator,
947 1676 1000 1715 ut
1018 1672 1119 1730 plus
1139 1672 1335 1730 recipiat,
1354 1671 1581 1715 interdum

109 1741 280 1800 aliquid
299 1741 608 1800 praelargitur.
668 1742 797 1786 Vnde
817 1741 982 1786 Cocus:

226 1834 414 1878 Munera
443 1834 561 1892 quod
590 1834 770 1878 senibus
799 1834 1035 1891 uiduisque
1065 1833 1266 1891 ingentia
1294 1833 1450 1884 mittis,

285 1892 402 1936 iuste
431 1893 703 1943 munificum,
733 1893 1003 1950 Gargiliane,
1032 1893 1217 1936 uocem?

228 1950 460 2018 Sordidius
491 1951 630 2018 nichil
656 1954 736 2018 est,
764 1951 902 1994 nichil
932 1955 1000 1994 est
1028 1953 1074 1994 te
1102 1950 1304 2007 spurcius
1334 1964 1436 2000 uno,

53 2026 95 2061 '⁵
229 2009 880 2125 εῑέῗωέιῖῗᾍιᾜὼῑῗᾱὲζῖῗ
907 2014 1302 2125 ζὲἷῖῗωωέἓω,

286 2125 447 2168 callida
474 2125 538 2168 sic
566 2125 729 2168 stultas
757 2125 923 2183 decipit
951 2140 1050 2168 esca
1079 2125 1208 2167 feras.

230 2183 351 2238 Quid
379 2183 441 2227 sit
469 2183 636 2241 largiri,
665 2183 774 2240 quid
803 2184 864 2226 sit
893 2184 1059 2226 donare
1087 2183 1270 2233 docebo,

286 2241 326 2285 si
354 2241 519 2294 nescis3
557 2242 686 2293 dona,
716 2241 985 2300 Gargiliane‚
1014 2240 1161 2284 michi.

115 2389 135 2428 5
161 2379 445 2428 diligentiorem
462 2379 502 2416 H
598 2382 655 2418 est
670 2392 738 2417 om.
755 2379 796 2416 M

113 2501 343 2550 dispicient!
391 2501 611 2538 Notandum
628 2502 687 2539 est
710 2501 942 2538 Frontonem
959 2499 1001 2537 in
1018 2499 1189 2548 epistolis
1214 2511 1305 2547 quas
1327 2499 1509 2537 habemus
1534 2500 1581 2538 de

113 2550 262 2588 Seneca
284 2548 384 2586 male
410 2549 589 2591 sensium
621 2549 706 2585 vide
731 2549 790 2586 ed.
816 2548 942 2585 Naber
966 2560 1030 2596 pp.
1054 2558 1095 2595 15
1122 2574 1133 2593 ,
1152 2550 1231 2595 156,
1255 2557 1338 2593 224.
1500 2549 1537 2592 6,
1559 2557 1581 2592 7

113 2598 199 2645 Ipse
213 2609 349 2646 quoque
366 2599 622 2642 Quintilianus
636 2598 731 2633 ete:
758 2609 789 2632 v.
805 2598 897 2632 Inst.
918 2598 978 2633 Or.
995 2607 1034 2632 x.
1051 2607 1072 2642 3
1130 2597 1188 2632 26.
1365 2605 1408 2631 12
1435 2596 1580 2632 Cicero:

114 2658 148 2682 v.
181 2646 284 2682 Tusc-
312 2646 416 2692 Βίῳ.
449 2644 507 2680 iii.
537 2646 559 2682 8
583 2644 625 2691 ἐξ
660 2645 787 2689 16-18,
811 2643 877 2680 nbi
905 2643 966 2679 fru
1035 2643 1140 2680 'tatis
1166 2642 1300 2679 laudes
1327 2642 1433 2686 dicit,
1463 2645 1503 2679 et
1534 2643 1582 2680 de

115 2692 362 2730 cohaerentia
376 2704 487 2730 verae
502 2691 747 2728 liberalitatis
766 2703 854 2728 cum
870 2691 890 2727 f
1001 2691 1094 2727 'tate
1110 2692 1154 2727 de
1171 2692 1238 2736 Off.
1254 2690 1280 2726 i.
1303 2701 1345 2735 14
1363 2690 1381 2736 ξ
1400 2701 1457 2735 44,
1474 2690 1517 2726 ii.
1539 2692 1582 2728 16

115 2740 160 2826 ὃς
179 2749 306 2788 55-57.
451 2741 573 2776 Iulius
591 2741 719 2775 Cesar:
743 2751 781 2775 v.
797 2750 910 2786 supra
925 2751 957 2776 c.
974 2749 996 2784 7
1014 2740 1166 2785 (7340).
1353 2746 1392 2784 ις
1418 2749 1465 2773 esc
1478 2739 1586 2774 libr-'³

187 2800 349 2824 enorum:
374 2799 406 2824 v.
422 2787 554 2824 Cic.de
572 2789 641 2832 Off.
658 2786 683 2824 i.
697 2797 751 2831 14.
950 2796 992 2824 21
1017 2787 1289 2833 praetor-quur:
1312 2785 1419 2822 deest
1434 2784 1476 2821 in
1493 2784 1582 2823 Iaex.

145 2835 283 2873 ore-de
300 2834 376 2872 Vit.
537 2836 667 2872 eom:
691 2833 763 2871 i.e.
784 2833 996 2877 Martiali„
1019 2845 1056 2870 v.
1070 2845 1186 2880 supra
1210 2833 1259 2869 ad
1283 2831 1348 2868 vii.
1369 2843 1411 2870 12
1430 2833 1514 2880 (665
1526 2835 1583 2874 B).

116 2893 162 2920 22
186 2885 347 2920 Manem
362 2884 456 2920 etc.:
483 2882 649 2919 Martini.
664 2883 794 2929 Epiqr.
812 2881 861 2919 iv.
879 2883 937 2928 56.
1080 2891 1126 2928 23
1149 2883 1268 2917 ium:
1293 2881 1355 2917 uis
1368 2885 1402 2917 te
1417 2879 1585 2918 Martini.

171 2955 255 2974 η·
271 2954 294 2974 ¹¹
800 2954 826 2981 ’.ι’
853 2943 873 2981 t
1407 2957 1472 2991 3²¹

1588 232 1724 282 7641)

1591 437 1617 468 c

1593 1329 1623 1370 d
