1846 3262
58 226 145 267 662
165 224 194 266 d
535 221 800 268 IOANNIS
842 219 1364 266 SARESBERIENSIS
1496 219 1610 281 [ΜΒ.
1626 232 1699 265 v11

162 347 192 387 d
208 345 486 406 interrogas3
527 346 683 390 littera
722 344 900 388 inutilis
940 347 1020 396 est,
1059 358 1142 388 nec
1176 344 1425 388 curandum
1474 347 1544 389 est
1590 343 1700 403 quid

209 416 430 474 loquatur.
492 416 541 460 Si
569 416 724 467 instas,
745 414 996 458 moneberis
1025 414 1183 473 fugere
1211 415 1422 472 quoniam
1452 415 1702 473 perniciosa

209 490 277 530 est
317 491 363 530 et
402 487 575 530 occidit.
638 485 761 530 Caue
795 500 853 529 ne
885 500 1066 543 serpens
1102 484 1163 528 sis
1198 485 1276 542 qui
1309 487 1476 528 terram
1507 486 1702 529 comedit

207 558 414 601 omnibus
430 557 587 600 diebus
601 556 724 600 uitae
740 570 860 599 suae.
923 556 1020 599 Aut
1035 555 1282 598 ludendum
1302 558 1383 598 aut
1403 555 1700 599 fabulandum

207 630 289 670 aut
312 627 652 685 disceptandum
677 629 746 670 est
773 626 885 680 tibi3
920 641 1026 669 nam
1054 626 1132 684 qui
1160 626 1392 670 uerbosior
1418 629 1498 678 est,
1517 626 1700 670 uidetur
1717 637 1738 673 ⁵

207 698 391 741 doctior.
450 697 545 741 Nec
575 697 825 740 curandum
851 699 919 740 est
946 697 1066 740 unde
1090 698 1172 740 aut
1196 696 1306 754 quid
1333 696 1389 740 de
1417 711 1506 754 quo
1533 695 1701 740 sentiat

206 770 287 811 aut
307 767 508 825 proferat
529 767 704 825 aliquis,
718 767 826 810 dum
842 767 1067 825 loquatur.
1127 766 1222 810 Nec
1244 766 1385 810 refert
1407 781 1497 824 qua
1512 766 1700 825 quisque

207 839 381 882 ratione
401 839 587 890 nitatur,
610 839 718 882 dum
739 853 830 882 non
851 837 1118 881 instantiam
1139 837 1217 881 sed
1236 838 1443 881 umbram
1464 837 1560 881 eius
1580 837 1700 895 quis-

207 923 293 966 que
314 909 421 952 dare
441 908 645 952 sufficiat.
706 908 827 962 Quid
848 923 1006 951 uerum
1032 911 1114 951 aut
1142 907 1320 959 falsum,
1342 907 1451 966 quid
1471 907 1700 966 probabile

207 980 288 1021 aut
307 993 398 1022 non
417 979 647 1036 probabile
668 979 739 1030 sit,
753 979 924 1022 frustra
945 979 1190 1036 quaeritur,
1204 993 1306 1022 cum
1323 978 1530 1022 omnibus
1549 967 1700 1036 imago
1719 995 1762 1020 10

206 1049 507 1106 probabilium
546 1049 842 1107 praeferatur.
920 1049 1081 1092 Statue
1129 1048 1248 1106 quod
1295 1049 1503 1100 uolueris,
1543 1049 1700 1092 statim

55 1124 142 1172 663
161 1133 192 1163 a
208 1119 321 1162 illud
341 1120 494 1177 aliqua
524 1119 774 1163 similitudo
804 1122 1020 1172 euacuat3
1057 1134 1163 1162 nam
1185 1119 1304 1176 quod
1330 1119 1506 1177 optinet
1532 1118 1581 1162 in
1608 1133 1700 1162 uno

207 1190 343 1234 simili
373 1189 487 1233 uelis
516 1189 632 1233 nolis
662 1190 711 1232 in
741 1189 830 1233 alio
860 1189 1093 1247 optinebit.
1170 1188 1362 1234 Constat
1396 1191 1549 1233 tamen
1579 1188 1698 1246 quod

205 1275 314 1304 uero
353 1261 496 1304 simile
537 1262 606 1304 est
644 1275 736 1304 non
776 1260 932 1303 statim
973 1275 1067 1303 esse
1102 1274 1261 1303 uerum
1296 1263 1342 1303 et
1377 1260 1495 1317 quod
1531 1259 1698 1303 falsum

205 1331 388 1374 uidetur
407 1346 497 1374 non
518 1345 692 1388 semper
712 1330 878 1373 falsum
895 1345 999 1374 esse.
1061 1330 1111 1373 Si
1131 1330 1461 1388 propositorum
1481 1330 1696 1373 similium
1717 1347 1758 1386 15

205 1401 616 1445 dissimilitudinem
656 1401 815 1443 niteris
854 1400 1040 1458 aperire,
1074 1415 1168 1444 rem
1208 1400 1388 1443 inanem
1429 1400 1696 1458 aggrederis.

170 1492 176 1497 ·
206 1471 302 1515 Aut
322 1472 440 1515 enim
461 1474 508 1514 te
528 1471 601 1514 uel
622 1471 814 1514 clamore
835 1470 1096 1528 praepediet
1116 1474 1197 1514 aut
1217 1471 1490 1528 superfluam
1515 1485 1697 1528 operam

206 1542 438 1593 deridebit,
459 1556 560 1585 cum
588 1541 789 1584 omnium
817 1540 1030 1584 similium
1055 1540 1253 1598 aliquam
1284 1540 1697 1584 dissimilitudinem

205 1627 299 1656 esse
321 1614 548 1670 oporteat3
579 1611 778 1668 alioquin
794 1625 884 1654 non
903 1614 997 1654 tam
1017 1611 1182 1654 similia
1209 1626 1343 1668 quam
1363 1611 1518 1654 eadem
1533 1612 1696 1656 merito

206 1682 471 1726 dicerentur.
532 1681 701 1724 Docere
721 1696 802 1724 cur
822 1681 889 1724 ita
909 1696 999 1724 non
1025 1681 1085 1725 sit
1112 1696 1203 1725 non
1226 1681 1358 1725 modo
1379 1681 1595 1725 friuolum
1617 1682 1694 1726 sed
1715 1697 1760 1721 20

205 1753 410 1796 irrisione
431 1751 743 1809 dignissimum
763 1751 1000 1795 iudicatur.
1062 1751 1230 1794 Statim
1251 1751 1483 1809 quaeritur
1502 1767 1561 1795 an
1581 1752 1696 1796 uelis

205 1823 481 1876 concionari;
521 1822 679 1865 dicunt
708 1836 755 1864 se
785 1824 839 1864 ut
867 1821 1247 1878 Peripatheticum
1280 1837 1371 1865 non
1403 1821 1696 1880 Ermagoram

207 1893 396 1936 audiant
411 1892 687 1944 conuenisse3
717 1906 819 1935 cum
835 1894 987 1935 tamen
1000 1891 1360 1935 deambulatione
1375 1894 1422 1936 et
1436 1892 1697 1937 circuitione

161 1967 191 2007 b
209 1963 386 2007 uiarum
406 1963 557 2021 potius
577 1977 711 2020 quam
733 1962 940 2020 diligenti
969 1963 1317 2021 inuestigatione
1344 1977 1494 2006 rerum
1516 1963 1695 2021 Peripa-

205 2034 397 2077 theticos
425 2033 671 2076 imitentur.
732 2032 782 2075 Si
813 2035 965 2096 tamen
995 2033 1104 2076 haec
1134 2033 1192 2076 ad
1215 2033 1388 2090 copiam
1416 2033 1694 2091 eloquentiae
1714 2051 1757 2086 25

205 2105 550 2162 comparandam
571 2106 832 2147 exerceatur
858 2103 1124 2161 disceptatio
1145 2106 1190 2147 et
1211 2103 1376 2147 similia
1395 2107 1441 2148 et
1461 2103 1696 2148 dissimilia

208 2253 254 2279 10
272 2248 357 2289 post
374 2243 441 2279 aut
457 2244 542 2279 add.
560 2242 654 2289 quid
671 2243 712 2279 M
900 2245 944 2281 16
968 2242 1165 2291 agrederis
1183 2243 1286 2281 cl3¹s
1478 2255 1523 2281 22
1550 2244 1698 2292 peripa-

205 2291 369 2328 teticum
387 2291 418 2327 B
613 2300 656 2338 25
686 2291 907 2338 eloquentie
925 2292 1078 2340 copiam
1094 2292 1142 2327 Al

256 2431 288 2462 2,
307 2430 327 2466 3
350 2421 558 2474 perniciosa
575 2424 626 2455 est
643 2425 675 2455 et
691 2421 840 2457 occidit.
867 2431 916 2457 sc.
937 2422 1083 2464 li;ttera
1107 2432 1141 2456 v.
1161 2430 1182 2456 2
1199 2419 1282 2457 Cor.
1299 2419 1354 2456 iii.
1372 2421 1407 2457 6.
1506 2431 1527 2467 3
1548 2433 1697 2468 serpens

207 2469 280 2505 etc.
297 2480 305 2503 ε
331 2479 364 2504 v.
383 2467 477 2504 Gen.
497 2467 552 2503 iii.
576 2477 629 2512 14.
784 2478 829 2504 22
854 2470 1183 2515 Peripatheticum:
1212 2467 1273 2505 Sic
1289 2468 1463 2505 homines
1480 2469 1622 2507 saeculi
1639 2469 1696 2506 xii

207 2514 455 2570 dialecticum
486 2526 619 2552 vocare
655 2515 759 2552 soliti
791 2518 905 2561 sunt3
944 2516 1238 2571 dialecticorum
1276 2528 1366 2563 ergo
1407 2517 1513 2554 illius
1553 2517 1696 2555 aetatis

208 2563 379 2601 omnium
397 2563 577 2610 princeps
594 2564 824 2600 Abaelardus
849 2564 1068 2611 saepissime
1093 2566 1358 2610 Peripateticus
1378 2567 1574 2602 Palatinus
1595 2578 1695 2602 nun-

208 2614 397 2658 cupatur-3
423 2611 530 2648 cuius
547 2611 753 2658 discipulos
769 2612 979 2658 degeneres
998 2625 1085 2659 quos
1101 2614 1220 2649 adhuc
1243 2614 1434 2649 dialectica
1456 2615 1669 2650 detinebat‘
1653 2627 1695 2651 m

207 2665 327 2695 monte
361 2660 396 2695 S.
431 2659 645 2697 Genovefae
675 2662 814 2706 (Metal.
849 2660 890 2697 ii.
924 2665 981 2707 10)
1012 2660 1085 2698 hoc
1117 2659 1201 2697 loco
1230 2661 1512 2707 reprehendere
1542 2661 1696 2699 videtur

209 2707 372 2744 Ioannes
390 2709 545 2751 noster3
571 2707 619 2744 cf.
636 2709 841 2754 Metaloyici
853 2708 1008 2745 locum‘
996 2721 1076 2746 iam
1093 2707 1266 2745 citatum.
1425 2711 1693 2756 Ennaqoram.

209 2755 265 2793 De
289 2755 524 2810 Hermagora
547 2755 699 2792 rhetore
725 2767 804 2792 non
829 2755 1071 2803 philosopho,
1089 2756 1157 2803 qui
1180 2759 1320 2800 tamen,
1335 2757 1427 2793 dum
1452 2758 1500 2794 de
1523 2759 1605 2795 arte
1627 2769 1695 2795 sua

209 2802 353 2847 scribit,
373 2803 615 2850 quaestiones
639 2804 823 2850 quasdam
848 2803 1132 2851 philosophicas
1155 2804 1262 2851 quasi
1287 2805 1431 2842 oratori
1455 2805 1694 2853 pertinentes

207 2851 388 2888 tractavit
403 2853 452 2895 et,
471 2853 516 2887 ut
534 2851 590 2888 ait
608 2851 750 2897 Cicero,
766 2864 831 2888 nec
845 2854 935 2900 quid
951 2854 1050 2889 dicat
1074 2855 1256 2889 attendere
1277 2866 1343 2891 nec
1367 2855 1456 2901 quid
1473 2855 1696 2901 polliceatur

208 2900 411 2945 intelleyere
427 2901 583 2945 uidetur,
601 2912 633 2936 v.
652 2899 728 2937 Cic.
741 2880 790 2936 'de
806 2902 946 2936 Invent.
964 2900 990 2937 i.
1006 2902 1029 2938 6
1048 2899 1066 2948 ξ
1086 2903 1122 2939 8.

355 2973 418 3013 138
