1846 3262
117 216 193 266 651
211 225 243 256 a
588 212 853 258 IOANNIS
894 210 1418 257 SARESBERIENSIS
1549 211 1660 269 [LIB.
1676 221 1749 255 vn

255 429 363 489 Cap.
388 431 426 476 8.
457 430 587 485 Quod
610 429 771 473 uirtus
791 427 938 473 unica
957 426 1047 472 uia
1068 430 1129 471 est
1154 426 1513 484 philosophandi
1538 431 1578 471 et
1603 427 1751 472 eundi

371 501 435 544 ad
465 500 797 544 beatitudinem
810 517 828 550 ;
859 502 897 543 et
919 498 973 542 de
992 497 1144 542 tribus
1170 496 1398 554 madibus
1422 498 1749 552 accedentium,

372 574 412 614 et
432 570 486 614 de
506 569 658 614 tribus
677 568 802 614 sectis
815 568 1206 627 philosophorum.

313 675 648 726 Verumtamen,
668 674 776 732 quia
795 688 887 717 non
911 688 1065 718 omnes
1085 673 1237 717 omnia
1256 674 1457 731 possunt,
1483 674 1529 716 et
1550 672 1748 730 Spiritus

252 746 331 790 ubi
351 746 454 789 uult
473 745 628 803 spirat,
650 748 696 788 et
717 744 930 802 frequens
950 746 1019 788 est
1042 747 1096 787 ut
1119 758 1286 794 eorum,
1307 758 1422 801 quae
1443 757 1471 786 a
1490 742 1748 788 doctoribus
1766 763 1787 800 5

252 816 560 875 proferuntur,
611 815 920 859 multitudinis
973 815 1035 860 sit
1087 815 1329 873 multiplex
1377 814 1645 866 intellectus,
1690 828 1749 859 ex

205 888 235 927 b
252 888 403 931 uerbis
448 886 646 931 Socratis
690 888 737 930 et
778 885 978 930 Platonis
1022 889 1169 930 sectae
1208 885 1378 929 multae
1422 884 1749 943 profluxerunt,

251 972 406 1001 omnes
435 960 588 1001 tamen
619 957 677 1000 ad
707 971 849 1000 unum
879 956 958 1000 sed
988 957 1117 1014 quasi
1146 971 1227 1015 per
1255 956 1407 1000 uarias
1436 955 1619 999 semitas
1645 969 1748 1013 pro-

250 1030 474 1085 perantes.
531 1027 655 1071 Illud
684 1030 837 1071 autem
868 1041 957 1085 quo
987 1027 1188 1072 omnium
1224 1025 1563 1071 rationabilium
1598 1025 1748 1084 uergit

250 1098 446 1143 intentio
481 1113 592 1142 uera
626 1097 862 1141 beatitudo
894 1100 976 1142 est.
1042 1097 1189 1141 Nemo
1224 1097 1392 1141 etenim
1427 1099 1497 1140 est
1536 1095 1614 1154 qui
1654 1110 1746 1140 non
1766 1114 1809 1140 10

250 1169 364 1212 uelit
399 1183 493 1212 esse
525 1168 711 1221 beatus;
753 1167 831 1212 sed
867 1168 925 1211 ad
960 1168 1044 1212 hoc
1079 1167 1199 1226 quod
1234 1167 1492 1211 desiderant
1526 1180 1618 1210 non
1653 1180 1747 1210 una

249 1238 327 1282 uia
347 1253 500 1282 omnes
520 1238 748 1282 incedunt.
808 1238 911 1281 Vna
929 1239 1082 1281 tamen
1103 1240 1172 1281 est
1191 1237 1399 1281 omnibus
1418 1237 1496 1280 uia
1515 1235 1747 1294 proposita

248 1309 328 1352 sed
359 1309 487 1367 quasi
517 1311 662 1352 strata
691 1308 816 1367 regia
845 1308 1067 1353 scinditur
1095 1308 1143 1351 in
1170 1308 1353 1352 semitas
1379 1307 1559 1352 multas,
1618 1306 1744 1352 Haec

249 1382 403 1422 autem
433 1379 582 1423 uirtus
611 1382 702 1432 est;
738 1394 844 1422 nam
873 1379 962 1423 nisi
991 1393 1073 1437 per
1101 1378 1320 1422 uirtutem
1349 1392 1481 1422 nemo
1512 1377 1570 1421 ad
1600 1377 1742 1421 beati-

249 1449 455 1493 tudinem
495 1450 658 1508 pergit.
719 1448 848 1494 Citra
882 1449 1069 1494 uirtutis
1101 1463 1237 1507 opera
1270 1447 1390 1492 forte
1425 1448 1526 1506 quis
1558 1450 1605 1492 et
1638 1463 1740 1507 pro-
1761 1464 1802 1500 1⁵

249 1520 461 1564 culdubio
495 1520 592 1564 sine
632 1520 843 1578 operibus
881 1520 940 1563 ad
975 1519 1303 1564 beatitudinem
1333 1519 1545 1570 trahitur,
1570 1519 1648 1563 sed
1688 1534 1741 1563 eo

248 1589 402 1634 nullus
422 1590 509 1634 nisi
536 1590 723 1634 uirtutis
746 1589 952 1648 passibus
978 1589 1138 1648 pergit.
1197 1589 1355 1633 Virtus
1382 1604 1488 1647 ergo
1509 1588 1742 1633 felicitatis

249 1659 461 1703 meritum
482 1663 563 1712 est,
584 1659 777 1704 felicitas
800 1660 987 1704 uirtutis
1014 1659 1278 1718 praemium.
1338 1659 1398 1703 Et
1425 1660 1534 1704 haec
1559 1659 1741 1717 quidem

205 1745 234 1776 c
250 1729 368 1773 bona
398 1734 506 1774 sunt
535 1745 721 1782 summa,
750 1730 944 1774 alterum
973 1730 1087 1782 uiae,
1117 1729 1310 1774 alterum
1339 1729 1526 1788 patriae.
1586 1730 1742 1774 Nichil

248 1800 368 1844 enim
389 1801 561 1844 uirtute
581 1800 896 1859 praestantius,
912 1800 1021 1844 dum
1037 1801 1143 1844 exul
1162 1800 1477 1859 peregrinatur
1491 1815 1519 1843 a
1534 1799 1740 1852 Domino,
1767 1817 1815 1843 20

246 1871 386 1915 nichil
416 1871 633 1915 felicitate
667 1871 840 1923 melius,
870 1871 979 1914 dum
1014 1871 1126 1916 ciuis
1156 1874 1319 1929 regnat
1353 1873 1399 1915 et
1433 1870 1602 1929 gaudet
1636 1885 1739 1915 cum

246 1941 454 1987 Domino.
520 1941 639 1986 Sunt
678 1945 831 1985 autem
871 1942 980 1987 haec
1019 1941 1228 1985 omnibus
1267 1941 1369 1985 aliis
1408 1941 1739 1999 praestantiora

246 2012 354 2069 quia
384 2012 534 2056 uirtus
568 2012 720 2056 omnia
754 2012 940 2070 agenda,
976 2011 1169 2056 felicitas
1203 2012 1355 2056 omnia
1389 2011 1587 2070 optanda
1620 2026 1738 2056 com-

243 2082 471 2140 plectitur.
528 2083 737 2127 Felicitas
757 2086 910 2127 tamen
929 2083 1094 2126 uirtuti
1114 2084 1315 2141 praestat
1335 2082 1441 2140 quia
1460 2082 1508 2125 in
1529 2082 1737 2126 omnibus

242 2153 547 2210 praestantius
577 2156 646 2197 est
674 2156 860 2211 propter
888 2153 1008 2211 quod
1037 2153 1209 2211 aliquid
1236 2167 1371 2210 quam
1401 2152 1522 2210 quod
1550 2155 1736 2211 propter
1753 2169 1796 2204 ²5

243 2223 428 2281 aliquid.
490 2224 596 2267 Non
627 2223 747 2268 enim
778 2223 891 2268 felix
915 2226 984 2268 est
1013 2224 1114 2281 quis
1144 2227 1198 2268 ut
1223 2226 1343 2267 recte
1367 2225 1486 2281 agat,
1511 2223 1589 2267 sed
1615 2226 1736 2268 recte

242 2294 340 2351 agit
389 2297 443 2337 ut
488 2293 682 2338 feliciter
722 2294 863 2338 uiuat.
933 2294 1064 2338 Vnde
1109 2297 1156 2338 et
1200 2293 1478 2338 Socraticum
1528 2293 1642 2338 illud
1686 2294 1736 2338 in

244 2362 607 2408 Saturnaliorum
641 2364 757 2409 libro
788 2364 1023 2409 laudatur:
1065 2364 1234 2408 Multos
1266 2364 1469 2408 homines
1498 2368 1736 2423 propterea

242 2501 266 2539 9
291 2491 622 2529 ratiocinabilium
639 2491 695 2529 CS
843 2493 886 2530 18
912 2494 971 2530 est
986 2491 1170 2530 meritum
1185 2490 1234 2527 A¹

293 2617 308 2644 1
338 2607 433 2645 Cum
452 2620 484 2645 c.
504 2609 526 2645 8
543 2608 716 2646 conferre
739 2607 832 2646 licet
853 2606 1060 2645 Abaelardi
1084 2608 1282 2653 Dialoyum
1303 2606 1414 2655 (opp.
1439 2608 1498 2646 ed.
1525 2608 1666 2646 Cousin
1689 2609 1733 2647 ii.

241 2667 307 2702 pp.
323 2657 397 2701 644
407 2668 509 2703 seqq.
523 2667 532 2693 :
558 2656 782 2704 praesertim
798 2668 864 2704 pp.
882 2658 964 2703 669,
981 2658 1062 2702 675,
1080 2657 1160 2702 679,
1177 2656 1277 2701 683).
1471 2667 1495 2703 4
1519 2669 1595 2694 non
1611 2669 1734 2695 omme

241 2706 367 2740 omnia
380 2710 558 2751 possunt:
582 2717 622 2747 v.>
633 2704 747 2752 Verg.
763 2706 846 2741 Ecz.
862 2703 943 2741 viii.
961 2705 1020 2750 63.
1129 2714 1164 2750 4,
1185 2711 1203 2750 5
1230 2705 1395 2750 Spiritus
1409 2705 1474 2741 ubi
1490 2706 1573 2742 uult
1587 2708 1730 2752 spirat:

241 2750 378 2788 Ioann.
404 2751 460 2788 iii.
487 2754 520 2789 8.
679 2763 722 2798 13
746 2758 864 2789 strata
891 2756 1014 2798 wyia:
1047 2750 1210 2799 Anglice
1239 2753 1296 2788 the
1323 2752 1446 2799 kiny's
1470 2754 1661 2801 hiffwam
1695 2766 1731 2792 v.

242 2797 428 2846 Ducange
453 2800 522 2837 sub
547 2812 651 2846 voc.;
683 2799 731 2838 cf.
749 2799 910 2838 Pollock
935 2801 969 2836 &
993 2799 1190 2836 Maitland
1215 2801 1371 2846 History
1393 2803 1439 2846 of
1455 2802 1616 2847 Enqlish
1639 2803 1732 2838 Lato

242 2846 300 2883 ed.
322 2848 411 2893 1898
429 2847 456 2885 i.
474 2860 538 2895 pp.
559 2858 615 2893 44,
636 2857 696 2896 45.
854 2858 902 2885 20
920 2850 1186 2894 pereqrinatur
1200 2860 1224 2884 α
1243 2849 1426 2886 Domino:
1453 2861 1486 2885 v.
1504 2859 1525 2886 2
1544 2848 1628 2887 Cor.
1645 2861 1678 2888 v,
1692 2850 1729 2888 6.

241 2903 287 2940 27
313 2896 538 2933 Socraticum
553 2898 651 2933 illud
666 2898 760 2935 etc.:
785 2909 820 2934 v.
837 2895 1005 2934 Macrob.
1020 2897 1098 2934 Sat.
1114 2894 1156 2933 ii
1174 2897 1196 2935 8
1216 2894 1234 2944 §
1257 2897 1313 2934 16.

354 2967 418 3002 118
