1846 3262
23 239 110 288 665
129 249 160 279 a

513 234 778 281 IOANNIS
821 233 1344 278 SARESBERIENSIS
1466 232 1579 295 [ΜΒ.
1594 245 1667 278 ΠΙ

177 359 346 403 salibus
377 359 544 403 dicitur
573 357 788 401 referunt.
848 356 941 400 Alii
969 356 1219 399 discutiunt
1242 356 1497 400 intellectus
1524 360 1570 400 et
1594 371 1669 400 eos

177 429 502 473 uniuersalium
538 428 795 472 nominibus
827 427 997 470 censeri
1029 427 1309 470 confirmant.
1381 427 1584 470 Fuerunt
1624 430 1671 470 et

178 499 257 556 qui
277 514 408 542 uoces
429 498 548 556 ipsas
573 512 739 556 genera
766 497 966 540 dicerent
994 511 1088 540 esse
1114 499 1160 539 et
1188 496 1381 553 species3
1411 497 1489 540 sed
1516 512 1670 540 eorum

178 571 269 614 iam
291 570 474 627 explosa
494 568 720 612 sententia
740 571 809 611 est
830 570 876 610 et
897 566 1030 610 facile
1051 582 1152 610 cum
1168 572 1350 610 auctore
1371 581 1451 610 suo
1473 567 1670 610 euanuit.

180 641 299 684 Sunt
321 644 473 683 tamen
503 639 650 682 adhuc
678 638 755 695 qui
783 637 1183 695 deprehenduntur
1208 637 1257 679 in
1281 637 1486 694 uestigiis
1506 651 1672 686 eorum,

178 710 283 754 licet
318 710 583 753 erubescant
623 711 851 752 auctorem
892 708 966 751 uel
1007 708 1278 751 sententiam
1318 707 1533 765 profiteri,
1567 706 1674 750 solis

178 780 435 824 nominibus
451 780 720 830 inherentes,
736 779 855 836 quod
871 779 1004 822 rebus
1020 781 1066 822 et
1082 778 1384 822 intellectibus
1398 777 1675 821 subtrahunt

178 850 458 894 sermonibus
478 850 744 894 asscribunt.

505 949 672 1007 Magno
702 963 749 992 se
780 947 926 991 iudice
957 947 1146 1005 quisque
1177 950 1334 991 tuetur

181 1046 228 1086 et
255 1058 312 1086 ex
336 1042 488 1086 uerbis
513 1045 759 1092 auctorum,
781 1041 859 1099 qui
880 1041 1190 1084 indifferenter
1219 1041 1404 1084 nomina
1429 1055 1512 1099 pro
1541 1039 1676 1083 rebus

181 1114 256 1157 uel
277 1128 347 1156 res
367 1127 450 1170 pro
470 1112 728 1156 nominibus
749 1114 1009 1169 posuerunt,
1030 1126 1159 1155 suam
1179 1111 1378 1155 adstruit
1404 1110 1677 1155 sententiam

182 1185 256 1228 uel
288 1198 495 1228 errorem.
557 1182 781 1226 Oriuntur
816 1183 922 1226 hinc
954 1197 1121 1241 magna
1151 1182 1394 1226 seminaria
1427 1182 1678 1240 iurgiorum

184 1258 231 1298 et
266 1254 439 1312 colligit
474 1253 663 1311 quisque
703 1268 792 1311 quo
828 1268 956 1296 suam
991 1253 1134 1311 possit
1173 1253 1366 1296 heresim
1402 1253 1679 1297 confirmare.

184 1325 226 1368 A
266 1325 506 1382 generibus
547 1327 593 1367 et
633 1324 864 1381 speciebus
904 1338 1189 1381 nequaquam
1230 1323 1464 1375 receditur,
1505 1323 1583 1366 sed
1625 1337 1678 1366 eo

185 1395 431 1453 applicabis
471 1394 782 1451 undecumque
828 1394 1068 1437 institutus
1115 1394 1176 1437 sit
1219 1409 1375 1438 sermo.
1447 1393 1676 1437 Poeticum

185 1466 315 1509 illum
341 1468 387 1508 te
412 1464 563 1508 subito
583 1464 818 1508 miraberis
843 1464 1068 1508 inuenisse
1089 1464 1306 1522 pictorem
1331 1464 1410 1522 qui
1438 1464 1496 1507 ad
1516 1463 1680 1516 omnia,

188 1551 303 1593 quae
342 1535 583 1578 necessitas
623 1535 779 1592 exigit,
814 1535 899 1579 scit
934 1534 1126 1578 fortasse
1165 1535 1377 1578 simulare
1409 1549 1679 1592 cupressum.

189 1606 369 1664 Desipit
394 1606 461 1648 ita
481 1604 630 1648 Rufus
650 1605 699 1647 in
719 1605 764 1648 N
767 1605 880 1657 cuia,
900 1620 928 1648 a
952 1620 1042 1663 qua
1063 1620 1176 1657 eum,
1198 1608 1314 1649 teste
1336 1604 1502 1663 Coquo,
1527 1604 1680 1648 nullus

188 1691 317 1721 casus
340 1676 531 1728 auertit3
561 1690 667 1718 nam

308 1768 522 1827 quicquid
551 1768 649 1826 agit
678 1767 839 1820 Rufus,
870 1768 1009 1812 nichil
1039 1771 1109 1812 est
1137 1768 1225 1812 nisi
1256 1768 1302 1811 N
1304 1768 1406 1812 euia
1435 1767 1580 1822 Ruf03

367 1829 406 1871 si
435 1828 615 1887 gaudet,
645 1827 684 1870 si
714 1828 804 1879 flet,
834 1827 873 1870 si
903 1831 1033 1878 tacet,
1064 1828 1180 1871 hanc
1209 1827 1423 1885 loquitur.

190 1974 211 2010 3
238 1974 317 2000 esse
334 1975 403 1999 om.
421 1961 462 1997 M
607 1970 627 2007 7
646 1962 687 1998 et
703 1973 770 1996 om.
787 1959 835 1997 A1
981 1962 1003 1998 8
1028 1960 1227 1998 ascribunt
1243 1960 1319 1997 AM
1474 1971 1498 2007 9
1522 1960 1681 2009 quisque

189 2024 229 2048 se
247 2010 374 2047 iudice
392 2009 474 2047 0¹8¹
491 2020 501 2046 ε
529 2009 690 2056 quisque
707 2008 834 2046 iudice
852 2020 890 2046 se
908 2008 939 2044 B
1102 2018 1143 2056 15
1170 2008 1357 2055 aplicabis
1375 2008 1478 2047 GB¹S
1639 2012 1681 2048 18

189 2059 309 2096 ruffus
326 2058 374 2093 Al
522 2068 565 2104 19
590 2057 734 2095 auertit
751 2069 858 2094 casus
875 2056 920 2093 Αι
1066 2068 1114 2094 20
1139 2057 1258 2094 ruffus
1273 2057 1323 2093 Al

239 2198 262 2232 4
288 2191 435 2222 auctore
451 2196 537 2222 suo:
564 2184 635 2222 i.e.
656 2184 871 2230 Romelino,
887 2184 1095 2222 Abaelardi
1117 2184 1326 2233 magistro;
1352 2186 1402 2223 cf.
1427 2187 1552 2224 Metal.
1577 2185 1617 2223 ii.
1641 2196 1683 2232 17

193 2236 279 2283 (874
293 2236 332 2279 c)
351 2236 464 2270 Alius
479 2246 562 2279 erqo
579 2235 741 2270 consistit
758 2234 951 2281 [naturam
969 2233 1261 2282 uniuersalium]
1277 2236 1320 2270 in
1336 2235 1490 2280 vocibus,
1505 2237 1586 2271 licet
1598 2236 1685 2272 haec

191 2285 316 2330 opinio
334 2295 416 2318 eum
433 2284 601 2318 Rocelino
617 2294 683 2318 suo
690 2284 774 2328 fere
790 2284 938 2318 omnino
955 2283 1032 2318 iam
1047 2284 1211 2318 euanuit.
1410 2291 1427 2329 5
1454 2285 1550 2319 Sunt
1562 2289 1686 2320 tamen

192 2333 313 2369 adhuc
324 2333 388 2378 qui
405 2332 479 2367 etc.
494 2341 503 2366 ε
531 2330 590 2366 Ad
607 2329 865 2367 Abaelardum
878 2329 1006 2376 ipsum
1020 2329 1177 2377 respicit
1192 2343 1201 2372 ς
1225 2342 1258 2366 v.
1273 2331 1397 2366 Metal.
1409 2330 1480 2368 loc.
1494 2343 1608 2378 supra
1619 2331 1686 2368 cit.

193 2382 304 2417 Alius
329 2390 510 2415 sermones
535 2380 703 2414 intuetur
726 2383 759 2414 et
783 2380 833 2414 ad
861 2380 944 2414 illos
967 2380 1150 2424 detorquet
1176 2380 1347 2425 quicquid
1371 2380 1508 2415 alicubi
1535 2381 1579 2416 de
1607 2381 1687 2416 uni-

192 2429 399 2464 uersalibus
430 2429 596 2462 meminit
623 2428 810 2472 scriptum.
860 2428 908 2462 In
942 2428 1010 2462 hac
1038 2428 1208 2472 opinione
1235 2427 1478 2472 deprehensus
1507 2433 1559 2464 est
1588 2429 1688 2464 Peri-

188 2477 372 2523 pateticus
403 2476 600 2511 Palatinus
631 2475 866 2510 Abaelardus
897 2480 1026 2518 noster,
1060 2476 1126 2521 qui
1157 2475 1288 2510 multos
1319 2476 1468 2521 reliquit
1501 2481 1534 2511 et
1567 2477 1687 2513 adhuc

194 2526 340 2572 quidem
355 2525 501 2570 aliquos
516 2524 621 2559 habet
633 2524 874 2569 professionis
889 2524 1002 2558 huius
1015 2527 1206 2559 sectatores
1221 2528 1254 2558 et
1275 2527 1388 2559 testes.
1503 2534 1526 2570 9
1550 2525 1687 2570 Mayno

195 2585 232 2609 se
248 2575 345 2609 etc.:
374 2571 462 2607 Luc.
479 2572 610 2607 Phars.
627 2571 653 2606 i.
676 2580 754 2615 127.
975 2580 1018 2607 12
1042 2572 1244 2606 seminaria
1261 2572 1489 2615 iurqiorum:
1515 2571 1564 2608 cf.
1586 2574 1689 2608 semi-

197 2623 348 2657 narium
366 2621 540 2655 rimarum
554 2618 711 2656 Hieron.
726 2620 798 2664 Ep.
810 2618 924 2654 xxvii.
943 2628 964 2654 2
983 2617 1131 2665 (Migne
1148 2620 1190 2655 P.
1201 2619 1244 2654 L.
1259 2617 1351 2656 xxii.
1364 2624 1463 2666 432).
1567 2629 1622 2666 15,
1644 2621 1687 2658 16

196 2670 380 2704 Poeticum
397 2669 504 2703 illum
521 2668 593 2703 etc.
611 2680 620 2703 ;
651 2680 683 2704 v.
704 2667 795 2703 Hor.
811 2668 859 2703 A.
876 2668 918 2703 P.
938 2676 991 2713 19,
1008 2677 1064 2703 20.
1184 2668 1226 2703 18
1246 2668 1386 2713 eoquo:
1409 2666 1434 2703 i.
1446 2678 1478 2704 e.
1491 2667 1686 2714 Martialig

198 2716 248 2753 cf.
282 2715 386 2751 infra.
418 2714 498 2751 viii.
526 2716 559 2761 6,
596 2725 637 2760 13
671 2715 757 2761 (724
767 2724 808 2759 B,
839 2715 911 2760 764
922 2718 990 2759 D);
1027 2715 1074 2752 de
1106 2714 1180 2751 hoc
1213 2714 1442 2760 cognomine
1469 2715 1555 2753 vide
1590 2727 1688 2762 quae

197 2763 380 2801 disseruit
422 2763 461 2799 F.
500 2761 544 2799 G.
583 2761 853 2799 Schneidewin
891 2761 1077 2808 (Martial.
1113 2763 1246 2808 Epiqr.
1284 2762 1342 2799 ed.
1385 2762 1540 2801 Grimae
1586 2766 1688 2808 1842,

198 2810 225 2849 i.
244 2824 281 2858 p.
300 2822 341 2848 21
358 2810 453 2857 seq.)
480 2810 547 2857 qui
572 2810 878 2858 appellationem
902 2813 1028 2847 ortam
1051 2822 1129 2848 esse
1157 2811 1269 2856 putat
1294 2822 1340 2847 ex
1366 2822 1548 2857 peruersa
1571 2811 1690 2848 int-er-

198 2859 417 2907 pretatione
434 2860 565 2905 Epiyr.
583 2859 633 2896 vi.
650 2860 711 2903 60,
723 2860 744 2895 8
759 2859 809 2894 Et
821 2860 1006 2894 redimunt
1014 2860 1084 2895 soli
1093 2860 1259 2895 carmina
1269 2860 1373 2894 docta
1383 2861 1479 2904 coci3
1505 2859 1554 2896 cf.
1568 2859 1688 2897 etiam

200 2907 332 2944 Barth.
346 2908 501 2943 Aduers.
515 2906 563 2943 vi.
581 2917 611 2944 1.
689 2917 735 2943 20
757 2908 930 2955 quicquid
946 2908 1023 2953 ayit
1039 2908 1134 2944 etc-z
1162 2905 1332 2943 Martial.
1343 2908 1476 2954 Epiyr.
1489 2906 1517 2945 i.
1530 2909 1590 2956 68,
1607 2918 1688 2955 1-4.

314 2989 377 3022 14²

1697 1056 1740 1081 10

1698 1410 1713 1434 1
1720 1409 1740 1445 5
1815 1448 1818 1452 .

1700 1783 1744 1807 20
