1846 3262
110 221 213 257 oar.
227 209 342 273 xm]
644 211 1052 258 POLICRATICV
1053 211 1088 257 S

110 332 316 391 Apostoli
350 332 706 378 familiaritatem
739 334 952 378 meruisse
985 336 1163 379 constat
1194 336 1243 378 et
1274 348 1304 378 a
1334 333 1589 378 doctissimo

110 405 240 460 patre
260 402 484 446 Ieronimo
505 403 552 446 in
581 406 837 447 sanctorum
860 404 1064 462 catalogo
1090 403 1297 462 positum.
1355 403 1419 447 Vt
1438 406 1591 447 tamen

111 471 169 516 de
197 471 466 526 Quintiliani
502 473 643 530 possis
677 473 873 517 iudicare
909 473 1083 524 iudicio,
1117 473 1258 517 uerba
1290 473 1443 531 ipsius,
1476 487 1591 531 quae

111 541 403 600 nnn-iptoribus
432 543 704 586 enumeratis
733 543 782 586 in
810 543 1172 602 suggillationem
1204 543 1397 587 Senecae
1426 543 1591 601 posuit,

74 626 96 662 ⁸
112 611 221 656 haec
258 615 389 656 sunt:
438 612 509 655 Ex
547 612 770 656 industria
810 612 1020 657 Senecam
1061 613 1110 656 in
1146 613 1268 657 omni
1306 627 1468 671 genere
1501 612 1590 656 elo·

112 681 322 738 quentiae
350 681 507 725 distuli
535 686 719 740 propter
746 683 979 741 uulgatam
1009 682 1124 726 falso
1153 682 1209 726 de
1236 697 1308 726 me
1337 682 1591 740 opinionem

112 764 203 808 qua
241 750 483 809 dampnare
525 766 627 795 eum
666 755 714 796 et
752 752 949 796 innisum
984 766 1159 809 quoque
1198 752 1362 796 habere
1395 752 1590 796 creditus

111 834 222 864 sum.
273 820 403 874 Quod
423 820 585 864 accidit
604 821 752 874 michi,
767 821 875 864 dum
894 825 1153 879 corruptum
1170 825 1216 865 et
1238 821 1446 866 omnibus
1464 821 1591 865 uitiis
1608 828 1635 859 c

112 889 307 934 fractum
337 890 512 934 dicendi
541 905 682 948 genus
709 905 916 935 reuocare
945 891 1004 934 ad
1032 891 1256 934 seueriora
1289 891 1455 935 iudicia
1486 905 1590 934 con·

53 974 97 1001 ιο
112 959 260 1010 tend0,
287 974 390 1004 cum
419 960 509 1003 iam
539 960 660 1004 solus
689 961 762 1004 hic
792 960 886 1004 fere
915 961 964 1003 in
1003 960 1210 1004 manibus
1243 960 1590 1004 adolescentium

112 1028 263 1073 fuerit.
323 1029 467 1083 Quem
495 1044 586 1073 non
613 1030 818 1087 equidem
843 1029 1037 1074 conabar
1061 1029 1243 1073 omnino
1270 1032 1488 1080 excutere,
1512 1028 1590 1073 sed

111 1098 361 1157 potioribus
389 1098 605 1156 praeferri
635 1114 725 1143 non
754 1099 966 1152 sinebam,
994 1113 1105 1156 quos
1132 1098 1207 1142 ille
1234 1113 1325 1142 non
1355 1099 1591 1143 destiterat

111 1169 338 1220 incessere,
363 1183 477 1221 cum,
501 1168 667 1213 diuersi
697 1169 784 1212 sibi
813 1168 1014 1212 conscius
1042 1169 1235 1226 generis,
1263 1168 1437 1226 placere
1466 1182 1513 1212 se
1542 1168 1592 1212 in

111 1238 299 1284 dicendo
317 1253 444 1296 posse
464 1239 512 1281 in
531 1238 695 1296 quibus
714 1238 782 1282 ini
810 1238 1037 1296 placerent
1061 1237 1293 1281 diffideret.
1363 1237 1593 1282 Amabant

55 1321 96 1357 ιι
113 1322 215 1352 eum
244 1308 388 1366 magis
417 1323 552 1366 quam
587 1308 897 1359 imitabantur,
930 1310 1199 1364 tantumque
1231 1307 1289 1350 ab
1317 1307 1397 1350 illo
1426 1308 1591 1351 deflue-

111 1377 225 1422 bant
253 1381 472 1435 quantum
506 1377 582 1421 ille
621 1378 680 1421 ab
714 1378 915 1435 antiquis
949 1377 1247 1421 descenderat.
1307 1377 1442 1420 Foret
1467 1372 1591 1421 'enim

111 1447 358 1505 optandum
396 1462 526 1505 pares
565 1462 617 1491 ac
655 1447 815 1491 saltem
848 1447 1076 1505 proximos
1115 1447 1181 1490 illi
1213 1447 1315 1490 uiro
1347 1447 1471 1500 fieri3
1513 1447 1592 1491 sed

111 1517 316 1576 placebat
343 1520 526 1575 propter
555 1517 650 1560 sola
677 1517 805 1568 uitia,
831 1520 878 1561 et
906 1517 965 1560 ad
994 1532 1047 1560 ea
1075 1532 1123 1561 se
1151 1517 1339 1575 quisque
1367 1517 1593 1575 dirigebat

113 1586 363 1645 effingenda
400 1601 514 1644 quae
553 1589 741 1644 poterat,
775 1586 948 1638 deinde,
982 1600 1084 1630 cum
1124 1602 1171 1630 se
1209 1587 1398 1631 iactaret
1436 1587 1592 1630 eodem

53 1671 99 1697 no
113 1656 246 1700 modo
274 1656 430 1709 dicere,
458 1656 673 1700 Senecam
701 1655 964 1700 infamabat.
1038 1656 1180 1701 Cuius
1209 1661 1256 1700 et
1283 1657 1453 1700 multae
1481 1657 1590 1700 alio-

113 1726 224 1784 quin
271 1729 319 1770 et
365 1741 554 1784 magnae
602 1726 797 1770 uirtutes
846 1725 1044 1778 fuerunt,
1083 1726 1313 1785 ingenium
1362 1726 1494 1770 facile
1543 1729 1589 1770 et
1605 1725 1636 1767 d

111 1796 352 1854 copiosum,
379 1796 623 1854 plurimum
653 1796 804 1848 studii,
833 1796 979 1839 multa
1006 1810 1156 1840 rerum
1185 1796 1393 1855 cognitio,
1422 1797 1471 1839 in
1501 1811 1590 1854 qua

112 1868 264 1910 tamen
298 1866 539 1924 aliquando
571 1865 631 1909 ab
665 1866 767 1919 hiis,
798 1866 847 1908 in
881 1866 1044 1923 quibus
1075 1866 1343 1923 inquirenda
1371 1866 1591 1923 quaedam

113 1935 369 1986 mandabat,
406 1935 618 1992 deceptus
661 1939 740 1979 est.
819 1935 1051 1978 Tractauit
1090 1935 1227 1978 etiam
1276 1950 1452 1979 omnem
1496 1936 1592 1980 fere

55 2017 98 2053 ’,5
113 2003 365 2048 studiorum
395 2004 653 2057 materiam3
696 2019 802 2047 nam
834 2008 880 2048 et
910 2004 1133 2048 orationes
1166 2005 1262 2048 eius
1301 2008 1347 2048 et
1385 2009 1592 2063 poemata

114 2077 161 2117 et
199 2073 411 2131 epistolae
446 2077 492 2117 et
525 2073 691 2132 dialogi
729 2073 948 2117 feruntur.
1023 2073 1081 2116 In
1115 2074 1397 2132 philosophia
1429 2090 1590 2132 pamm

113 2141 305 2202 diligens
338 2143 542 2202 egregius
580 2143 822 2187 insectator
852 2143 1067 2187 uitiorum
1098 2142 1201 2188 fuit.
1260 2144 1430 2187 Multae
1459 2145 1508 2187 in
1538 2159 1590 2189 eo

113 2212 344 2270 claraeque
370 2213 629 2263 sententiae,
657 2213 801 2256 multa
830 2213 966 2256 etiam
996 2228 1169 2256 morum
1198 2228 1362 2271 genera
1391 2213 1590 2271 legenda,

113 2281 191 2326 sed
210 2282 259 2324 in
277 2281 523 2339 eloquendo
541 2285 751 2340 corrupta
771 2282 993 2340 pleraque,
1006 2285 1141 2339 atque
1154 2297 1205 2326 eo
1219 2282 1590 2340 perniciosissima

113 2376 298 2459 ‹²123ssae
342 2385 365 2410 ⁰
378 2374 412 2409 A
478 2372 874 2458 ssofflssietssssssffiuffi
889 2420 938 2456 A1
961 2383 982 2419 ⁷
1007 2375 1409 2468 ᾳῗῗέῗῗξίῑᾎὲἓῗὲ
1421 2373 1589 2468 cmg

113 2469 175 2510 his
192 2469 267 2505 ΒΜ
426 2477 471 2513 27
497 2468 695 2515 eggregius
712 2467 741 2505 C
927 2467 1114 2505 uiciorum
1131 2468 1340 2506 insectator
1356 2469 1398 2506 M
1541 2480 1591 2517 29

114 2517 301 2566 pluraque
316 2515 391 2553 AM
411 2515 548 2563 (pha-q:
566 2515 621 2561 M)
720 2514 1005 2563 pernitiossima
1019 2516 1054 2553 A

167 2609 183 2637 1
211 2600 397 2646 Apostoli:
422 2610 472 2635 sc.
490 2597 611 2634 Pauli.
659 2595 825 2633 Exstant
839 2596 1023 2644 epistolae
1034 2608 1128 2644 pseu
1159 2596 1168 2604 ’
1241 2597 1339 2644 phac
1351 2596 1414 2634 xiv
1423 2597 1590 2637 Senecae

115 2647 167 2684 ad
191 2646 353 2683 Paulum
379 2648 420 2682 et
449 2645 558 2682 Pauli
585 2645 635 2681 ad
668 2644 864 2687 Senecam,
893 2644 961 2691 qui
987 2645 1063 2681 iam
1094 2645 1132 2681 S.
1201 2645 1383 2692 'eronymi
1414 2647 1589 2693 tempore

115 2707 139 2732 a
155 2694 332 2750 plurimis
347 2693 594 2750 legebantur3
620 2705 656 2728 v.
674 2691 829 2746 Ilieron.
846 2692 916 2728 loc.
933 2692 1035 2728 infra
1051 2692 1117 2730 cit.
1283 2703 1305 2729 2
1331 2694 1530 2752 Impinw:
1554 2705 1589 2751 y.

115 2742 334 2836 3153&ss
342 2739 1019 2842 §.bzgao‘ssfflmfflhiffiu
1018 2741 1139 2823 03291)
1152 2796 1167 2823 1
1189 2785 1230 2834 §§
1254 2741 1590 2842 1353:de

116 2850 198 2875 oum
213 2839 290 2873 iam
303 2850 315 2873 .-
339 2842 416 2872 tum
433 2842 553 2872 autem
569 2835 729 2881 Quintil.
876 2845 922 2880 14
944 2837 1010 2872 in:
1034 2835 1139 2874 deest
1155 2845 1219 2882 ap.
1236 2834 1398 2880 Qumnl.
1541 2847 1587 2885 23

115 2887 160 2922 in
170 2896 183 2923 ι
206 2885 311 2922 deest
327 2896 390 2931 ap.
406 2882 566 2929 Quintil.

1413 2946 1479 2983 3¹⁹

1599 213 1686 266 ’163
1701 214 1733 255 b
