1846 3262
167 220 269 254 ou.
282 207 357 269 VI]
684 209 1088 255 POLICRATICV
1093 209 1126 254 S
1663 221 1743 262 723
1762 223 1791 264 c

167 333 375 376 luxuriae
404 335 588 376 uastant
617 332 844 376 incendiis.
903 332 1023 376 Nam
1053 332 1112 376 ab
1135 346 1187 376 eo
1213 331 1391 375 laudem
1414 335 1649 390 appetunt,

167 406 215 447 et
243 403 506 460 plerumque
539 406 839 461 assequuntur
872 403 1086 446 honorem
1121 402 1240 446 unde
1274 402 1461 460 aequius
1494 401 1646 446 fuerat

166 473 459 532 ignominiam
489 473 710 517 sustinere
740 477 787 517 et
815 488 988 531 penam.

167 613 276 672 Cap.
297 614 336 657 6.
394 605 465 656 De'
492 612 691 656 luxuria
720 616 758 656 et
789 611 989 656 libidine
1017 615 1058 655 et
1086 610 1455 669 quinquepertito
1485 611 1648 655 monis

128 705 150 740 5
280 683 497 734 introitu,
531 687 571 727 et
603 697 804 740 quo‘mm
835 696 1055 726 sensuum
1083 682 1143 726 sit
1173 682 1392 739 uoluptas
1419 681 1646 739 pernicio-

283 754 390 806 αῖον,
409 759 448 798 et
477 753 659 810 triplici
682 768 841 810 yenere
867 753 1187 797 conuiuae-mn
1206 753 1462 796 secundum
1476 752 1647 796 Portu·-

280 824 504 875 nia‘nwm,
524 827 563 867 et
578 822 789 880 pernicie
807 822 944 879 yulae
957 841 977 873 ;
1008 827 1048 866 et
1066 823 1122 867 de
1145 822 1367 867 conuiuio
1386 821 1587 866 Didonis
1606 826 1647 866 et

280 894 508 939 Euandri
528 894 660 951 apud
687 893 960 950 Viryilium.

224 998 423 1042 Eatenus
443 998 533 1040 iam
554 1012 699 1041 sermo
724 996 939 1055 processit
962 999 1015 1039 ut
1039 998 1121 1039 aut
1146 996 1365 1039 uirtutem
1389 999 1470 1040 aut
1498 997 1646 1055 publi-

106 1081 262 1112 tecam
294 1067 389 1112 fere
422 1067 676 1125 opinionem
710 1069 916 1124 oporteat
949 1066 1217 1124 impugnari.
1279 1066 1492 1110 Imminet
1526 1067 1645 1110 enim
1662 1069 1693 1109 d

162 1137 254 1181 iam
293 1137 548 1181 colluctatio
587 1137 802 1180 aduersus
841 1151 1020 1180 carnem
1060 1139 1107 1179 et
1140 1136 1417 1194 sanguinem,
1449 1139 1496 1180 et
1526 1136 1647 1181 fores

162 1207 370 1251 uidemur
388 1207 649 1250 liberalitati
670 1206 956 1264 praecludere
976 1209 1022 1249 et
1042 1205 1365 1249 iocunditatem
1388 1206 1568 1250 auferre
1590 1207 1647 1251 de

161 1277 271 1328 uita,
291 1291 392 1320 cum
421 1276 626 1335 geminae
652 1276 751 1319 uias
780 1276 999 1327 luxuriae,
1028 1275 1258 1333 Epicureis
1287 1276 1646 1329 reclamantibus,

161 1350 427 1391 coartamus.
489 1347 572 1390 Est
606 1347 725 1390 enim
760 1346 987 1397 blandum,
1019 1349 1073 1389 ut
1107 1346 1175 1389 ait
1210 1346 1430 1398 Valerius,
1465 1347 1649 1391 luxuria

49 1421 52 1423 ’
102 1429 145 1466 ¹3
162 1417 331 1460 malum
358 1432 492 1475 quam
519 1431 725 1460 accusare
754 1417 987 1474 aliquanto
1016 1415 1195 1459 facilius
1224 1419 1293 1460 est
1322 1431 1458 1474 quam
1487 1417 1645 1461 uitare.

162 1487 282 1531 Nam
302 1491 349 1531 et
367 1487 590 1538 uolumen,
611 1487 730 1544 quod
756 1487 977 1545 propheta
1004 1501 1164 1530 uorare
1189 1487 1476 1545 praecipitur,
1496 1487 1543 1530 in
1569 1502 1646 1531 ore

160 1557 341 1615 quidem
370 1557 583 1601 dulcescit
613 1560 666 1600 ut
692 1557 793 1608 mel,
820 1557 898 1600 sed
929 1557 1201 1600 amaricatur
1227 1559 1388 1600 uenter
1416 1572 1517 1601 cum
1548 1557 1648 1615 ipsa

159 1627 347 1672 dulcedo
385 1628 625 1671 uerborum
665 1627 909 1686 digerenda
943 1630 1012 1671 est
1043 1627 1091 1670 in
1126 1642 1258 1670 usum
1293 1642 1490 1685 operum.
1563 1628 1645 1671 Est

159 1701 312 1742 autem
340 1698 481 1742 libido
509 1701 700 1755 cognata
730 1701 775 1741 et
802 1698 1040 1741 coniuncta
1065 1697 1284 1748 luxuriae,
1311 1698 1438 1741 cuius
1464 1698 1645 1756 sequela

100 1780 145 1806 ὀ
159 1767 458 1819 immunditia,
478 1768 581 1811 finis
601 1768 885 1811 indubitatus
905 1767 1108 1811 confusio
1135 1771 1214 1811 est.
1275 1768 1516 1812 Praecedat
1537 1783 1643 1827 ergo

158 1853 360 1882 sermone
380 1853 494 1896 quae
514 1838 686 1896 origine
713 1841 759 1881 et
782 1853 917 1881 causa
945 1838 1069 1895 prior
1096 1841 1175 1882 est.
1235 1838 1361 1882 Licet
1388 1843 1539 1882 autem
1563 1854 1645 1897 per

158 1907 356 1966 quinque
387 1923 597 1951 sensuum
627 1911 780 1965 portas
814 1908 1035 1951 lenocinia
1063 1907 1199 1951 luxus
1227 1923 1367 1966 aeque
1401 1908 1642 1961 introeant,
1659 1922 1739 1964 724
1758 1924 1788 1957 a

158 1977 369 2035 uoluptas
395 1978 572 2020 aurium
603 1978 661 2020 ad
688 1977 958 2020 munditiam
978 1978 1123 2035 magis
1146 1978 1330 2021 uidetur
1356 1978 1574 2030 accedere,
1595 1982 1642 2023 et

159 2062 275 2105 quae
295 2062 352 2091 ex
370 2050 509 2105 gustu
528 2047 602 2090 uel
622 2050 748 2090 tactu
767 2047 976 2104 prouenit
995 2048 1217 2091 sordidior
1235 2053 1316 2099 est,
1336 2051 1382 2092 et
1402 2048 1641 2092 olfaciendi

98 2127 142 2163 ²5
160 2120 207 2160 et
241 2117 425 2160 uidendi
460 2116 696 2160 delectatio
726 2117 923 2160 medium
959 2117 1104 2161 locum
1141 2121 1274 2161 tenet.
1343 2118 1464 2162 Nam
1495 2134 1640 2176 neque

159 2186 271 2229 satis
289 2186 517 2229 interdum
537 2186 674 2229 habet
694 2186 943 2230 munditiae
962 2202 1043 2231 nec
1067 2187 1127 2230 ad
1150 2187 1301 2231 sordes
1320 2188 1640 2245 perniciosissi-

156 2328 180 2355 2
204 2319 432 2364 aoeequntm
447 2318 502 2354 A:
526 2320 749 2355 assecuntur
765 2317 832 2354 SM
1028 2320 1052 2356 6
1077 2319 1344 2356 conuiuiorum
1361 2318 1417 2356 CS
1434 2321 1476 2356 in
1492 2321 1637 2357 indice·
1626 2348 1636 2356 .

156 2365 409 2403 conuiuorum
427 2365 518 2401 BSt’
503 2379 545 2401 m
562 2368 709 2402 rubrica
725 2379 803 2412 cap.
814 2367 938 2412 praef.
1107 2378 1149 2404 12
1174 2368 1397 2415 precludere
1413 2367 1640 2405 liberalitati

154 2413 205 2449 A1
347 2423 392 2459 23
418 2413 661 2461 munditiam]
678 2414 868 2451 inuidiam
884 2414 926 2450 M

207 2554 247 2581 11
275 2545 478 2581 colluctatio
495 2547 672 2581 aduersus
686 2557 833 2580 carnem
849 2550 882 2580 et
896 2547 1132 2591 mnquinem.
1157 2544 1216 2593 Ep
1216 2546 1258 2582 h.
1274 2545 1323 2583 vi.
1343 2556 1399 2583 12.
1595 2557 1639 2594 13

152 2594 319 2638 geminae
344 2605 383 2627 m
374 2595 429 2628 iac
454 2594 646 2628 luz-uriae:
683 2592 708 2628 i.
725 2605 757 2630 e.
782 2593 958 2629 luxuriae
986 2594 1140 2640 proprie
1167 2594 1293 2631 dictae
1320 2597 1361 2631 et
1384 2593 1578 2638 libidinis;
1602 2608 1638 2632 v.

154 2639 239 2676 val.
257 2639 358 2676 Max.
377 2639 449 2676 loc.
468 2639 569 2676 infra
585 2640 877 2684 cit.14
903 2642 1079 2677 blandum
1096 2644 1192 2679 etc:
1217 2642 1299 2678 val.
1316 2642 1446 2678 Max'
1434 2653 1487 2679 ιι.
1503 2642 1529 2679 l.
1548 2643 1636 2680 init.

158 2689 203 2725 16
226 2690 325 2724 Nam
348 2693 382 2723 et
405 2690 575 2724 uolumen
600 2691 695 2725 etex
721 2700 754 2725 v.
779 2687 897 2744 Apoc.
923 2700 959 2724 ι.
986 2699 1019 2734 9,
1043 2700 1108 2733 ιο;
1135 2689 1183 2726 cf.
1202 2689 1295 2727 Bed.
1319 2690 1370 2726 ad
1394 2690 1468 2726 loc.
1486 2690 1613 2738 (Mign
1614 2703 1636 2729 c

152 2737 196 2772 P.
224 2737 269 2772 L.
296 2734 397 2772 xciii.
428 2738 510 2779 161)
539 2737 630 2771 Cum
649 2738 860 2782 perceperis,
886 2737 1112 2773 oblectaberis
1134 2739 1260 2773 diuini
1283 2739 1397 2785 eloqui
1393 2740 1416 2773 s·
1438 2740 1638 2782 dulcedine,

150 2785 216 2820 sed
243 2785 528 2819 amaritudinem
553 2787 695 2827 senties,
721 2796 802 2819 cum
823 2787 1038 2829 praedicare
1062 2791 1095 2821 et
1118 2788 1266 2831 operari
1287 2788 1444 2832 coeperis
1465 2789 1561 2834 quod
1583 2789 1639 2823 in-

153 2833 344 2867 allecem-e.
490 2842 548 2874 21,
567 2842 612 2867 22
627 2844 777 2886 perqm
773 2834 873 2879 'nque
889 2844 1059 2868 sensuum
1075 2834 1172 2870 etc.:
1195 2845 1230 2870 v.
1249 2833 1407 2872 Hieron.
1423 2836 1504 2871 adv.
1519 2836 1637 2873 Iovin-

153 2878 195 2915 ii.
213 2880 236 2916 8
254 2878 402 2925 (Migne
418 2880 463 2915 P.
479 2881 525 2916 L.
542 2879 649 2916 xxiii.
667 2887 766 2926 297).

210 2951 292 2970 νη,
310 2951 332 2970 ιι
854 2942 885 2968 Κ
913 2929 944 2969 k
1460 2948 1524 2982 249
