<?xml version="1.0" encoding="UTF-8"?>
<!DOCTYPE html PUBLIC "-//W3C//DTD XHTML 1.0 Transitional//EN"
    "http://www.w3.org/TR/xhtml1/DTD/xhtml1-transitional.dtd">
<html xmlns="http://www.w3.org/1999/xhtml" xml:lang="en" lang="en">
 <head>
  <title>
</title>
<meta http-equiv="Content-Type" content="text/html;charset=utf-8" />
  <meta name='ocr-system' content='tesseract 3.04.00' />
  <meta name='ocr-capabilities' content='ocr_page ocr_carea ocr_par ocr_line ocrx_word'/>
</head>
<body>
  <div class='ocr_page' id='page_1' title='image "./ioannissaresberi02johnuoft_0120.png"; bbox 0 0 1846 3262; ppageno 0'>
   <div class='ocr_carea' id='block_1_1' title="bbox 61 221 1697 283">
    <p class='ocr_par' dir='ltr' id='par_1_1' title="bbox 61 221 1697 283">
     <span class='ocr_line' id='line_1_1' title="bbox 61 221 1697 283; baseline 0.001 -16"><span class='ocrx_word' id='word_1_1' title='bbox 61 229 195 277; x_wconf 80' lang='lat' dir='ltr'>645c</span> <span class='ocrx_word' id='word_1_2' title='bbox 542 223 806 269; x_wconf 86' lang='lat' dir='ltr'>IOANNIS</span> <span class='ocrx_word' id='word_1_3' title='bbox 847 222 1367 267; x_wconf 87' lang='lat' dir='ltr'>SARESBERIENSIS</span> <span class='ocrx_word' id='word_1_4' title='bbox 1416 261 1419 264; x_wconf 85' lang='lat'>.</span> <span class='ocrx_word' id='word_1_5' title='bbox 1495 221 1697 283; x_wconf 57' lang='lat' dir='ltr'>[meva</span> 
     </span>
    </p>
   </div>
   <div class='ocr_carea' id='block_1_2' title="bbox 62 345 1778 2027">
    <p class='ocr_par' dir='ltr' id='par_1_2' title="bbox 62 345 1778 2027">
     <span class='ocr_line' id='line_1_2' title="bbox 209 345 1702 405; baseline -0.001 -13"><span class='ocrx_word' id='word_1_6' title='bbox 209 351 302 392; x_wconf 92' lang='lat' dir='ltr'>tres</span> <span class='ocrx_word' id='word_1_7' title='bbox 327 350 479 405; x_wconf 90' lang='lat' dir='ltr'>partes</span> <span class='ocrx_word' id='word_1_8' title='bbox 509 347 753 397; x_wconf 88' lang='lat' dir='ltr'>distribuit,</span> <span class='ocrx_word' id='word_1_9' title='bbox 776 346 980 398; x_wconf 88' lang='lat' dir='ltr'>ethicam,</span> <span class='ocrx_word' id='word_1_10' title='bbox 1001 346 1231 404; x_wconf 82' lang='lat' dir='ltr'><strong>phisicam,</strong></span> <span class='ocrx_word' id='word_1_11' title='bbox 1253 347 1299 389; x_wconf 89' lang='lat' dir='ltr'>et</span> <span class='ocrx_word' id='word_1_12' title='bbox 1330 345 1531 403; x_wconf 84' lang='lat' dir='ltr'>logicam,</span> <span class='ocrx_word' id='word_1_13' title='bbox 1551 346 1599 389; x_wconf 91' lang='lat' dir='ltr'>id</span> <span class='ocrx_word' id='word_1_14' title='bbox 1629 349 1702 390; x_wconf 90' lang='lat' dir='ltr'>est</span> 
     </span>
     <span class='ocr_line' id='line_1_3' title="bbox 209 416 1700 474; baseline -0.001 -13"><span class='ocrx_word' id='word_1_15' title='bbox 209 418 423 462; x_wconf 83' lang='lat' dir='ltr'>moralem</span> <span class='ocrx_word' id='word_1_16' title='bbox 436 418 688 461; x_wconf 73' lang='lat' dir='ltr'>naturalem</span> <span class='ocrx_word' id='word_1_17' title='bbox 710 420 756 459; x_wconf 90' lang='lat' dir='ltr'>et</span> <span class='ocrx_word' id='word_1_18' title='bbox 776 416 1054 468; x_wconf 73' lang='lat' dir='ltr'>rationalem,</span> <span class='ocrx_word' id='word_1_19' title='bbox 1068 431 1157 474; x_wconf 92' lang='lat' dir='ltr'>qua</span> <span class='ocrx_word' id='word_1_20' title='bbox 1177 431 1336 460; x_wconf 89' lang='lat' dir='ltr'>uerum</span> <span class='ocrx_word' id='word_1_21' title='bbox 1357 417 1700 461; x_wconf 69' lang='lat' dir='ltr'>disterminatur</span> 
     </span>
     <span class='ocr_line' id='line_1_4' title="bbox 211 486 1699 545; baseline -0.001 -13"><span class='ocrx_word' id='word_1_22' title='bbox 211 504 238 532; x_wconf 92' lang='lat' dir='ltr'>a</span> <span class='ocrx_word' id='word_1_23' title='bbox 266 489 381 532; x_wconf 79' lang='lat' dir='ltr'>falso</span> <span class='ocrx_word' id='word_1_24' title='bbox 402 491 448 532; x_wconf 93' lang='lat' dir='ltr'>et</span> <span class='ocrx_word' id='word_1_25' title='bbox 468 488 563 531; x_wconf 90' lang='lat' dir='ltr'>sine</span> <span class='ocrx_word' id='word_1_26' title='bbox 585 502 673 545; x_wconf 90' lang='lat' dir='ltr'>qua</span> <span class='ocrx_word' id='word_1_27' title='bbox 694 487 851 530; x_wconf 80' lang='lat' dir='ltr'>disseri</span> <span class='ocrx_word' id='word_1_28' title='bbox 873 489 1104 544; x_wconf 90' lang='lat' dir='ltr'>nequeunt</span> <span class='ocrx_word' id='word_1_29' title='bbox 1124 501 1238 544; x_wconf 92' lang='lat' dir='ltr'>quae</span> <span class='ocrx_word' id='word_1_30' title='bbox 1262 487 1335 531; x_wconf 91' lang='lat' dir='ltr'>uel</span> <span class='ocrx_word' id='word_1_31' title='bbox 1360 488 1409 530; x_wconf 93' lang='lat' dir='ltr'>in</span> <span class='ocrx_word' id='word_1_32' title='bbox 1429 488 1604 531; x_wconf 88' lang='lat' dir='ltr'>actione</span> <span class='ocrx_word' id='word_1_33' title='bbox 1623 486 1699 530; x_wconf 92' lang='lat' dir='ltr'>uel</span> 
     </span>
     <span class='ocr_line' id='line_1_5' title="bbox 210 557 1699 616; baseline -0.002 -13"><span class='ocrx_word' id='word_1_34' title='bbox 210 560 259 602; x_wconf 91' lang='lat' dir='ltr'>in</span> <span class='ocrx_word' id='word_1_35' title='bbox 280 558 656 616; x_wconf 81' lang='lat' dir='ltr'>contemplatione</span> <span class='ocrx_word' id='word_1_36' title='bbox 675 560 928 600; x_wconf 88' lang='lat' dir='ltr'>uersantur.</span> <span class='ocrx_word' id='word_1_37' title='bbox 990 557 1185 601; x_wconf 91' lang='lat' dir='ltr'>Putatur</span> <span class='ocrx_word' id='word_1_38' title='bbox 1205 573 1233 601; x_wconf 90' lang='lat' dir='ltr'>a</span> <span class='ocrx_word' id='word_1_39' title='bbox 1252 558 1481 601; x_wconf 79' lang='lat' dir='ltr'>nonnullis</span> <span class='ocrx_word' id='word_1_40' title='bbox 1510 557 1629 615; x_wconf 92' lang='lat' dir='ltr'>quod</span> <span class='ocrx_word' id='word_1_41' title='bbox 1650 557 1699 600; x_wconf 92' lang='lat' dir='ltr'>in</span> 
     </span>
     <span class='ocr_line' id='line_1_6' title="bbox 211 627 1739 687; baseline 0 -16"><span class='ocrx_word' id='word_1_42' title='bbox 211 629 571 687; x_wconf 86' lang='lat' dir='ltr'>peregrinatione</span> <span class='ocrx_word' id='word_1_43' title='bbox 591 642 672 671; x_wconf 89' lang='lat' dir='ltr'>sua</span> <span class='ocrx_word' id='word_1_44' title='bbox 700 627 977 670; x_wconf 86' lang='lat' dir='ltr'>Hieremiam</span> <span class='ocrx_word' id='word_1_45' title='bbox 1004 628 1270 685; x_wconf 89' lang='lat' dir='ltr'>prophetam</span> <span class='ocrx_word' id='word_1_46' title='bbox 1291 628 1460 671; x_wconf 89' lang='lat' dir='ltr'>uiderit</span> <span class='ocrx_word' id='word_1_47' title='bbox 1485 627 1700 671; x_wconf 85' lang='lat' dir='ltr'>audierit·</span> <span class='ocrx_word' id='word_1_48' title='bbox 1718 644 1739 680; x_wconf 81' lang='lat'>5</span> 
     </span>
     <span class='ocr_line' id='line_1_7' title="bbox 212 698 1702 757; baseline 0 -15"><span class='ocrx_word' id='word_1_49' title='bbox 212 715 299 757; x_wconf 91' lang='lat' dir='ltr'>que</span> <span class='ocrx_word' id='word_1_50' title='bbox 338 700 386 742; x_wconf 93' lang='lat' dir='ltr'>in</span> <span class='ocrx_word' id='word_1_51' title='bbox 427 699 592 757; x_wconf 89' lang='lat' dir='ltr'>Egipto</span> <span class='ocrx_word' id='word_1_52' title='bbox 642 700 689 741; x_wconf 90' lang='lat' dir='ltr'>et</span> <span class='ocrx_word' id='word_1_53' title='bbox 738 698 898 756; x_wconf 90' lang='lat' dir='ltr'>legerit</span> <span class='ocrx_word' id='word_1_54' title='bbox 949 698 1194 756; x_wconf 88' lang='lat' dir='ltr'>scripturas</span> <span class='ocrx_word' id='word_1_55' title='bbox 1234 698 1531 756; x_wconf 87' lang='lat' dir='ltr'>propheticas.</span> <span class='ocrx_word' id='word_1_56' title='bbox 1611 698 1702 742; x_wconf 87' lang='lat' dir='ltr'>Sed</span> 
     </span>
     <span class='ocr_line' id='line_1_8' title="bbox 212 769 1705 827; baseline -0.001 -14"><span class='ocrx_word' id='word_1_57' title='bbox 212 771 458 827; x_wconf 86' lang='lat' dir='ltr'>subputata</span> <span class='ocrx_word' id='word_1_58' title='bbox 489 769 606 812; x_wconf 90' lang='lat' dir='ltr'>ratio</span> <span class='ocrx_word' id='word_1_59' title='bbox 646 771 911 826; x_wconf 89' lang='lat' dir='ltr'>temporum,</span> <span class='ocrx_word' id='word_1_60' title='bbox 944 784 1059 827; x_wconf 90' lang='lat' dir='ltr'>quae</span> <span class='ocrx_word' id='word_1_61' title='bbox 1098 769 1147 812; x_wconf 91' lang='lat' dir='ltr'>in</span> <span class='ocrx_word' id='word_1_62' title='bbox 1187 769 1375 813; x_wconf 83' lang='lat' dir='ltr'>cronicis</span> <span class='ocrx_word' id='word_1_63' title='bbox 1414 769 1705 812; x_wconf 86' lang='lat' dir='ltr'>continentur</span> 
     </span>
     <span class='ocr_line' id='line_1_9' title="bbox 212 839 1704 897; baseline -0.001 -14"><span class='ocrx_word' id='word_1_64' title='bbox 212 840 425 892; x_wconf 88' lang='lat' dir='ltr'>historiis,</span> <span class='ocrx_word' id='word_1_65' title='bbox 461 839 590 883; x_wconf 88' lang='lat' dir='ltr'>docet</span> <span class='ocrx_word' id='word_1_66' title='bbox 625 854 699 883; x_wconf 90' lang='lat' dir='ltr'>eos</span> <span class='ocrx_word' id='word_1_67' title='bbox 733 854 1018 897; x_wconf 87' lang='lat' dir='ltr'>nequaquam</span> <span class='ocrx_word' id='word_1_68' title='bbox 1053 843 1447 897; x_wconf 87' lang='lat' dir='ltr'>contemporaneos</span> <span class='ocrx_word' id='word_1_69' title='bbox 1488 839 1704 890; x_wconf 83' lang='lat' dir='ltr'>extitisse,</span> 
     </span>
     <span class='ocr_line' id='line_1_10' title="bbox 169 909 1705 968; baseline -0.001 -14"><span class='ocrx_word' id='word_1_70' title='bbox 169 919 199 959; x_wconf 86' lang='lat' dir='ltr'>d</span> <span class='ocrx_word' id='word_1_71' title='bbox 215 925 315 955; x_wconf 90' lang='lat' dir='ltr'>cum</span> <span class='ocrx_word' id='word_1_72' title='bbox 356 913 482 954; x_wconf 87' lang='lat' dir='ltr'>ortus</span> <span class='ocrx_word' id='word_1_73' title='bbox 533 909 733 953; x_wconf 88' lang='lat' dir='ltr'>Platonis</span> <span class='ocrx_word' id='word_1_74' title='bbox 771 909 854 953; x_wconf 89' lang='lat' dir='ltr'>uix</span> <span class='ocrx_word' id='word_1_75' title='bbox 894 912 1061 953; x_wconf 91' lang='lat' dir='ltr'>etatem</span> <span class='ocrx_word' id='word_1_76' title='bbox 1105 910 1231 953; x_wconf 88' lang='lat' dir='ltr'>illam</span> <span class='ocrx_word' id='word_1_77' title='bbox 1270 909 1619 968; x_wconf 89' lang='lat' dir='ltr'>apprehenderit</span> <span class='ocrx_word' id='word_1_78' title='bbox 1658 911 1705 953; x_wconf 88' lang='lat' dir='ltr'>et</span> 
     </span>
     <span class='ocr_line' id='line_1_11' title="bbox 212 979 1765 1038; baseline -0.001 -15"><span class='ocrx_word' id='word_1_79' title='bbox 212 980 588 1024; x_wconf 86' lang='lat' dir='ltr'>interlabentibus</span> <span class='ocrx_word' id='word_1_80' title='bbox 636 983 817 1023; x_wconf 90' lang='lat' dir='ltr'>centum</span> <span class='ocrx_word' id='word_1_81' title='bbox 867 980 998 1023; x_wconf 90' lang='lat' dir='ltr'>annis</span> <span class='ocrx_word' id='word_1_82' title='bbox 1043 982 1234 1038; x_wconf 90' lang='lat' dir='ltr'>tempus,</span> <span class='ocrx_word' id='word_1_83' title='bbox 1275 995 1364 1037; x_wconf 91' lang='lat' dir='ltr'>quo</span> <span class='ocrx_word' id='word_1_84' title='bbox 1413 979 1705 1038; x_wconf 86' lang='lat' dir='ltr'>prophetauit</span> <span class='ocrx_word' id='word_1_85' title='bbox 1721 998 1765 1023; x_wconf 86' lang='lat'>10</span> 
     </span>
     <span class='ocr_line' id='line_1_12' title="bbox 211 1050 1704 1108; baseline 0 -14"><span class='ocrx_word' id='word_1_86' title='bbox 211 1051 436 1103; x_wconf 88' lang='lat' dir='ltr'>Ieremias,</span> <span class='ocrx_word' id='word_1_87' title='bbox 457 1051 689 1108; x_wconf 84' lang='lat' dir='ltr'>attigerit;</span> <span class='ocrx_word' id='word_1_88' title='bbox 721 1053 767 1094; x_wconf 91' lang='lat' dir='ltr'>et</span> <span class='ocrx_word' id='word_1_89' title='bbox 794 1050 1042 1108; x_wconf 89' lang='lat' dir='ltr'>scripturae</span> <span class='ocrx_word' id='word_1_90' title='bbox 1069 1051 1355 1108; x_wconf 83' lang='lat' dir='ltr'>propheticae</span> <span class='ocrx_word' id='word_1_91' title='bbox 1382 1053 1486 1108; x_wconf 88' lang='lat' dir='ltr'>post</span> <span class='ocrx_word' id='word_1_92' title='bbox 1512 1053 1704 1094; x_wconf 89' lang='lat' dir='ltr'>mortem</span> 
     </span>
     <span class='ocr_line' id='line_1_13' title="bbox 214 1121 1705 1179; baseline 0 -15"><span class='ocrx_word' id='word_1_93' title='bbox 214 1122 414 1165; x_wconf 88' lang='lat' dir='ltr'>Platonis</span> <span class='ocrx_word' id='word_1_94' title='bbox 454 1122 585 1164; x_wconf 91' lang='lat' dir='ltr'>annis</span> <span class='ocrx_word' id='word_1_95' title='bbox 625 1121 767 1164; x_wconf 83' lang='lat' dir='ltr'>ferme</span> <span class='ocrx_word' id='word_1_96' title='bbox 806 1121 1044 1179; x_wconf 84' lang='lat' dir='ltr'>sexaginta</span> <span class='ocrx_word' id='word_1_97' title='bbox 1083 1125 1300 1179; x_wconf 85' lang='lat' dir='ltr'>regnante</span> <span class='ocrx_word' id='word_1_98' title='bbox 1342 1121 1593 1173; x_wconf 87' lang='lat' dir='ltr'>Tholomeo,</span> <span class='ocrx_word' id='word_1_99' title='bbox 1626 1121 1705 1179; x_wconf 89' lang='lat' dir='ltr'>qui</span> 
     </span>
     <span class='ocr_line' id='line_1_14' title="bbox 215 1190 1705 1249; baseline 0.001 -15"><span class='ocrx_word' id='word_1_100' title='bbox 215 1190 471 1235; x_wconf 87' lang='lat' dir='ltr'>litterarum</span> <span class='ocrx_word' id='word_1_101' title='bbox 521 1192 749 1235; x_wconf 90' lang='lat' dir='ltr'>studiosus</span> <span class='ocrx_word' id='word_1_102' title='bbox 798 1206 826 1234; x_wconf 91' lang='lat' dir='ltr'>a</span> <span class='ocrx_word' id='word_1_103' title='bbox 866 1192 1138 1235; x_wconf 90' lang='lat' dir='ltr'>Ierosolimis</span> <span class='ocrx_word' id='word_1_104' title='bbox 1180 1192 1470 1249; x_wconf 87' lang='lat' dir='ltr'>septuaginta</span> <span class='ocrx_word' id='word_1_105' title='bbox 1511 1191 1705 1235; x_wconf 84' lang='lat' dir='ltr'>adsciuit</span> 
     </span>
     <span class='ocr_line' id='line_1_15' title="bbox 213 1262 1704 1320; baseline 0.001 -16"><span class='ocrx_word' id='word_1_106' title='bbox 213 1262 493 1320; x_wconf 87' lang='lat' dir='ltr'>interpretes,</span> <span class='ocrx_word' id='word_1_107' title='bbox 524 1262 741 1320; x_wconf 91' lang='lat' dir='ltr'>Egiptum</span> <span class='ocrx_word' id='word_1_108' title='bbox 770 1263 1055 1305; x_wconf 90' lang='lat' dir='ltr'>intrauerint.</span> <span class='ocrx_word' id='word_1_109' title='bbox 1116 1262 1281 1320; x_wconf 90' lang='lat' dir='ltr'>Opinio</span> <span class='ocrx_word' id='word_1_110' title='bbox 1311 1265 1463 1306; x_wconf 91' lang='lat' dir='ltr'>tamen</span> <span class='ocrx_word' id='word_1_111' title='bbox 1494 1262 1572 1305; x_wconf 90' lang='lat' dir='ltr'>illa</span> <span class='ocrx_word' id='word_1_112' title='bbox 1602 1277 1704 1306; x_wconf 90' lang='lat' dir='ltr'>con-</span> 
     </span>
     <span class='ocr_line' id='line_1_16' title="bbox 214 1333 1778 1390; baseline -0.001 -14"><span class='ocrx_word' id='word_1_113' title='bbox 214 1333 362 1376; x_wconf 91' lang='lat' dir='ltr'>ualuit</span> <span class='ocrx_word' id='word_1_114' title='bbox 402 1333 508 1390; x_wconf 89' lang='lat' dir='ltr'>quia</span> <span class='ocrx_word' id='word_1_115' title='bbox 547 1333 595 1375; x_wconf 92' lang='lat' dir='ltr'>in</span> <span class='ocrx_word' id='word_1_116' title='bbox 635 1333 764 1376; x_wconf 89' lang='lat' dir='ltr'>libris</span> <span class='ocrx_word' id='word_1_117' title='bbox 805 1333 1005 1376; x_wconf 88' lang='lat' dir='ltr'>Platonis</span> <span class='ocrx_word' id='word_1_118' title='bbox 1045 1333 1342 1377; x_wconf 91' lang='lat' dir='ltr'>inueniuntur</span> <span class='ocrx_word' id='word_1_119' title='bbox 1380 1333 1526 1376; x_wconf 90' lang='lat' dir='ltr'>multa</span> <span class='ocrx_word' id='word_1_120' title='bbox 1572 1333 1705 1377; x_wconf 90' lang='lat' dir='ltr'>dictis</span> <span class='ocrx_word' id='word_1_121' title='bbox 1725 1350 1778 1384; x_wconf 88' lang='lat'>15.</span> 
     </span>
     <span class='ocr_line' id='line_1_17' title="bbox 214 1403 1704 1461; baseline 0 -15"><span class='ocrx_word' id='word_1_122' title='bbox 214 1418 408 1447; x_wconf 89' lang='lat' dir='ltr'>consona</span> <span class='ocrx_word' id='word_1_123' title='bbox 427 1404 762 1461; x_wconf 89' lang='lat' dir='ltr'>prophetarum.</span> <span class='ocrx_word' id='word_1_124' title='bbox 812 1403 932 1446; x_wconf 92' lang='lat' dir='ltr'>Nam</span> <span class='ocrx_word' id='word_1_125' title='bbox 953 1404 1001 1446; x_wconf 93' lang='lat' dir='ltr'>in</span> <span class='ocrx_word' id='word_1_126' title='bbox 1022 1403 1220 1457; x_wconf 87' lang='lat' dir='ltr'>Thimeo,</span> <span class='ocrx_word' id='word_1_127' title='bbox 1241 1404 1349 1447; x_wconf 93' lang='lat' dir='ltr'>dum</span> <span class='ocrx_word' id='word_1_128' title='bbox 1370 1418 1526 1447; x_wconf 87' lang='lat' dir='ltr'>causas</span> <span class='ocrx_word' id='word_1_129' title='bbox 1546 1403 1704 1446; x_wconf 91' lang='lat' dir='ltr'>mundi</span> 
     </span>
     <span class='ocr_line' id='line_1_18' title="bbox 216 1474 1705 1532; baseline 0.001 -16"><span class='ocrx_word' id='word_1_130' title='bbox 216 1474 428 1517; x_wconf 91' lang='lat' dir='ltr'>subtilius</span> <span class='ocrx_word' id='word_1_131' title='bbox 443 1474 700 1531; x_wconf 87' lang='lat' dir='ltr'>inuestigat,</span> <span class='ocrx_word' id='word_1_132' title='bbox 713 1474 953 1518; x_wconf 85' lang='lat' dir='ltr'>manifeste</span> <span class='ocrx_word' id='word_1_133' title='bbox 972 1475 1155 1518; x_wconf 88' lang='lat' dir='ltr'>uidetur</span> <span class='ocrx_word' id='word_1_134' title='bbox 1170 1475 1419 1532; x_wconf 87' lang='lat' dir='ltr'>exprimere</span> <span class='ocrx_word' id='word_1_135' title='bbox 1435 1474 1705 1517; x_wconf 85' lang='lat' dir='ltr'>Trinitatem</span> 
     </span>
     <span class='ocr_line' id='line_1_19' title="bbox 218 1543 1707 1603; baseline 0.001 -16"><span class='ocrx_word' id='word_1_136' title='bbox 218 1559 332 1601; x_wconf 89' lang='lat' dir='ltr'>quae</span> <span class='ocrx_word' id='word_1_137' title='bbox 362 1543 485 1587; x_wconf 91' lang='lat' dir='ltr'>Deus</span> <span class='ocrx_word' id='word_1_138' title='bbox 515 1547 595 1595; x_wconf 89' lang='lat' dir='ltr'>est,</span> <span class='ocrx_word' id='word_1_139' title='bbox 616 1544 878 1588; x_wconf 89' lang='lat' dir='ltr'>efficientem</span> <span class='ocrx_word' id='word_1_140' title='bbox 907 1559 1087 1588; x_wconf 90' lang='lat' dir='ltr'>causam</span> <span class='ocrx_word' id='word_1_141' title='bbox 1117 1545 1394 1588; x_wconf 90' lang='lat' dir='ltr'>constituens</span> <span class='ocrx_word' id='word_1_142' title='bbox 1423 1545 1472 1587; x_wconf 92' lang='lat' dir='ltr'>in</span> <span class='ocrx_word' id='word_1_143' title='bbox 1502 1545 1707 1603; x_wconf 90' lang='lat' dir='ltr'>potentia</span> 
     </span>
     <span class='ocr_line' id='line_1_20' title="bbox 217 1614 1707 1673; baseline 0.001 -15"><span class='ocrx_word' id='word_1_144' title='bbox 217 1615 315 1665; x_wconf 92' lang='lat' dir='ltr'>Dei,</span> <span class='ocrx_word' id='word_1_145' title='bbox 345 1615 394 1657; x_wconf 90' lang='lat' dir='ltr'>in</span> <span class='ocrx_word' id='word_1_146' title='bbox 424 1615 646 1672; x_wconf 89' lang='lat' dir='ltr'>sapientia</span> <span class='ocrx_word' id='word_1_147' title='bbox 675 1614 922 1666; x_wconf 83' lang='lat' dir='ltr'>formalem,</span> <span class='ocrx_word' id='word_1_148' title='bbox 945 1615 1126 1658; x_wconf 92' lang='lat' dir='ltr'>finalem</span> <span class='ocrx_word' id='word_1_149' title='bbox 1156 1615 1204 1658; x_wconf 94' lang='lat' dir='ltr'>in</span> <span class='ocrx_word' id='word_1_150' title='bbox 1234 1615 1437 1659; x_wconf 88' lang='lat' dir='ltr'>bonitate</span> <span class='ocrx_word' id='word_1_151' title='bbox 1467 1630 1582 1673; x_wconf 86' lang='lat' dir='ltr'>quae</span> <span class='ocrx_word' id='word_1_152' title='bbox 1612 1615 1707 1659; x_wconf 84' lang='lat' dir='ltr'>sola</span> 
     </span>
     <span class='ocr_line' id='line_1_21' title="bbox 217 1685 1769 1743; baseline 0 -16"><span class='ocrx_word' id='word_1_153' title='bbox 217 1685 402 1728; x_wconf 88' lang='lat' dir='ltr'>induxit</span> <span class='ocrx_word' id='word_1_154' title='bbox 421 1699 524 1728; x_wconf 91' lang='lat' dir='ltr'>eum</span> <span class='ocrx_word' id='word_1_155' title='bbox 543 1688 597 1728; x_wconf 92' lang='lat' dir='ltr'>ut</span> <span class='ocrx_word' id='word_1_156' title='bbox 616 1699 793 1728; x_wconf 90' lang='lat' dir='ltr'>omnem</span> <span class='ocrx_word' id='word_1_157' title='bbox 813 1687 1065 1728; x_wconf 89' lang='lat' dir='ltr'>creaturam</span> <span class='ocrx_word' id='word_1_158' title='bbox 1085 1685 1302 1730; x_wconf 87' lang='lat' dir='ltr'>bonitatis</span> <span class='ocrx_word' id='word_1_159' title='bbox 1317 1701 1424 1729; x_wconf 89' lang='lat' dir='ltr'>suae</span> <span class='ocrx_word' id='word_1_160' title='bbox 1442 1685 1707 1743; x_wconf 87' lang='lat' dir='ltr'>participem</span> <span class='ocrx_word' id='word_1_161' title='bbox 1727 1703 1769 1728; x_wconf 68' lang='grc' dir='ltr'>πο</span> 
     </span>
     <span class='ocr_line' id='line_1_22' title="bbox 62 1754 1709 1813; baseline 0.001 -14"><span class='ocrx_word' id='word_1_162' title='bbox 62 1760 151 1808; x_wconf 85' lang='grc'>646</span> <span class='ocrx_word' id='word_1_163' title='bbox 172 1769 203 1798; x_wconf 85' lang='lat' dir='ltr'>a</span> <span class='ocrx_word' id='word_1_164' title='bbox 220 1754 400 1806; x_wconf 81' lang='lat' dir='ltr'>faceret,</span> <span class='ocrx_word' id='word_1_165' title='bbox 434 1758 570 1812; x_wconf 91' lang='lat' dir='ltr'>prout</span> <span class='ocrx_word' id='word_1_166' title='bbox 608 1757 774 1798; x_wconf 89' lang='lat' dir='ltr'>natura</span> <span class='ocrx_word' id='word_1_167' title='bbox 812 1755 1027 1812; x_wconf 90' lang='lat' dir='ltr'>cuiusque</span> <span class='ocrx_word' id='word_1_168' title='bbox 1075 1770 1219 1813; x_wconf 89' lang='lat' dir='ltr'>capax</span> <span class='ocrx_word' id='word_1_169' title='bbox 1269 1757 1565 1800; x_wconf 90' lang='lat' dir='ltr'>beatitudinis</span> <span class='ocrx_word' id='word_1_170' title='bbox 1614 1765 1709 1800; x_wconf 88' lang='lat' dir='ltr'>esse</span> 
     </span>
     <span class='ocr_line' id='line_1_23' title="bbox 219 1825 1710 1883; baseline 0.003 -16"><span class='ocrx_word' id='word_1_171' title='bbox 219 1828 379 1883; x_wconf 88' lang='lat' dir='ltr'>potest.</span> <span class='ocrx_word' id='word_1_172' title='bbox 460 1825 608 1867; x_wconf 91' lang='lat' dir='ltr'>Vnam</span> <span class='ocrx_word' id='word_1_173' title='bbox 657 1827 810 1868; x_wconf 89' lang='lat' dir='ltr'>tamen</span> <span class='ocrx_word' id='word_1_174' title='bbox 859 1825 908 1868; x_wconf 89' lang='lat' dir='ltr'>in</span> <span class='ocrx_word' id='word_1_175' title='bbox 956 1826 1028 1869; x_wconf 91' lang='lat' dir='ltr'>his</span> <span class='ocrx_word' id='word_1_176' title='bbox 1067 1826 1193 1870; x_wconf 91' lang='lat' dir='ltr'>uisus</span> <span class='ocrx_word' id='word_1_177' title='bbox 1234 1829 1303 1870; x_wconf 90' lang='lat' dir='ltr'>est</span> <span class='ocrx_word' id='word_1_178' title='bbox 1348 1827 1624 1871; x_wconf 88' lang='lat' dir='ltr'>intellexisse</span> <span class='ocrx_word' id='word_1_179' title='bbox 1663 1830 1710 1871; x_wconf 90' lang='lat' dir='ltr'>et</span> 
     </span>
     <span class='ocr_line' id='line_1_24' title="bbox 220 1895 1708 1954; baseline 0.002 -16"><span class='ocrx_word' id='word_1_180' title='bbox 220 1895 421 1938; x_wconf 90' lang='lat' dir='ltr'>docuisse</span> <span class='ocrx_word' id='word_1_181' title='bbox 441 1895 753 1947; x_wconf 89' lang='lat' dir='ltr'>substantiam,</span> <span class='ocrx_word' id='word_1_182' title='bbox 773 1895 881 1941; x_wconf 90' lang='lat' dir='ltr'>dum</span> <span class='ocrx_word' id='word_1_183' title='bbox 906 1896 1109 1954; x_wconf 89' lang='lat' dir='ltr'>opificem</span> <span class='ocrx_word' id='word_1_184' title='bbox 1135 1897 1448 1941; x_wconf 84' lang='lat' dir='ltr'>uniuersitatis</span> <span class='ocrx_word' id='word_1_185' title='bbox 1474 1900 1520 1941; x_wconf 92' lang='lat' dir='ltr'>et</span> <span class='ocrx_word' id='word_1_186' title='bbox 1544 1897 1708 1941; x_wconf 84' lang='lat' dir='ltr'>forma-</span> 
     </span>
     <span class='ocr_line' id='line_1_25' title="bbox 221 1965 1711 2027; baseline 0.003 -18"><span class='ocrx_word' id='word_1_187' title='bbox 221 1969 364 2010; x_wconf 88' lang='lat' dir='ltr'>torem</span> <span class='ocrx_word' id='word_1_188' title='bbox 385 1965 532 2009; x_wconf 90' lang='lat' dir='ltr'>Deum</span> <span class='ocrx_word' id='word_1_189' title='bbox 560 1980 702 2008; x_wconf 91' lang='lat' dir='ltr'>unum</span> <span class='ocrx_word' id='word_1_190' title='bbox 727 1981 821 2009; x_wconf 87' lang='lat' dir='ltr'>esse</span> <span class='ocrx_word' id='word_1_191' title='bbox 841 1967 1045 2020; x_wconf 89' lang='lat' dir='ltr'>asseruit,</span> <span class='ocrx_word' id='word_1_192' title='bbox 1067 1982 1200 2025; x_wconf 92' lang='lat' dir='ltr'>quem</span> <span class='ocrx_word' id='word_1_193' title='bbox 1220 1968 1277 2012; x_wconf 93' lang='lat' dir='ltr'>ob</span> <span class='ocrx_word' id='word_1_194' title='bbox 1297 1968 1474 2027; x_wconf 85' lang='lat' dir='ltr'>insigne</span> <span class='ocrx_word' id='word_1_195' title='bbox 1493 1970 1711 2013; x_wconf 90' lang='lat' dir='ltr'>bonitatis</span> 
     </span>
    </p>
   </div>
   <div class='ocr_carea' id='block_1_3' title="bbox 221 2100 1712 2246">
    <p class='ocr_par' dir='ltr' id='par_1_3' title="bbox 221 2100 1712 2246">
     <span class='ocr_line' id='line_1_26' title="bbox 226 2100 1711 2151; baseline 0.003 -13"><span class='ocrx_word' id='word_1_196' title='bbox 226 2111 242 2138; x_wconf 92' lang='lat'>1</span> <span class='ocrx_word' id='word_1_197' title='bbox 270 2101 470 2148; x_wconf 84' lang='lat' dir='ltr'>physicam</span> <span class='ocrx_word' id='word_1_198' title='bbox 489 2101 530 2136; x_wconf 90' lang='lat' dir='ltr'>M</span> <span class='ocrx_word' id='word_1_199' title='bbox 702 2101 725 2138; x_wconf 93' lang='lat'><strong>6</strong></span> <span class='ocrx_word' id='word_1_200' title='bbox 751 2103 893 2149; x_wconf 82' lang='lat' dir='ltr'>egypto</span> <span class='ocrx_word' id='word_1_201' title='bbox 912 2100 1020 2137; x_wconf 92' lang='grc' dir='ltr'>ΒΑΜ</span> <span class='ocrx_word' id='word_1_202' title='bbox 1193 2112 1214 2148; x_wconf 88' lang='grc'>7</span> <span class='ocrx_word' id='word_1_203' title='bbox 1241 2105 1453 2151; x_wconf 86' lang='lat' dir='ltr'>supputata</span> <span class='ocrx_word' id='word_1_204' title='bbox 1471 2104 1511 2140; x_wconf 89' lang='lat' dir='ltr'>M</span> <span class='ocrx_word' id='word_1_205' title='bbox 1688 2106 1711 2142; x_wconf 88' lang='lat'>8</span> 
     </span>
     <span class='ocr_line' id='line_1_27' title="bbox 221 2147 1712 2196; baseline 0.004 -12"><span class='ocrx_word' id='word_1_206' title='bbox 221 2147 363 2186; x_wconf 86' lang='lat' dir='ltr'>istoriis</span> <span class='ocrx_word' id='word_1_207' title='bbox 382 2148 406 2186; x_wconf 99' lang='lat' dir='ltr'>S</span> <span class='ocrx_word' id='word_1_208' title='bbox 422 2162 430 2185; x_wconf 89' lang='lat'><strong>:</strong></span> <span class='ocrx_word' id='word_1_209' title='bbox 454 2148 638 2195; x_wconf 82' lang='lat' dir='ltr'>hystoriis</span> <span class='ocrx_word' id='word_1_210' title='bbox 656 2149 731 2185; x_wconf 86' lang='grc' dir='ltr'>ΒΜ</span> <span class='ocrx_word' id='word_1_211' title='bbox 875 2160 897 2196; x_wconf 89' lang='grc'>9</span> <span class='ocrx_word' id='word_1_212' title='bbox 922 2150 1193 2196; x_wconf 84' lang='lat' dir='ltr'>aprehenderit</span> <span class='ocrx_word' id='word_1_213' title='bbox 1211 2150 1236 2187; x_wconf 92' lang='lat' dir='ltr'>S</span> <span class='ocrx_word' id='word_1_214' title='bbox 1395 2163 1435 2189; x_wconf 87' lang='lat'>11</span> <span class='ocrx_word' id='word_1_215' title='bbox 1462 2152 1669 2191; x_wconf 83' lang='lat' dir='ltr'>iheremias</span> <span class='ocrx_word' id='word_1_216' title='bbox 1686 2153 1712 2190; x_wconf 90' lang='lat' dir='ltr'>S</span> 
     </span>
     <span class='ocr_line' id='line_1_28' title="bbox 221 2197 1292 2246; baseline 0.002 -12"><span class='ocrx_word' id='word_1_217' title='bbox 221 2197 382 2244; x_wconf 83' lang='lat' dir='ltr'>atigerit</span> <span class='ocrx_word' id='word_1_218' title='bbox 399 2197 502 2234; x_wconf 87' lang='lat' dir='ltr'>CBS¹</span> <span class='ocrx_word' id='word_1_219' title='bbox 673 2208 718 2244; x_wconf 92' lang='lat'>14</span> <span class='ocrx_word' id='word_1_220' title='bbox 742 2199 928 2245; x_wconf 87' lang='lat' dir='ltr'>egyptum</span> <span class='ocrx_word' id='word_1_221' title='bbox 946 2199 999 2234; x_wconf 93' lang='lat' dir='ltr'>B:</span> <span class='ocrx_word' id='word_1_222' title='bbox 1024 2201 1235 2246; x_wconf 85' lang='lat' dir='ltr'>aegyptum</span> <span class='ocrx_word' id='word_1_223' title='bbox 1251 2199 1292 2236; x_wconf 88' lang='lat' dir='ltr'>M</span> 
     </span>
    </p>
   </div>
   <div class='ocr_carea' id='block_1_4' title="bbox 223 2320 1719 2935">
    <p class='ocr_par' dir='ltr' id='par_1_4' title="bbox 223 2320 1719 2935">
     <span class='ocr_line' id='line_1_29' title="bbox 271 2320 1714 2368; baseline 0.003 -13"><span class='ocrx_word' id='word_1_224' title='bbox 271 2331 294 2365; x_wconf 92' lang='lat'>4</span> <span class='ocrx_word' id='word_1_225' title='bbox 319 2321 483 2356; x_wconf 80' lang='lat' dir='ltr'>Putatur</span> <span class='ocrx_word' id='word_1_226' title='bbox 496 2322 591 2357; x_wconf 64' lang='lat' dir='ltr'>eto:</span> <span class='ocrx_word' id='word_1_227' title='bbox 616 2333 649 2356; x_wconf 92' lang='lat' dir='ltr'>v.</span> <span class='ocrx_word' id='word_1_228' title='bbox 667 2321 765 2367; x_wconf 89' lang='lat' dir='ltr'>Aug.</span> <span class='ocrx_word' id='word_1_229' title='bbox 787 2322 831 2356; x_wconf 87' lang='lat' dir='ltr'>de</span> <span class='ocrx_word' id='word_1_230' title='bbox 856 2320 895 2357; x_wconf 81' lang='lat'>0.</span> <span class='ocrx_word' id='word_1_231' title='bbox 922 2322 970 2358; x_wconf 90' lang='lat' dir='ltr'>D.</span> <span class='ocrx_word' id='word_1_232' title='bbox 987 2320 1065 2357; x_wconf 91' lang='lat' dir='ltr'>viii.</span> <span class='ocrx_word' id='word_1_233' title='bbox 1091 2331 1156 2364; x_wconf 89' lang='lat'>11;</span> <span class='ocrx_word' id='word_1_234' title='bbox 1182 2333 1295 2368; x_wconf 89' lang='lat' dir='ltr'>quem</span> <span class='ocrx_word' id='word_1_235' title='bbox 1318 2321 1447 2358; x_wconf 90' lang='lat' dir='ltr'>locum</span> <span class='ocrx_word' id='word_1_236' title='bbox 1470 2321 1569 2359; x_wconf 87' lang='lat' dir='ltr'>citat</span> <span class='ocrx_word' id='word_1_237' title='bbox 1591 2322 1714 2360; x_wconf 84' lang='lat' dir='ltr'>etiam</span> 
     </span>
     <span class='ocr_line' id='line_1_30' title="bbox 223 2367 1713 2418; baseline 0.003 -15"><span class='ocrx_word' id='word_1_238' title='bbox 223 2367 461 2404; x_wconf 87' lang='lat' dir='ltr'>Abaelardus</span> <span class='ocrx_word' id='word_1_239' title='bbox 494 2370 611 2404; x_wconf 78' lang='lat' dir='ltr'>Traot.</span> <span class='ocrx_word' id='word_1_240' title='bbox 643 2370 686 2404; x_wconf 84' lang='lat' dir='ltr'>de</span> <span class='ocrx_word' id='word_1_241' title='bbox 715 2370 859 2404; x_wconf 81' lang='lat' dir='ltr'>unitate</span> <span class='ocrx_word' id='word_1_242' title='bbox 886 2374 919 2405; x_wconf 85' lang='lat' dir='ltr'>et</span> <span class='ocrx_word' id='word_1_243' title='bbox 948 2371 1113 2406; x_wconf 81' lang='lat' dir='ltr'>trinitate</span> <span class='ocrx_word' id='word_1_244' title='bbox 1138 2371 1270 2406; x_wconf 83' lang='lat' dir='ltr'>diuina</span> <span class='ocrx_word' id='word_1_245' title='bbox 1295 2370 1353 2407; x_wconf 89' lang='lat' dir='ltr'>ed.</span> <span class='ocrx_word' id='word_1_246' title='bbox 1381 2369 1562 2408; x_wconf 88' lang='lat' dir='ltr'>Stroelzle</span> <span class='ocrx_word' id='word_1_247' title='bbox 1588 2383 1625 2418; x_wconf 88' lang='lat' dir='ltr'>p.</span> <span class='ocrx_word' id='word_1_248' title='bbox 1656 2382 1713 2418; x_wconf 87' lang='lat'>11,</span> 
     </span>
     <span class='ocr_line' id='line_1_31' title="bbox 227 2415 1713 2464; baseline 0.002 -12"><span class='ocrx_word' id='word_1_249' title='bbox 227 2417 346 2453; x_wconf 83' lang='lat' dir='ltr'>Theol.</span> <span class='ocrx_word' id='word_1_250' title='bbox 368 2417 505 2454; x_wconf 75' lang='lat' dir='ltr'>Christ.</span> <span class='ocrx_word' id='word_1_251' title='bbox 522 2415 548 2454; x_wconf 88' lang='lat' dir='ltr'>i.</span> <span class='ocrx_word' id='word_1_252' title='bbox 568 2416 678 2462; x_wconf 81' lang='lat' dir='ltr'>(Opp.</span> <span class='ocrx_word' id='word_1_253' title='bbox 695 2416 753 2453; x_wconf 89' lang='lat' dir='ltr'>ed.</span> <span class='ocrx_word' id='word_1_254' title='bbox 773 2415 913 2453; x_wconf 83' lang='lat' dir='ltr'>Oousin</span> <span class='ocrx_word' id='word_1_255' title='bbox 930 2416 971 2454; x_wconf 90' lang='lat' dir='ltr'>ii.</span> <span class='ocrx_word' id='word_1_256' title='bbox 989 2430 1026 2464; x_wconf 87' lang='lat' dir='ltr'>p.</span> <span class='ocrx_word' id='word_1_257' title='bbox 1045 2417 1145 2463; x_wconf 89' lang='lat'>394).</span> <span class='ocrx_word' id='word_1_258' title='bbox 1318 2419 1361 2455; x_wconf 92' lang='lat'>16</span> <span class='ocrx_word' id='word_1_259' title='bbox 1386 2419 1485 2454; x_wconf 89' lang='lat' dir='ltr'>Nam</span> <span class='ocrx_word' id='word_1_260' title='bbox 1501 2421 1544 2454; x_wconf 82' lang='lat' dir='ltr'>in</span> <span class='ocrx_word' id='word_1_261' title='bbox 1564 2420 1713 2456; x_wconf 70' lang='lat' dir='ltr'>Thimea</span> 
     </span>
     <span class='ocr_line' id='line_1_32' title="bbox 226 2463 1715 2514; baseline 0.001 -12"><span class='ocrx_word' id='word_1_262' title='bbox 226 2467 322 2502; x_wconf 86' lang='lat' dir='ltr'>etc.:</span> <span class='ocrx_word' id='word_1_263' title='bbox 366 2463 538 2501; x_wconf 86' lang='lat' dir='ltr'>Platonis</span> <span class='ocrx_word' id='word_1_264' title='bbox 576 2466 718 2500; x_wconf 79' lang='lat' dir='ltr'>Timaei</span> <span class='ocrx_word' id='word_1_265' title='bbox 751 2473 795 2510; x_wconf 90' lang='lat'>27</span> <span class='ocrx_word' id='word_1_266' title='bbox 810 2474 833 2501; x_wconf 88' lang='lat' dir='ltr'>c</span> <span class='ocrx_word' id='word_1_267' title='bbox 867 2477 970 2511; x_wconf 83' lang='lat' dir='ltr'>seqq.</span> <span class='ocrx_word' id='word_1_268' title='bbox 999 2465 1211 2503; x_wconf 85' lang='lat' dir='ltr'>versionem</span> <span class='ocrx_word' id='word_1_269' title='bbox 1240 2477 1264 2502; x_wconf 89' lang='lat' dir='ltr'>a</span> <span class='ocrx_word' id='word_1_270' title='bbox 1295 2465 1494 2504; x_wconf 77' lang='lat' dir='ltr'>chalcidio</span> <span class='ocrx_word' id='word_1_271' title='bbox 1528 2466 1715 2514; x_wconf 82' lang='lat' dir='ltr'>scriptam</span> 
     </span>
     <span class='ocr_line' id='line_1_33' title="bbox 225 2511 1716 2563; baseline 0.003 -15"><span class='ocrx_word' id='word_1_272' title='bbox 225 2511 398 2558; x_wconf 87' lang='lat' dir='ltr'>sequitur</span> <span class='ocrx_word' id='word_1_273' title='bbox 415 2512 580 2550; x_wconf 88' lang='lat' dir='ltr'>Ioannes</span> <span class='ocrx_word' id='word_1_274' title='bbox 600 2515 740 2550; x_wconf 87' lang='lat' dir='ltr'>noster.</span> <span class='ocrx_word' id='word_1_275' title='bbox 791 2512 1015 2550; x_wconf 87' lang='lat' dir='ltr'>Notandum</span> <span class='ocrx_word' id='word_1_276' title='bbox 1030 2515 1087 2550; x_wconf 87' lang='lat' dir='ltr'>est</span> <span class='ocrx_word' id='word_1_277' title='bbox 1104 2513 1199 2550; x_wconf 87' lang='lat' dir='ltr'>alios</span> <span class='ocrx_word' id='word_1_278' title='bbox 1215 2513 1418 2551; x_wconf 87' lang='lat' dir='ltr'>Trinitatis</span> <span class='ocrx_word' id='word_1_279' title='bbox 1434 2514 1647 2563; x_wconf 87' lang='lat' dir='ltr'>imaginem</span> <span class='ocrx_word' id='word_1_280' title='bbox 1671 2514 1716 2552; x_wconf 89' lang='lat' dir='ltr'>in</span> 
     </span>
     <span class='ocr_line' id='line_1_34' title="bbox 225 2559 1716 2610; baseline 0.003 -14"><span class='ocrx_word' id='word_1_281' title='bbox 225 2559 304 2597; x_wconf 91' lang='lat' dir='ltr'>Deo</span> <span class='ocrx_word' id='word_1_282' title='bbox 322 2562 362 2596; x_wconf 87' lang='lat' dir='ltr'>et</span> <span class='ocrx_word' id='word_1_283' title='bbox 379 2560 522 2596; x_wconf 85' lang='lat' dir='ltr'>mundo</span> <span class='ocrx_word' id='word_1_284' title='bbox 536 2560 739 2607; x_wconf 89' lang='lat' dir='ltr'>unigenito</span> <span class='ocrx_word' id='word_1_285' title='bbox 758 2563 798 2598; x_wconf 89' lang='lat' dir='ltr'>et</span> <span class='ocrx_word' id='word_1_286' title='bbox 815 2560 945 2597; x_wconf 86' lang='lat' dir='ltr'>anima</span> <span class='ocrx_word' id='word_1_287' title='bbox 959 2561 1106 2606; x_wconf 90' lang='lat' dir='ltr'>mundi,</span> <span class='ocrx_word' id='word_1_288' title='bbox 1119 2561 1166 2598; x_wconf 90' lang='lat' dir='ltr'>de</span> <span class='ocrx_word' id='word_1_289' title='bbox 1184 2562 1324 2608; x_wconf 88' lang='lat' dir='ltr'>quibus</span> <span class='ocrx_word' id='word_1_290' title='bbox 1341 2562 1473 2610; x_wconf 88' lang='lat' dir='ltr'>agitur</span> <span class='ocrx_word' id='word_1_291' title='bbox 1488 2563 1530 2599; x_wconf 89' lang='lat' dir='ltr'>in</span> <span class='ocrx_word' id='word_1_292' title='bbox 1543 2563 1716 2600; x_wconf 84' lang='lat' dir='ltr'>Platonis</span> 
     </span>
     <span class='ocr_line' id='line_1_35' title="bbox 230 2608 1717 2656; baseline 0.003 -13"><span class='ocrx_word' id='word_1_293' title='bbox 230 2609 387 2651; x_wconf 78' lang='lat' dir='ltr'>Timaeo,</span> <span class='ocrx_word' id='word_1_294' title='bbox 406 2608 604 2646; x_wconf 85' lang='lat' dir='ltr'>invenisse.</span> <span class='ocrx_word' id='word_1_295' title='bbox 812 2610 854 2646; x_wconf 91' lang='lat'>18</span> <span class='ocrx_word' id='word_1_296' title='bbox 881 2612 1087 2656; x_wconf 75' lang='lat' dir='ltr'>efficientem</span> <span class='ocrx_word' id='word_1_297' title='bbox 1109 2611 1205 2646; x_wconf 88' lang='lat' dir='ltr'>etc.:</span> <span class='ocrx_word' id='word_1_298' title='bbox 1231 2610 1279 2647; x_wconf 89' lang='lat' dir='ltr'>cf.</span> <span class='ocrx_word' id='word_1_299' title='bbox 1305 2610 1449 2648; x_wconf 90' lang='lat' dir='ltr'>Comm.</span> <span class='ocrx_word' id='word_1_300' title='bbox 1475 2622 1571 2648; x_wconf 85' lang='lat' dir='ltr'>saec.</span> <span class='ocrx_word' id='word_1_301' title='bbox 1593 2610 1649 2647; x_wconf 84' lang='lat' dir='ltr'>xii</span> <span class='ocrx_word' id='word_1_302' title='bbox 1672 2611 1717 2648; x_wconf 89' lang='lat' dir='ltr'>in</span> 
     </span>
     <span class='ocr_line' id='line_1_36' title="bbox 226 2655 1718 2704; baseline 0.003 -13"><span class='ocrx_word' id='word_1_303' title='bbox 226 2655 424 2692; x_wconf 87' lang='lat' dir='ltr'>Timaeum</span> <span class='ocrx_word' id='word_1_304' title='bbox 454 2669 477 2693; x_wconf 89' lang='lat' dir='ltr'>a</span> <span class='ocrx_word' id='word_1_305' title='bbox 505 2657 551 2693; x_wconf 92' lang='lat' dir='ltr'>V.</span> <span class='ocrx_word' id='word_1_306' title='bbox 583 2656 725 2693; x_wconf 81' lang='lat' dir='ltr'>cousin</span> <span class='ocrx_word' id='word_1_307' title='bbox 757 2657 863 2704; x_wconf 88' lang='lat' dir='ltr'>typis</span> <span class='ocrx_word' id='word_1_308' title='bbox 896 2657 1137 2694; x_wconf 89' lang='lat' dir='ltr'>commissum</span> <span class='ocrx_word' id='word_1_309' title='bbox 1170 2659 1210 2695; x_wconf 90' lang='lat' dir='ltr'>et</span> <span class='ocrx_word' id='word_1_310' title='bbox 1238 2658 1434 2696; x_wconf 90' lang='lat' dir='ltr'>Willelmo</span> <span class='ocrx_word' id='word_1_311' title='bbox 1467 2659 1514 2696; x_wconf 88' lang='lat' dir='ltr'>de</span> <span class='ocrx_word' id='word_1_312' title='bbox 1551 2659 1718 2696; x_wconf 86' lang='lat' dir='ltr'>Conchis</span> 
     </span>
     <span class='ocr_line' id='line_1_37' title="bbox 227 2704 1718 2754; baseline 0.003 -14"><span class='ocrx_word' id='word_1_313' title='bbox 227 2704 460 2741; x_wconf 87' lang='lat' dir='ltr'>attributum</span> <span class='ocrx_word' id='word_1_314' title='bbox 479 2705 603 2751; x_wconf 82' lang='lat' dir='ltr'>(Ouvr.</span> <span class='ocrx_word' id='word_1_315' title='bbox 627 2707 722 2741; x_wconf 81' lang='lat' dir='ltr'>ine&#39;d.</span> <span class='ocrx_word' id='word_1_316' title='bbox 747 2707 948 2742; x_wconf 79' lang='lat' dir='ltr'>d&#39;Abelard</span> <span class='ocrx_word' id='word_1_317' title='bbox 966 2718 1004 2752; x_wconf 91' lang='lat' dir='ltr'>p.</span> <span class='ocrx_word' id='word_1_318' title='bbox 1026 2706 1095 2752; x_wconf 84' lang='lat'>655</span> <span class='ocrx_word' id='word_1_319' title='bbox 1113 2719 1121 2751; x_wconf 88' lang='lat'><strong>;</strong></span> <span class='ocrx_word' id='word_1_320' title='bbox 1156 2707 1307 2752; x_wconf 71' lang='lat' dir='ltr'>Fraym.</span> <span class='ocrx_word' id='word_1_321' title='bbox 1330 2709 1466 2744; x_wconf 78' lang='lat' dir='ltr'>Philos.</span> <span class='ocrx_word' id='word_1_322' title='bbox 1485 2707 1543 2744; x_wconf 88' lang='lat' dir='ltr'>ed.</span> <span class='ocrx_word' id='word_1_323' title='bbox 1565 2709 1653 2754; x_wconf 81' lang='lat'>1865</span> <span class='ocrx_word' id='word_1_324' title='bbox 1675 2707 1718 2744; x_wconf 85' lang='lat' dir='ltr'>ii.</span> 
     </span>
     <span class='ocr_line' id='line_1_38' title="bbox 228 2753 1719 2801; baseline 0.003 -13"><span class='ocrx_word' id='word_1_325' title='bbox 228 2763 264 2798; x_wconf 88' lang='lat' dir='ltr'>p.</span> <span class='ocrx_word' id='word_1_326' title='bbox 285 2753 391 2797; x_wconf 85' lang='lat'><strong>366):</strong></span> <span class='ocrx_word' id='word_1_327' title='bbox 417 2754 486 2788; x_wconf 77' lang='lat' dir='ltr'>Est</span> <span class='ocrx_word' id='word_1_328' title='bbox 503 2755 660 2799; x_wconf 62' lang='lat' dir='ltr'>efficiens</span> <span class='ocrx_word' id='word_1_329' title='bbox 677 2766 788 2790; x_wconf 76' lang='lat' dir='ltr'>causa</span> <span class='ocrx_word' id='word_1_330' title='bbox 804 2755 938 2790; x_wconf 77' lang='lat' dir='ltr'>diuina</span> <span class='ocrx_word' id='word_1_331' title='bbox 955 2756 1109 2790; x_wconf 77' lang='lat' dir='ltr'>essentia</span> <span class='ocrx_word' id='word_1_332' title='bbox 1135 2754 1369 2801; x_wconf 80' lang='lat' dir='ltr'>[‘?potentia],</span> <span class='ocrx_word' id='word_1_333' title='bbox 1386 2757 1565 2801; x_wconf 82' lang='lat' dir='ltr'>formalis</span> <span class='ocrx_word' id='word_1_334' title='bbox 1584 2757 1719 2792; x_wconf 75' lang='lat' dir='ltr'>diuina</span> 
     </span>
     <span class='ocr_line' id='line_1_39' title="bbox 227 2802 1718 2846; baseline 0.003 -11"><span class='ocrx_word' id='word_1_335' title='bbox 227 2802 420 2845; x_wconf 76' lang='lat' dir='ltr'>sapientia,</span> <span class='ocrx_word' id='word_1_336' title='bbox 431 2804 568 2846; x_wconf 83' lang='lat' dir='ltr'>finalis</span> <span class='ocrx_word' id='word_1_337' title='bbox 584 2803 719 2837; x_wconf 80' lang='lat' dir='ltr'>diuina</span> <span class='ocrx_word' id='word_1_338' title='bbox 736 2803 887 2838; x_wconf 77' lang='lat' dir='ltr'>bonitas.</span> <span class='ocrx_word' id='word_1_339' title='bbox 1047 2812 1095 2839; x_wconf 89' lang='lat'>20</span> <span class='ocrx_word' id='word_1_340' title='bbox 1119 2807 1160 2838; x_wconf 81' lang='lat' dir='ltr'>ut</span> <span class='ocrx_word' id='word_1_341' title='bbox 1177 2814 1317 2838; x_wconf 85' lang='lat' dir='ltr'>omnem</span> <span class='ocrx_word' id='word_1_342' title='bbox 1334 2809 1541 2840; x_wconf 80' lang='lat' dir='ltr'>creaturam</span> <span class='ocrx_word' id='word_1_343' title='bbox 1557 2806 1631 2841; x_wconf 85' lang='lat' dir='ltr'>etc.</span> <span class='ocrx_word' id='word_1_344' title='bbox 1647 2816 1656 2839; x_wconf 76' lang='grc' dir='ltr'><strong><em>ε</em></strong></span> <span class='ocrx_word' id='word_1_345' title='bbox 1680 2816 1718 2840; x_wconf 90' lang='lat' dir='ltr'>v.</span> 
     </span>
     <span class='ocr_line' id='line_1_40' title="bbox 228 2847 1717 2897; baseline 0.003 -14"><span class='ocrx_word' id='word_1_346' title='bbox 228 2847 328 2884; x_wconf 85' lang='lat' dir='ltr'>Plat.</span> <span class='ocrx_word' id='word_1_347' title='bbox 352 2850 444 2884; x_wconf 83' lang='lat' dir='ltr'>Tim.</span> <span class='ocrx_word' id='word_1_348' title='bbox 464 2859 509 2894; x_wconf 87' lang='lat'>29</span> <span class='ocrx_word' id='word_1_349' title='bbox 523 2858 549 2884; x_wconf 74' lang='grc' dir='ltr'><strong>Ε</strong></span> <span class='ocrx_word' id='word_1_350' title='bbox 574 2849 615 2885; x_wconf 87' lang='lat' dir='ltr'>in</span> <span class='ocrx_word' id='word_1_351' title='bbox 639 2848 829 2886; x_wconf 82' lang='lat' dir='ltr'>Chalcidii</span> <span class='ocrx_word' id='word_1_352' title='bbox 845 2848 1025 2887; x_wconf 88' lang='lat' dir='ltr'>versione.</span> <span class='ocrx_word' id='word_1_353' title='bbox 1180 2861 1225 2897; x_wconf 88' lang='lat'>23</span> <span class='ocrx_word' id='word_1_354' title='bbox 1251 2853 1417 2897; x_wconf 53' lang='lat' dir='ltr'>opificem</span> <span class='ocrx_word' id='word_1_355' title='bbox 1433 2853 1717 2889; x_wconf 74' lang='lat' dir='ltr'>uniuersitatis:</span> 
     </span>
     <span class='ocr_line' id='line_1_41' title="bbox 231 2895 954 2935; baseline 0.004 -3"><span class='ocrx_word' id='word_1_356' title='bbox 231 2895 328 2933; x_wconf 82' lang='lat' dir='ltr'>Plat.</span> <span class='ocrx_word' id='word_1_357' title='bbox 350 2897 443 2934; x_wconf 85' lang='lat' dir='ltr'>Tim.</span> <span class='ocrx_word' id='word_1_358' title='bbox 462 2899 506 2934; x_wconf 87' lang='lat'>28</span> <span class='ocrx_word' id='word_1_359' title='bbox 518 2906 541 2934; x_wconf 89' lang='lat' dir='ltr'>c</span> <span class='ocrx_word' id='word_1_360' title='bbox 558 2897 602 2934; x_wconf 87' lang='lat' dir='ltr'>in</span> <span class='ocrx_word' id='word_1_361' title='bbox 619 2897 753 2935; x_wconf 87' lang='lat' dir='ltr'>eadem</span> <span class='ocrx_word' id='word_1_362' title='bbox 769 2897 954 2935; x_wconf 86' lang='lat' dir='ltr'>versione.</span> 
     </span>
    </p>
   </div>
   <div class='ocr_carea' id='block_1_5' title="bbox 342 2970 406 3004">
    <p class='ocr_par' dir='ltr' id='par_1_5' title="bbox 342 2970 406 3004">
     <span class='ocr_line' id='line_1_42' title="bbox 342 2970 406 3004; baseline 0 -1"><span class='ocrx_word' id='word_1_363' title='bbox 342 2970 406 3004; x_wconf 86' lang='lat'>108</span> 
     </span>
    </p>
   </div>
  </div>
 </body>
</html>
