1846 3262
161 187 262 220 σΑΡ.
277 174 351 237 VI]
675 175 1120 221 POLICRATICVS
1667 175 1753 225 648
1773 186 1804 216 a

160 297 399 355 spicaciam
434 298 604 356 ingenii
644 301 691 342 et
729 298 899 357 gloriae
940 297 1193 356 appetitum
1233 310 1369 354 quam
1407 290 1649 353 multiplici

160 367 388 412 industria
407 369 615 412 omnibus
644 369 898 427 praeripere
921 370 1227 412 consueuerat.
1289 366 1501 410 Testatur
1520 366 1576 409 de
1597 381 1649 409 eo

162 437 370 482 Valerius
394 439 622 483 Maximus
650 439 765 496 quia,
787 453 1020 497 supremae
1049 438 1173 482 uitae
1197 437 1410 494 reliquias
1434 436 1650 480 senilibus

161 522 213 552 ac
233 509 409 567 rugosis
424 509 635 553 membris
650 509 698 552 in
714 524 889 553 summo
908 508 1163 552 litterarum
1178 507 1271 551 otio
1287 508 1368 551 uix
1382 506 1648 557 custodiens,

125 591 146 626 5
162 578 273 623 adeo
292 580 498 623 ualenter
517 595 599 638 pro
619 580 764 623 salute
783 579 957 637 patriae
981 579 1188 622 incubuit
1206 582 1260 622 ut
1280 593 1378 622 eam
1398 578 1456 621 ab
1476 577 1649 620 hostili-
1666 575 1696 614 b

162 649 247 693 bus
267 651 404 694 armis
420 651 513 694 solo
529 654 768 708 aequatam
784 651 831 693 in
847 650 1011 694 lectulo
1024 649 1290 693 Atheniensi
1306 649 1454 693 iacens
1470 648 1651 706 quidem

163 720 459 765 Macedonum
499 721 719 772 manibus,
754 721 918 778 quibus
950 720 1124 763 abiecta
1157 722 1265 771 erat,
1298 719 1502 777 eriperet.
1577 718 1654 762 Ita

162 791 275 835 urbe
310 794 455 835 strata
486 795 622 849 atque
658 806 815 835 euersa
847 790 1184 847 Alexandrique
1220 789 1531 833 familiaritate
1564 802 1655 846 qua

162 861 376 905 restituta
395 865 464 905 est
483 861 733 905 Aristotilis
752 864 909 904 notum
926 863 995 904 est
1009 875 1132 918 opus.
1194 860 1319 904 Licet
1338 863 1491 903 autem
1511 858 1653 903 nomi·

105 949 149 974 10
164 947 275 975 num
300 935 347 976 et
373 933 613 976 uerborum
640 932 849 975 turbator
872 931 1106 982 habeatur,
1125 946 1216 975 non
1237 931 1369 974 modo
1389 930 1655 980 subtilitate,

165 1017 256 1060 qua
295 1002 468 1046 cunctis
507 1002 692 1046 celebris
731 1005 811 1053 est,
853 1001 931 1045 sed
971 1005 1017 1044 et
1055 1002 1172 1044 mira
1211 1001 1438 1044 suauitate
1478 999 1655 1043 dicendi

164 1073 348 1124 eualuit,
381 1073 494 1116 adeo
526 1072 707 1130 quidem
741 1075 796 1115 ut
828 1071 1006 1115 Platoni
1041 1071 1203 1115 merito
1242 1071 1476 1128 proximus
1515 1070 1656 1113 fuisse

164 1143 385 1187 uideatur.
447 1142 563 1186 Eum
583 1142 731 1186 laudis
751 1141 891 1186 fuisse
907 1142 1219 1185 auidissimum
1239 1141 1313 1184 uel
1334 1156 1391 1184 ex
1412 1155 1463 1184 eo
1478 1142 1656 1184 constat

165 1213 296 1271 quod,
317 1228 418 1258 cum
439 1212 683 1258 Theodocti
707 1213 927 1271 discipulo
947 1213 1086 1256 libros
1114 1212 1228 1256 artis
1254 1211 1476 1255 oratoriae
1501 1214 1555 1254 ut
1581 1225 1656 1254 eos

105 1299 147 1335 15
166 1284 319 1329 ederet
340 1284 639 1335 concessisset,
660 1283 846 1327 moleste
874 1283 1024 1327 ferens
1051 1285 1207 1340 postea
1234 1284 1414 1326 tantum
1442 1281 1590 1324 laudis
1610 1283 1657 1324 et

168 1354 339 1413 gloriae
358 1354 545 1398 titulum
566 1369 613 1398 se
634 1354 711 1397 alii
732 1354 1008 1405 concessisse,
1028 1353 1211 1411 proprio
1226 1352 1455 1395 uolumine
1472 1351 1655 1409 quibus-

166 1425 271 1469 dam
291 1425 425 1468 rebus
452 1424 674 1476 insistens,
698 1424 878 1483 planius
897 1424 984 1467 sibi
1004 1423 1060 1467 de
1080 1423 1152 1467 his
1172 1423 1220 1466 in
1241 1422 1507 1466 Theodoctis
1527 1421 1654 1464 libris

165 1495 337 1539 dictum
352 1495 526 1539 adiecit.
567 1495 698 1538 Vnde
713 1495 921 1538 Valerius
937 1494 1188 1537 Maximus:
1219 1493 1322 1536 Nisi
1338 1507 1410 1536 me
1425 1494 1520 1536 tam
1534 1492 1654 1535 latae
1674 1501 1701 1532 ο

166 1569 212 1610 et
223 1569 319 1610 tam
333 1566 532 1624 patentis
548 1566 760 1610 scientiae
775 1565 1046 1610 uerecundia
1061 1567 1247 1616 teneret,
1260 1563 1452 1607 dicerem
1468 1563 1658 1621 dignum

105 1651 150 1676 πο
165 1637 482 1695 philosophum
511 1637 638 1680 cuius
668 1636 926 1680 stabiliendi
956 1650 1101 1679 mores
1136 1634 1310 1679 altioris
1341 1634 1481 1677 animi
1514 1633 1658 1691 philo·

164 1708 305 1766 sopho
334 1707 633 1752 traderentur.
692 1706 904 1752 Ceterum
930 1706 1075 1765 gloria
1098 1721 1156 1750 ne
1182 1705 1240 1748 ab
1267 1705 1338 1748 his
1366 1704 1558 1762 quidem,
1580 1704 1658 1761 qui

164 1781 472 1836 contemptum
505 1778 602 1822 eius
633 1778 916 1821 introducere
951 1780 1184 1827 conantur,
1216 1775 1474 1834 negligitur.
1536 1774 1658 1817 Nam

166 1852 214 1893 et
243 1848 551 1892 uoluminibus
584 1849 767 1892 nomina
802 1863 885 1892 sua
924 1848 1165 1906 diligenter
1201 1846 1404 1890 adiciunt
1443 1848 1497 1888 ut
1538 1845 1657 1902 quod

165 1919 442 1978 professione
460 1919 616 1963 leuant
634 1919 927 1977 usurpatione
946 1917 1186 1961 memoriae
1206 1918 1514 1973 assequantur.
1570 1915 1658 1959 Hic

107 2007 149 2042 ²5
168 1993 238 2035 est
256 1991 384 2035 cuius
403 1990 786 2048 disputationibus
801 1991 1007 2034 effectum
1029 1992 1098 2033 est
1117 1992 1171 2032 ut
1186 1988 1461 2032 Achademia
1480 2002 1658 2031 mouea-

168 2065 246 2106 tur
265 2061 409 2119 magis
429 2061 656 2105 rationum
678 2076 813 2118 quam
833 2060 1059 2104 collisione
1080 2062 1331 2103 uentorum.
1392 2058 1518 2102 Licet
1538 2058 1659 2101 enim

167 2132 535 2190 Peripatheticus,
548 2147 640 2175 non
652 2131 978 2175 Achademicus
998 2133 1244 2181 censeatur,
1260 2144 1312 2172 eo
1328 2132 1480 2172 tamen
1496 2128 1658 2172 sollici-

165 2205 293 2246 tante
325 2202 380 2246 de
411 2202 601 2260 singulis
632 2203 829 2246 maxime
863 2204 1107 2260 coeperunt
1138 2200 1370 2253 Platonici,
1403 2199 1481 2257 qui
1511 2199 1657 2243 relicti

167 2333 189 2370 7
214 2324 368 2362 adiecta
384 2323 426 2360 M
621 2334 660 2362 11
690 2323 862 2362 discendi
878 2323 919 2360 Μ
1115 2333 1160 2369 14
1185 2333 1248 2360 eos
1264 2334 1332 2358 om.
1349 2320 1405 2357 M¹
1614 2321 1659 2359 16

166 2371 318 2410 cessisse
335 2372 377 2408 M

217 2494 233 2520 1
259 2485 401 2530 gloriae
416 2485 644 2530 appetitum:
670 2482 718 2519 cf.
736 2483 885 2518 Enthet.
903 2483 947 2517 de
965 2483 1093 2527 Doym.
1109 2481 1245 2516 Philos.
1264 2481 1334 2516 862
1352 2479 1439 2526 (984
1448 2477 1506 2524 A).
1635 2488 1658 2515 2

170 2533 342 2568 Testatur
354 2532 450 2568 etc.:
475 2543 507 2566 v.
523 2530 608 2567 val.
626 2530 728 2566 Max.
745 2542 777 2567 v.
795 2530 830 2566 6.
847 2531 921 2566 ext.
941 2538 972 2576 5.
1084 2539 1183 2575 9,1o
1206 2529 1398 2564 nominum
1415 2532 1448 2563 et
1463 2528 1658 2564 uerborum

166 2580 350 2616 turbator:
376 2591 412 2615 v.
431 2578 565 2615 Boeth.
583 2580 627 2614 de
643 2580 730 2624 Syll.
753 2579 874 2623 Catey.
891 2577 916 2614 i.
927 2576 1061 2631 (Mign
1063 2588 1083 2614 e
1101 2578 1142 2613 Ρ.
1161 2578 1205 2612 L.
1222 2575 1311 2612 lxiv·
1331 2575 1432 2621 793)·
1612 2585 1653 2612 11

167 2629 266 2664 mira
277 2629 461 2663 suauitate
474 2628 640 2662 dicendi:
666 2639 699 2662 v.
718 2625 795 2663 Cic.
819 2627 906 2671 Top.
924 2624 948 2662 i.
970 2625 988 2672 ξ
1009 2637 1055 2671 3,
1081 2623 1243 2669 Quintil.
1264 2625 1356 2660 Inst.
1381 2625 1440 2660 Or.
1459 2634 1497 2660 Χ.
1521 2633 1536 2659 1
1597 2624 1656 2668 83.

170 2685 214 2713 12
238 2681 281 2711 ut
304 2676 454 2711 Platoni
479 2675 551 2711 etc.
568 2687 577 2710 ι
603 2674 651 2712 cf.
669 2673 747 2711 Cic.
772 2676 815 2710 de
838 2675 926 2711 Fin.
943 2685 977 2709 v.
1004 2684 1025 2719 3
1054 2672 1072 2720 ξ
1101 2682 1146 2718 7;
1175 2674 1278 2708 Tusc.
1302 2673 1410 2719 Disp.
1434 2669 1459 2707 i.
1481 2682 1526 2708 10
1596 2681 1655 2707 22.

169 2734 214 2769 13
238 2725 340 2759 Eum
357 2724 481 2759 laudis
496 2724 590 2759 etc.:
616 2735 647 2760 v.
660 2722 745 2759 val.
764 2721 866 2758 Max.
884 2721 964 2759 viii.
986 2732 1040 2765 14.
1058 2723 1133 2758 ext.
1152 2732 1185 2766 3
1372 2730 1415 2765 14
1443 2720 1656 2755 Theodooti.

170 2773 360 2808 Theodecti
375 2770 460 2807 Val.
478 2770 580 2807 Max.
749 2772 792 2808 18
817 2771 903 2806 Nisi
918 2782 974 2805 me
991 2772 1064 2806 etc.
1081 2780 1201 2815 usque
1218 2767 1267 2804 ad
1283 2772 1548 2814 assequantur:
1571 2766 1657 2804 Val.

167 2819 272 2916 {aaz
297 2819 378 2913 >loc
411 2830 527 2866 supra
558 2818 626 2856 cit.
781 2819 828 2855 26
865 2819 1050 2855 collisione
1081 2823 1297 2854 uentorum:
1334 2816 1383 2853 cf.
1417 2827 1535 2863 supra
1566 2827 1599 2852 c.
1633 2826 1656 2863 3

236 2878 251 2904 1
265 2876 295 2904 A

224 2940 308 2960 vnn
322 2940 344 2960 11
902 2928 928 2964 Q
1481 2928 1544 2961 113
