1846 3262
189 233 290 269 oar.
304 223 387 281 xx]
708 221 1150 268 POLICRATICVS
1689 232 1774 275 793
1792 224 1822 264 b

191 344 317 389 bitur
338 345 482 389 homo.
542 344 640 388 Hoc
667 345 786 388 enim
815 347 1009 389 mentem
1034 345 1192 403 effugit
1218 346 1265 388 et
1283 344 1485 402 linguam
1512 344 1668 388 uincit.

192 414 389 459 Libellus
418 417 569 458 tamen
600 414 677 472 qui
707 414 775 458 De
806 414 946 458 Exitu
985 414 1281 458 Tirannorum
1320 414 1562 472 inscriptus
1602 418 1670 457 est

192 485 301 542 quid
328 485 383 528 de
410 485 602 528 tirannis
631 485 821 528 sentiam
851 485 1027 543 plenius
1055 484 1223 542 poterit
1251 484 1435 542 aperire,
1462 483 1668 542 diligenti
1688 498 1714 528 c

191 558 344 599 tamen
378 555 649 613 compendio,
684 558 738 598 ut
771 569 850 599 nec
890 555 945 598 de
984 555 1245 613 prolixitate
1283 554 1454 598 tedium
1493 569 1574 597 nec
1614 554 1670 597 de

152 641 172 675 ⁵
193 624 418 669 breuitate
437 625 684 668 obscuritas
704 628 954 683 generetur.
1014 625 1115 677 Sed,
1134 640 1191 668 ne
1211 625 1437 668 Romanae
1457 624 1671 668 historiae

192 694 380 738 uilescat
410 695 664 746 auctoritaS,
695 709 808 752 quae
849 695 1111 753 plerumque
1141 695 1199 738 ab
1237 694 1492 737 infidelibus
1531 697 1578 738 et
1616 694 1672 738 de

192 765 448 808 infidelibus
468 765 635 822 scripta
655 768 734 816 est,
754 765 837 808 hoc
863 765 1044 808 diuinae
1071 768 1117 808 et
1143 765 1286 808 fidelis
1312 764 1525 808 historiae
1554 778 1670 807 com-

192 834 409 893 probetur
447 834 673 892 exemplis.
733 834 941 892 Vndique
980 835 1099 878 enim
1134 837 1322 892 apparet
1361 834 1477 892 quia,
1513 836 1566 877 ut
1605 834 1672 877 ait

194 904 412 956 Valerius,
444 919 496 948 ea
530 904 709 947 demum
740 907 844 948 tuta
874 907 942 948 est
980 904 1183 961 potentia
1214 919 1328 962 quae
1367 904 1540 947 uiribus
1579 904 1672 947 suis

133 994 177 1020 10
193 973 375 1018 modum
406 974 609 1032 imponit.
668 974 727 1017 Et
761 989 867 1018 sane
897 974 1035 1017 nichil
1064 977 1158 1018 tam
1187 974 1465 1032 praeclarum
1496 977 1564 1017 est
1593 977 1674 1017 aut

194 1047 290 1088 tam
309 1045 596 1103 magnificum
617 1044 737 1102 quod
755 1059 846 1087 non
866 1044 1168 1088 moderatione
1184 1044 1405 1088 desideret
1418 1044 1671 1102 temperari.

194 1113 394 1158 Primum
410 1129 516 1173 ergo
531 1114 760 1157 tirannum
776 1114 904 1157 nobis
915 1114 1052 1158 obicit
1066 1114 1223 1158 diuina
1241 1115 1407 1172 pagina
1422 1114 1675 1157 Nembroth

194 1184 429 1228 robustum
460 1187 616 1228 contra
649 1184 893 1227 Dominum
928 1187 1187 1228 uenatorem
1226 1186 1376 1242 (quem
1416 1187 1462 1228 et
1501 1183 1675 1227 Ninum

195 1254 284 1298 dici
313 1254 553 1298 nonnullae
582 1257 809 1298 testantur
836 1253 1064 1307 historiae,
1084 1254 1168 1298 etsi
1196 1255 1313 1298 ratio
1341 1254 1555 1312 temporis
1584 1269 1676 1297 non

134 1341 174 1376 ¹5
195 1323 484 1384 adquiescat),
503 1338 693 1381 eumque
723 1323 862 1368 fuisse
892 1324 1131 1382 reprobum
1162 1324 1366 1382 superius
1395 1324 1565 1367 dictum
1593 1327 1674 1368 est.

194 1393 399 1452 Regnare
413 1393 633 1451 siquidem
653 1393 799 1437 uoluit
819 1397 864 1437 et
883 1409 974 1437 non
993 1409 1022 1437 a
1042 1394 1246 1445 Domino,
1259 1397 1305 1437 et
1325 1394 1410 1438 sub
1429 1408 1481 1437 eo
1500 1396 1671 1437 turrem
1689 1391 1719 1433 d

192 1464 240 1508 in
260 1464 403 1508 celum
425 1464 593 1522 erigere
613 1467 773 1508 conata
792 1467 860 1507 est
875 1479 976 1508 ceca
990 1465 1285 1523 dispergenda
1299 1468 1346 1508 et
1359 1464 1675 1508 confundenda

193 1535 456 1579 mortalitas.
530 1535 874 1594 Progrediamur
911 1535 969 1578 ad
1004 1550 1106 1579 eum
1142 1550 1274 1593 quem
1314 1535 1479 1593 populo
1519 1534 1676 1578 diuina

193 1604 412 1664 praefecit
451 1605 608 1649 electio
642 1606 887 1663 datumque
922 1606 970 1648 in
1010 1606 1245 1663 reprobam
1284 1605 1544 1649 dominandi
1584 1620 1675 1648 non

133 1692 178 1718 no
196 1675 414 1733 regnandi
444 1675 724 1719 uoluntatem
755 1675 952 1719 deseruit
980 1676 1179 1733 adeoque
1210 1675 1373 1719 afflixit
1403 1678 1457 1718 ut
1486 1677 1676 1732 urgente

195 1744 362 1788 doloris
396 1745 606 1803 angustia
647 1748 836 1788 mortem
872 1745 958 1788 sibi
1000 1749 1234 1803 cogeretur
1267 1744 1447 1788 inferre.
1523 1745 1676 1788 Nichil

195 1815 315 1859 enim
344 1818 426 1859 aut
451 1815 689 1858 minimum
718 1816 901 1873 prodest
928 1831 1037 1859 sana
1066 1815 1326 1872 assumptio,
1345 1815 1383 1858 si
1404 1829 1676 1872 consequens

195 1885 294 1928 uita
334 1885 554 1935 dissentit,
586 1900 667 1928 nec
706 1885 839 1928 initia
878 1900 1028 1929 rerum
1068 1886 1188 1942 apud
1227 1885 1419 1929 iudicem
1459 1885 1676 1942 optinent,

195 1951 323 1996 cuius
354 1952 577 1995 sententia
608 1952 774 2009 pendet
807 1967 864 1996 ex
907 1953 1008 1995 fine.
1069 1953 1243 2010 Regum
1275 1955 1322 1995 et
1351 1952 1455 1995 libri
1490 1952 1677 1995 Dierum

135 2040 177 2074 ²5
196 2021 379 2065 celebris
399 2021 587 2065 historia
606 2025 686 2073 est,
698 2022 746 2064 in
762 2037 856 2079 qua,
869 2025 1049 2065 auctore
1070 2022 1295 2065 Ieronimo
1309 2021 1449 2065 Israel
1469 2022 1679 2065 edocetur

197 2092 283 2136 sub
318 2091 511 2135 tirannis
546 2091 604 2135 ab
635 2092 766 2135 initio
800 2092 1037 2144 laborasse,
1068 2095 1114 2136 et
1153 2092 1269 2135 Iuda
1307 2095 1487 2150 praeter
1526 2092 1677 2135 Dauid

196 2219 217 2254 7
242 2209 438 2257 hystoriae
455 2209 496 2245 M
644 2217 683 2256 15
711 2207 912 2255 adquiscat
928 2207 953 2245 S
1096 2218 1143 2253 24
1169 2207 1348 2254 Regnum
1364 2206 1462 2244 CBA

244 2326 265 2352 2
291 2316 455 2351 Libellus
480 2315 580 2351 etc.:
614 2313 688 2350 Hic
713 2312 866 2351 libellus
894 2314 962 2350 aut
988 2324 1199 2359 numquam
1225 2311 1267 2347 in
1291 2311 1416 2349 lucem
1442 2311 1587 2359 prodiit
1609 2314 1677 2349 aut

195 2362 352 2400 omnino
369 2362 526 2398 amissus
543 2364 612 2399 est.
815 2371 838 2407 9
863 2374 904 2397 ea
921 2363 1065 2397 demum
1082 2364 1155 2397 etc.
1174 2374 1182 2397 :
1207 2359 1290 2396 Val.
1308 2359 1409 2396 Max.
1426 2359 1473 2396 iv.
1496 2370 1525 2396 1.
1545 2363 1622 2397 ext.
1642 2362 1675 2397 8.

197 2421 242 2448 12
266 2411 460 2447 Nembmeh
477 2412 550 2447 etc.
567 2420 577 2446 :
603 2422 636 2446 v.
655 2408 751 2445 Gen.
767 2421 806 2445 x.
824 2410 857 2453 8,
872 2420 905 2455 9.
1006 2417 1049 2453 14
1074 2409 1274 2444 nonnullae
1290 2413 1472 2443 testantur
1484 2409 1676 2444 historiae:

195 2460 240 2495 ut
256 2460 529 2504 Reooqnitioms
544 2459 582 2494 S.
604 2459 806 2499 Clementis,
825 2469 916 2503 quas
933 2455 1070 2492 Latine
1086 2455 1203 2493 vertit
1219 2455 1393 2500 Rufinus,
1406 2454 1455 2491 iv.
1469 2465 1515 2501 29
1530 2454 1677 2503 (Migne

195 2508 332 2543 Patrol.
353 2507 479 2542 Graec.
497 2505 522 2541 i.
543 2505 663 2559 1337).
741 2507 807 2541 etsi
822 2507 916 2541 ratio
932 2507 1028 2541 etc.:
1052 2516 1085 2540 v.
1102 2503 1199 2551 Aug.
1218 2505 1261 2539 de
1282 2505 1320 2540 C.
1340 2505 1387 2539 D.
1404 2502 1478 2539 xvi.
1499 2513 1531 2548 3.
1634 2513 1674 2551 15

194 2557 385 2639 xpm-ius:
409 2566 444 2622 J.
461 2564 618 2636 supra-1.
635 2563 658 2598 4
662 2553 763 2636 A(394
774 2553 829 2636 Ξ).
841 2601 871 2636 C
895 2600 934 2635 D
1012 2599 1020 2606 .
1050 2553 1094 2589 16
1117 2553 1281 2598 Reynare
1298 2553 1392 2635 etgc.:
1417 2563 1449 2587 v.
1466 2550 1529 2619 .O⁸'
1548 2549 1626 2635 visi}
1643 2562 1679 2634 ιιι.

198 2660 243 2696 19
267 2608 838 2696 3125332223120233052
865 2627 915 2685 ef.
934 2611 1038 2684 1³23:
1052 2610 1086 2683 ἶ·
1099 2648 1156 2684 28.
1220 2693 1228 2702 .
1305 2609 1319 2636 ¹
1342 2610 1562 2683 ΖΫΖᾰηίῗῑ,
1580 2611 1677 2684 023}

195 2711 229 2734 v.
251 2708 266 2735 1
287 2698 379 2744 Reg.
405 2695 508 2732 xxxi.
533 2707 570 2741 4.
762 2706 807 2740 24
831 2698 969 2741 Reyum
994 2697 1092 2732 etc.:
1117 2707 1150 2731 v.
1178 2694 1337 2732 Hieron.
1361 2695 1485 2740 Praef.
1510 2696 1552 2730 in
1574 2696 1677 2732 Libr.

195 2748 344 2783 Samuel
360 2751 392 2781 et
407 2745 609 2780 Malachim
626 2743 773 2798 §Migne
789 2745 830 2781 P.
842 2745 886 2779 L.
905 2743 1035 2780 xxviii.
1057 2752 1135 2790 553,
1179 2747 1252 2796 54).
1396 2743 1484 2796 liam·
1501 2744 1677 2779 Dierum:

195 2794 220 2830 i.
237 2805 274 2831 e.
298 2793 386 2829 libri
412 2791 479 2839 qui
507 2791 803 2838 Paralipomena
829 2792 931 2838 apud
958 2790 1120 2828 Graecos
1203 2792 1380 2836 tmosque
1407 2789 1607 2832 dicuntur-5
1642 2803 1674 2827 v.

196 2841 350 2879 Hieron.
369 2841 441 2877 loc.
462 2839 529 2877 cit.
683 2849 727 2886 25
754 2845 898 2876 auctore
914 2841 1120 2876 Iemnimo:
1147 2850 1180 2875 v.
1197 2837 1354 2875 Hieron.
1372 2839 1413 2875 in
1429 2839 1560 2876 Ierem.
1579 2840 1677 2875 xxii.

200 2900 244 2934 14
262 2889 406 2937 (Migne
424 2889 465 2925 P.
483 2889 527 2927 L.
547 2886 645 2924 xxiv.
663 2888 762 2934 811).

1504 2966 1570 3005 373
