1846 3262
59 210 150 259 669
171 218 203 248 a
553 207 817 253 IOANNIS
859 207 1382 254 SARESBERIENSIS
1503 208 1618 272 [ΜΒ.
1633 221 1705 254 V11

334 330 569 381 attonitae,
599 344 758 373 currus
789 331 836 371 et
866 343 1002 385 equos
1033 328 1258 386 faciesque
1288 329 1474 373 deorum

334 389 561 446 adspicere
592 392 638 432 et
667 387 813 446 qualis
844 387 1051 430 Rutilum
1081 388 1332 432 confundat
1362 389 1523 433 Erinis.

218 470 338 514 Nam
359 470 479 527 quod
499 470 635 512 turba
649 469 857 512 ueritatis
877 468 1030 512 lumen
1050 468 1267 527 impediat
1282 484 1409 513 cecus
1425 470 1709 528 euangelicus

218 542 359 592 docet,
380 555 513 598 quem
544 539 705 582 turbae
735 539 1052 596 praecedentes
1073 542 1119 583 et
1149 543 1386 597 sequentes
1415 540 1709 598 increpabant

217 611 388 668 pariter
408 613 461 652 ut
482 611 661 652 taceret.
723 609 968 666 Siquidem,
984 610 1160 654 dicente
1180 610 1387 662 Domino,
1403 610 1480 668 qui
1502 612 1711 653 uersatur
1730 629 1748 663 5

217 681 266 723 in
286 680 433 724 turbis
446 680 659 722 turbatur
674 694 780 736 erga
795 679 1008 736 plurima3
1038 694 1126 737 quo
1142 680 1281 724 nichil
1303 680 1466 724 studiis
1481 682 1562 723 aut
1581 678 1711 722 bonis

217 751 422 798 moribus
448 749 706 793 exercendis
736 749 1028 806 perniciosius
1059 753 1138 794 est.
1200 750 1250 794 Si
1275 751 1394 794 enim
1419 750 1633 801 studium,
1657 751 1712 792 ut

169 830 200 870 b
218 821 422 866 Ciceroni
453 820 611 878 placet,
641 823 710 863 est
739 821 979 864 uehemens
1009 821 1252 879 applicatio
1280 821 1421 864 animi
1451 821 1510 864 ad
1539 819 1712 878 aliquid

217 892 442 950 agendum
473 906 639 949 magna
668 906 770 934 cum
800 891 1048 944 uoluntate,
1075 891 1278 949 profecto
1308 907 1433 936 mens
1462 905 1576 949 quae
1611 893 1711 934 tur-

217 963 326 1006 bata
346 962 405 1005 ad
424 962 557 1019 plura
577 962 848 1005 distrahitur
871 977 1156 1021 nequaquam
1183 963 1232 1006 in
1252 978 1344 1007 uno
1364 962 1551 1006 uirtutis
1577 975 1711 1020 opere
1731 977 1774 1002 10

216 1033 411 1077 fideliter
430 1035 684 1090 occupatur.

277 1104 366 1147 Sed
387 1103 526 1146 studii
547 1106 656 1146 tunc
677 1103 941 1147 exercitatio
962 1103 1208 1161 plurimum
1224 1104 1414 1162 proficit,
1429 1118 1531 1147 cum
1551 1102 1712 1154 uirtus,

216 1175 266 1218 in
294 1174 484 1232 singulis
509 1189 623 1231 quae
651 1174 763 1232 legit
787 1177 868 1217 aut
896 1174 1026 1217 audit
1056 1175 1201 1226 homo,
1229 1175 1369 1219 tacito
1390 1174 1511 1232 apud
1539 1188 1586 1217 se
1614 1173 1713 1217 ueri

217 1245 373 1288 iudicii
421 1244 638 1288 scrutinio
688 1244 986 1298 conualescit3
1035 1245 1099 1288 ibi
1149 1260 1344 1302 namque
1393 1245 1511 1288 ratio
1551 1247 1713 1289 cuncta

219 1315 451 1359 examinat
481 1317 527 1358 et
557 1314 758 1358 fructum
789 1315 991 1358 omnium
1023 1315 1241 1374 appendit
1270 1316 1318 1358 in
1349 1318 1534 1361 statera.
1733 1331 1772 1365 15

279 1384 492 1429 Ceterum
525 1385 624 1427 uita
654 1385 808 1442 quieta
838 1400 932 1428 esse
963 1400 1053 1428 non
1084 1388 1244 1443 potest,
1275 1386 1312 1429 si
1343 1389 1534 1430 naturae
1564 1401 1712 1430 neces-

218 1455 338 1500 saria
372 1455 730 1508 subtrahuntur3
778 1458 824 1499 et
859 1471 883 1499 e
925 1459 1094 1508 contra,
1130 1457 1169 1499 si
1204 1456 1409 1500 luxuriat
1444 1457 1623 1500 animus
1664 1456 1714 1499 in

218 1525 401 1576 deliciis,
432 1540 583 1568 rerum
615 1526 848 1569 affluentia
877 1526 1030 1570 lumen
1060 1527 1249 1570 rationis
1280 1526 1521 1585 extinguit.
1582 1528 1713 1571 Vnde

219 1595 414 1639 fecunda
443 1596 645 1639 uirorum
675 1599 917 1654 paupertas
947 1599 993 1639 et
1022 1611 1156 1639 uerae
1186 1597 1458 1640 humilitatis
1487 1601 1637 1641 custos
1667 1601 1713 1641 et

220 1667 340 1711 socia
359 1667 546 1710 uirtutis
565 1667 821 1724 praemissis
841 1667 1083 1710 adhibetur
1102 1671 1155 1711 ut
1179 1667 1406 1711 luxuriam
1435 1667 1712 1711 moderatrix
1732 1684 1776 1708 20

179 1738 310 1786 cista
349 1741 599 1795 compescat
639 1740 685 1781 et
725 1737 920 1780 stimulis
960 1737 1053 1780 suis
1093 1738 1320 1781 hominem
1360 1738 1431 1781 sui
1470 1753 1713 1782 memorem

221 1807 364 1851 officio
391 1807 577 1851 uirtutis
605 1807 773 1865 iugiter
798 1808 967 1851 instare
991 1807 1241 1865 compellat.
1301 1808 1505 1852 Honesta
1533 1809 1714 1866 quidem

220 1893 292 1921 res
313 1881 392 1929 est,
413 1882 466 1921 ut
495 1878 562 1921 ait
588 1878 778 1935 sapiens,
802 1878 894 1921 leta
921 1882 1188 1936 paupertas;
1218 1893 1299 1922 nec
1326 1881 1479 1922 tamen
1507 1882 1576 1923 est
1602 1894 1714 1937 pau-

220 1952 385 2006 pertas,
412 1949 451 1992 si
475 1949 578 2002 leta,
599 1949 676 1992 sed
698 1948 823 1993 Cresi
844 1949 1019 1992 diuitiis
1047 1949 1208 2007 potior.
1267 1949 1398 1993 Vnde
1417 1949 1714 2002 Democritus,

221 2034 324 2064 cum
353 2019 529 2063 diuitiis
557 2019 726 2063 censeri
756 2022 907 2077 posset
935 2034 1050 2077 quae
1083 2022 1240 2063 tantae
1272 2019 1461 2064 fuerunt
1498 2023 1552 2064 ut
1583 2023 1714 2079 pater
1733 2041 1749 2064 2
1756 2040 1775 2075 5

223 2090 319 2134 eius
353 2090 571 2134 exercitui
600 2090 756 2134 Xersis
791 2091 974 2148 epulum
1009 2091 1116 2134 dare
1149 2106 1207 2134 ex
1237 2090 1361 2135 facili
1391 2091 1604 2149 potuerit,
1625 2106 1715 2149 quo

222 2161 367 2219 magis
416 2175 559 2204 uacuo
609 2161 760 2204 animo
809 2161 972 2204 studiis
1021 2161 1278 2204 litterarum
1329 2165 1445 2205 esset
1491 2165 1715 2220 operatus,

221 2246 364 2289 parua
385 2231 626 2274 admodum
647 2246 821 2275 summa
842 2234 1031 2283 retenta,
1046 2232 1368 2290 patrimonium
1389 2247 1521 2276 suum
1540 2233 1716 2290 patriae

222 2301 424 2345 donauit.
515 2301 709 2345 Athenis
763 2304 916 2346 autem
976 2302 1281 2361 compluribus
1320 2303 1453 2346 annis
1501 2306 1716 2354 moratus,

223 2401 245 2437 8
271 2399 453 2447 aplicatio
471 2399 576 2437 03¹8
725 2410 766 2449 15
794 2401 953 2449 apendit
972 2400 1011 2438 8ι
1156 2412 1202 2449 29
1226 2414 1311 2439 cum
1331 2401 1509 2450 pluribus
1525 2401 1693 2438 GBASM

273 2484 294 2519 3
319 2485 420 2509 cecus
436 2475 670 2519 euanyelicus
686 2475 782 2510 etc.:
801 2485 836 2509 v.
848 2473 937 2510 Luc.
949 2472 1053 2509 xviii.
1066 2482 1109 2520 35
1123 2485 1247 2519 seqq.;
1265 2473 1315 2509 cf.
1327 2473 1439 2509 Matt.
1452 2484 1514 2509 xx.
1531 2483 1578 2519 30
1590 2484 1716 2520 seqq.;

224 2521 344 2558 Marc.
362 2532 398 2557 x.
416 2523 463 2566 46
477 2533 579 2568 seqq.
773 2531 797 2567 4
816 2523 1070 2568 praecedentes
1094 2527 1128 2557 et
1149 2527 1353 2576 sequentes:
1381 2533 1414 2558 v.
1440 2521 1552 2558 Matt.
1577 2521 1654 2559 xxi.
1682 2532 1717 2569 9.

226 2579 244 2616 5
272 2571 410 2606 dicente
425 2571 605 2606 Domino:
630 2568 690 2605 Ad
707 2568 797 2607 Luc.
815 2581 852 2605 x.
870 2580 930 2615 41,
948 2580 995 2615 42
1021 2569 1188 2616 respicit.
1333 2578 1354 2614 7
1379 2571 1545 2605 studium
1561 2572 1656 2607 etc.:
1682 2583 1717 2607 v.

225 2617 302 2654 Cic
316 2619 359 2653 de
372 2619 510 2654 Inveni.
522 2617 547 2655 i.
563 2629 584 2654 2
589 2627 606 2664 5
628 2617 646 2665 §
666 2619 893 2663 36.12
911 2619 982 2654 Sed
998 2620 1113 2654 studii
1130 2620 1225 2655 etc.·
1251 2616 1310 2653 Ad
1326 2619 1548 2653 scrutinium
1563 2620 1717 2655 tacitum

227 2667 274 2711 (v.
289 2677 402 2712 supra
414 2667 541 2712 6661))
558 2665 712 2704 transit.
849 2668 894 2703 16
914 2667 1080 2702 Ceterum
1090 2668 1183 2703 etc.:
1201 2666 1260 2702 Ad
1271 2671 1530 2712 paupertatem
1544 2667 1591 2713 (v.
1602 2678 1717 2713 supra

225 2715 298 2750 666
315 2718 359 2760 D)
378 2714 532 2751 transit.
751 2724 796 2760 19
811 2716 979 2760 secunda
995 2716 1166 2750 uirorum
1177 2719 1407 2761 paupertas:
1435 2713 1523 2750 Luc.
1540 2716 1704 2751 Plaars.1

229 2763 308 2808 165,
339 2764 417 2800 166.
563 2773 611 2799 20
634 2764 734 2799 socia
754 2764 928 2799 uirtutis.
968 2762 1015 2799 cf.
1044 2762 1200 2799 Petron.
1228 2764 1304 2798 Sat.
1330 2763 1377 2807 84
1401 2764 1518 2798 nescio
1542 2764 1717 2818 quamodo

226 2812 339 2846 bonae
355 2813 488 2848 mentis
502 2823 607 2848 soror
621 2817 672 2848 est
684 2816 900 2857 paupertas.
1062 2821 1107 2847 22
1132 2812 1295 2847 Honesta
1311 2811 1405 2848 etc..
1432 2810 1515 2847 Hoc
1533 2811 1717 2858 sapientis

225 2858 353 2895 nescio
380 2859 488 2896 cuius
511 2859 659 2896 dictum
682 2871 760 2896 non
783 2859 910 2897 adhue
933 2858 1099 2906 reperire
1132 2858 1255 2906 potui.
1416 2869 1464 2903 24
1488 2860 1718 2897 Democritus

226 2909 298 2944 etc.
313 2919 321 2943 :
346 2906 430 2943 Val.
448 2907 550 2944 Max.
567 2907 647 2945 viii.
665 2917 697 2954 7,
717 2909 792 2945 ext.
808 2918 844 2954 4.

339 2973 406 3006 150
