1846 3262
57 232 142 282 638
161 231 192 272 cl
545 232 810 278 IOANNIS
852 231 1376 278 SARESBERIENSIS
1502 232 1615 294 [LIB.
1631 242 1704 278 vn

208 356 345 400 scissa
366 356 427 399 sit
447 359 493 399 et
513 370 595 413 pro
615 358 744 413 parte
766 358 860 398 tam
882 354 993 397 risui
1021 356 1177 411 pateat
1204 369 1338 412 quam
1368 356 1518 400 errori.
1581 355 1703 410 Quid

209 427 329 470 enim
370 426 568 484 ineptius
610 441 744 483 quam
785 426 1004 468 fluctuare
1037 425 1085 467 in
1121 424 1312 483 singulis
1345 429 1392 469 et
1431 426 1601 470 nullius
1636 426 1702 470 rei

208 497 372 540 habere
393 496 709 540 certitudinem
741 499 787 539 et
813 511 977 539 nomen
1004 495 1261 553 philosophi
1288 497 1520 553 profiteri?
1581 497 1703 540 Nam

210 567 287 624 qui
309 567 365 611 de
384 568 592 611 omnibus
613 567 837 618 dubitant,
854 581 906 610 eo
922 566 1041 623 quod
1057 566 1196 610 nichil
1222 567 1392 610 habent
1405 570 1591 619 certum,
1606 571 1702 611 tam

209 653 237 681 a
267 638 355 682 fide
386 653 521 695 quam
553 653 580 681 a
610 638 798 681 scientia
832 637 967 680 alieni
1001 639 1118 680 sunt.
1181 637 1307 681 Licet
1343 637 1464 681 enim
1498 637 1609 681 fides
1643 637 1702 681 ad
1721 654 1742 690 5

48 709 140 756 639
161 718 192 747 a
209 709 422 752 scientiae
448 709 658 752 brauium
683 724 774 752 non
800 709 1047 766 perueniat,
1068 708 1177 751 dum
1206 709 1334 766 quasi
1364 723 1446 767 per
1471 708 1703 766 speculum

209 779 449 823 uerita-tem
477 780 731 823 absentium
761 782 1012 830 contuetur,
1040 779 1178 822 habet
1205 782 1357 822 tamen
1382 779 1702 823 certitudinem

207 850 399 908 caligine
420 850 733 908 ambiguitatis
749 850 940 893 exclusa.
987 849 1135 901 Porro,
1157 850 1195 892 si
1216 850 1272 893 de
1293 850 1484 908 singulis
1499 849 1702 894 Achade-

207 920 350 964 micus
370 921 563 972 dubitat,
584 921 639 964 de
659 921 785 964 nullo
805 923 954 964 certus
982 924 1077 973 est3
1107 921 1195 963 nisi
1223 919 1342 964 forte
1373 923 1420 964 et
1444 921 1528 964 1100
1552 921 1703 978 ipsum

208 991 430 1035 incertum
457 991 624 1035 habeat
650 1007 709 1034 an
736 991 973 1035 contrariis
1004 991 1304 1034 existentibus
1328 991 1376 1034 in
1402 991 1557 1035 eodem
1585 991 1703 1036 circa
1722 1005 1767 1030 10

208 1062 327 1104 idem
348 1065 498 1119 posset
518 1065 564 1105 et
584 1062 748 1105 dubius
770 1064 815 1105 et
836 1065 984 1105 certus
1001 1076 1105 1105 esse.
1168 1061 1258 1105 Sed
1279 1077 1338 1104 an
1359 1062 1539 1106 dubitet
1559 1062 1702 1106 incer-

207 1135 307 1174 tum
337 1132 486 1183 habet,
511 1132 619 1175 dum
650 1132 733 1175 hoc
763 1132 911 1189 ipsum
941 1132 1084 1175 nescit
1114 1147 1173 1175 an
1203 1132 1387 1177 nesciat.
1443 1131 1563 1176 Cum
1593 1146 1703 1176 uero

208 1203 341 1246 homo
361 1202 410 1245 in
431 1217 483 1246 eo
503 1202 662 1246 ceteris
682 1202 952 1245 animalibus
967 1204 1167 1259 praestet
1183 1202 1302 1259 quod
1319 1202 1493 1246 ratione
1509 1202 1636 1260 uiget
1655 1205 1703 1246 et

208 1272 510 1330 intelligentia
530 1273 652 1328 (nam
673 1273 722 1315 in
742 1272 945 1315 sensibus
966 1272 1056 1329 qui,
1072 1272 1177 1316 licet
1193 1272 1369 1316 animae
1384 1272 1488 1324 sint,
1503 1272 1700 1330 corporis

208 1357 302 1386 esse
327 1343 551 1394 dicuntur,
572 1342 704 1386 facile
734 1346 974 1400 superatur
986 1356 996 1395 ;
1035 1357 1180 1400 neque
1208 1342 1314 1386 linci
1339 1342 1491 1386 ualeat
1514 1342 1699 1400 aequari
1719 1360 1762 1396 15

208 1413 480 1471 perspicacia
512 1413 766 1466 oculorum;
812 1428 888 1456 sus
923 1413 1084 1456 auditu
1124 1412 1396 1470 praeualeat,
1428 1412 1587 1456 uultur
1618 1416 1700 1457 aut

207 1484 331 1526 canis
366 1483 568 1535 odoratu,
600 1487 739 1541 gustu
772 1483 914 1535 simia,
947 1498 1112 1527 aranea
1143 1485 1311 1539 tactu);
1357 1497 1471 1536 cum,
1502 1483 1700 1540 inquam,

207 1553 488 1597 discernendi
525 1556 571 1597 et
605 1553 887 1612 intelligendi
926 1553 1101 1596 uiribus
1141 1553 1274 1596 homo
1314 1553 1563 1611 praecedat,
1599 1553 1700 1610 quis

208 1624 583 1681 praestantiorem
603 1623 760 1667 bestiis
780 1626 862 1667 aut
881 1624 1032 1681 potius
1054 1623 1154 1680 quis
1174 1638 1266 1666 non
1286 1622 1545 1667 inferiorem
1566 1626 1623 1676 et,
1645 1626 1699 1667 ut

160 1694 189 1733 b
209 1694 276 1737 ita
296 1693 454 1744 dicam,
472 1694 573 1751 quis
593 1709 684 1738 non
706 1694 952 1738 brutiorem
970 1694 1124 1738 credat
1139 1693 1364 1737 hominem
1380 1693 1453 1737 cui
1468 1693 1586 1737 ratio
1606 1708 1697 1737 non
1717 1711 1762 1736 20

209 1764 434 1815 discernit,
455 1764 710 1808 intellectus
730 1779 821 1808 non
842 1764 986 1822 sapit3
1016 1779 1118 1808 cum
1149 1767 1195 1807 et
1221 1764 1356 1807 bruta
1383 1764 1442 1807 ad
1469 1764 1698 1821 quandam

208 1835 397 1878 rationis
418 1834 661 1892 imaginem
678 1835 1005 1892 quodammodo
1022 1834 1266 1877 uideantur
1280 1849 1514 1892 assurgere
1530 1835 1547 1879 2
1578 1835 1699 1878 Nam

207 1908 253 1948 et
284 1904 407 1948 canis
437 1919 541 1948 suos
580 1905 795 1948 discernit
825 1906 1022 1958 affectus,
1052 1904 1368 1948 beneficiorum
1408 1919 1579 1948 memor
1618 1908 1698 1957 est,

207 1974 564 2018 familiaritatem
596 1990 699 2018 cum
734 1975 915 2018 homine
946 1975 1004 2017 ab
1037 1974 1317 2032 experientia
1349 1989 1499 2018 rerum
1533 1978 1579 2018 et
1610 1989 1697 2018 usu

206 2045 435 2089 contrahit
455 2047 511 2096 et,
528 2045 752 2089 amicitiae
771 2060 880 2102 prae
900 2045 1060 2088 ceteris
1085 2045 1213 2102 quasi
1238 2045 1373 2088 fidem
1394 2044 1696 2089 familiaribus
1715 2061 1760 2096 25

206 2116 434 2166 exhibens,
448 2115 637 2158 rationis
657 2119 704 2159 et
724 2116 979 2159 intellectus
1000 2115 1193 2173 quodam
1215 2115 1484 2159 nobilitatur
1503 2116 1696 2174 ingenio.

207 2186 297 2230 Sed
337 2188 383 2229 et
422 2185 692 2228 iniuriarum
727 2186 942 2229 memoria
982 2185 1151 2229 camelo
1187 2186 1406 2228 tenaciter
1441 2185 1619 2237 residet,
1651 2190 1699 2230 et

205 2257 444 2309 rinocerus,
475 2255 553 2313 qui
593 2259 640 2299 et
679 2256 907 2300 unicornis
948 2259 1027 2307 est,
1058 2256 1250 2314 uirginis
1284 2256 1594 2314 integritatem
1633 2257 1697 2302 sic

207 2393 225 2431 5
253 2382 491 2421 conscientia
507 2381 618 2419 CBA¹
765 2392 806 2420 11
834 2381 990 2418 dubitat
1007 2380 1175 2418 CBASM

255 2494 288 2528 1,
307 2493 328 2519 2
356 2484 454 2528 Quid
470 2484 569 2519 enim
584 2483 748 2528 ineptius
763 2483 862 2518 etc.:
888 2493 920 2518 v.
947 2479 1027 2517 Cic.
1052 2481 1166 2517 Acad.
1193 2479 1234 2515 ii.
1255 2490 1277 2526 9
1296 2479 1313 2525 ξ
1335 2490 1390 2526 29.
1582 2482 1606 2519 6
1624 2493 1698 2528 per

204 2533 391 2578 speculum
407 2533 503 2568 etc.:
528 2543 560 2566 v.
582 2541 596 2567 1
619 2529 702 2566 Cor.
728 2528 809 2565 xiii.
830 2539 886 2566 12.
1063 2529 1112 2565 26
1135 2529 1291 2564 rationis
1314 2533 1347 2564 et
1370 2529 1574 2565 intellectus
1598 2531 1695 2567 etc.:

206 2580 254 2617 cf.
272 2578 363 2616 libri
380 2581 423 2615 de
438 2580 574 2615 Bestiis
591 2576 751 2625 Hugoni
775 2577 822 2614 de
847 2575 882 2613 S.
901 2576 1057 2613 Victore
1081 2575 1263 2613 attributi
1282 2575 1340 2612 iii.
1363 2586 1402 2613 11
1425 2576 1575 2624 (Migne
1591 2579 1633 2615 P.
1650 2579 1695 2615 L.

205 2627 357 2664 clxxvii.
383 2628 441 2671 86,
459 2627 520 2672 87)
543 2628 659 2663 Canis
681 2637 778 2669 uero,
796 2627 861 2661 ubi
883 2626 1079 2671 uestiyium
1103 2626 1236 2670 leporis
1259 2626 1403 2660 cer-uiue
1418 2627 1564 2671 reperit,
1589 2631 1623 2662 et
1645 2627 1698 2663 aa

204 2677 465 2711 diuerticulum
492 2677 640 2711 semitae
666 2675 810 2710 uenerit
835 2701 845 2710 .
873 2700 883 2710 .
912 2699 922 2708 .
952 2675 1085 2709 tacitus
1112 2684 1231 2708 secum
1261 2674 1338 2718 ipse
1359 2678 1568 2719 pertractat,
1594 2675 1698 2711 uelut

203 2725 462 2769 sylloyisticam
489 2735 611 2759 uocem
635 2723 832 2768 sayacitate
862 2722 1056 2767 colliyendi
1083 2722 1205 2757 odoris
1232 2721 1427 2767 dimittens,
1455 2723 1553 2758 ‘Aut
1584 2722 1698 2758 certe’

205 2774 328 2817 inquit
352 2774 360 2789 ⁴
375 2773 417 2807 in
446 2772 542 2807 hanc
567 2776 714 2817 partem
746 2771 903 2815 deflexit,
937 2774 1004 2805 aut
1029 2770 1071 2804 in
1102 2768 1234 2805 illam.'
1425 2770 1472 2806 28
1509 2771 1699 2807 'inocente

205 2822 301 2855 etc.:
343 2819 393 2855 cf.
423 2819 503 2855 Mai
540 2820 654 2855 Class.
687 2820 794 2854 Auct.
828 2816 892 2854 vii.
929 2826 1010 2864 595,
1044 2827 1091 2853 ex
1123 2815 1222 2853 libro
1255 2815 1322 2862 qui
1354 2816 1606 2865 Physiologus
1632 2817 1696 2854 in-

204 2865 392 2910 scribitur,
419 2869 587 2903 Puellam
610 2868 795 2912 uiryinem
817 2867 957 2901 ducunt
980 2867 1021 2900 in
1050 2865 1114 2900 illo
1139 2865 1212 2900 loco
1236 2865 1302 2900 ubi
1324 2870 1492 2901 moratur
1512 2871 1545 2901 et
1568 2866 1696 2902 dimit·

204 2920 289 2952 tunt
313 2927 395 2951 eam
420 2917 463 2951 in
486 2917 624 2952 siluam
650 2916 790 2960 solam5
823 2914 889 2950 ille
916 2914 983 2961 (sc.
1009 2911 1231 2950 rhinoceros
1255 2911 1340 2950 siue
1369 2911 1578 2961 unicornis)
1608 2924 1695 2952 uero

313 2985 361 3035 96
