1846 3262
56 249 140 290 703
161 241 190 280 b

162 513 187 542 c

157 1472 187 1513 d

51 2318 135 2358 704
156 2319 187 2348 a

544 239 807 284 IOANNIS
851 239 1370 285 SARESBERIENSIS
1491 240 1601 302 [LIB.
1617 249 1690 285 vn

206 362 370 406 Fertur
411 362 552 415 Plato,
597 377 697 405 cum
738 361 779 404 ei
819 361 1112 419 condiscipuli
1153 362 1419 414 inuiderent,
1461 363 1690 407 Socratem

204 433 502 490 interrogasse
535 447 624 489 qua
659 432 833 474 ratione
869 434 1019 489 posset
1050 432 1282 475 hominum
1318 433 1539 476 declinare
1571 433 1690 476 inui-

206 504 339 547 diam.
402 503 487 548 Cui
513 504 742 547 Socrates:
775 503 895 554 Esto,
916 504 1077 560 inquit,
1098 506 1151 546 ut
1175 504 1383 548 Tersites.
1443 504 1564 547 Dum
1585 519 1692 562 ergo

204 577 472 631 torquentur
492 574 649 626 inuidi,
665 573 775 617 alios
791 574 995 616 miseriae
1017 589 1123 617 suae
1143 574 1305 617 uolunt
1325 589 1419 617 esse
1439 574 1691 631 participes,

204 644 402 701 undique
454 646 718 701 quaerentes
762 647 814 687 ut
858 647 1060 695 noceant,
1108 646 1154 687 et
1198 644 1341 702 ipsam
1389 644 1690 687 innocentiam
1708 659 1727 694 5

204 710 430 771 quandam
466 716 632 771 putant
667 729 760 757 esse
793 714 952 757 mortis
984 714 1237 772 imaginem.
1299 714 1428 757 Vnde
1465 715 1606 767 Maro,
1638 717 1692 758 ut

203 784 261 827 ab
291 799 381 827 uno
411 784 555 828 discas
585 799 749 835 omnes,
779 787 942 828 notans
972 784 1179 827 inuidum
1209 785 1298 828 ait:
1373 808 1381 815 ·

321 877 391 928 Et,
422 877 460 920 si
491 892 582 921 non
612 877 765 935 aliqua
794 877 1031 929 nocuisses,
1061 880 1267 921 mortuus
1297 893 1427 921 esses.

205 971 304 1025 Quo
325 971 464 1014 nichil
484 972 634 1014 minus
655 971 782 1015 decet
803 971 1120 1029 philosophum
1148 975 1229 1016 aut
1250 972 1400 1015 uirum
1422 971 1691 1015 auctoritate

203 1042 276 1085 uel
297 1042 496 1085 moribus
522 1057 717 1100 grauem.
778 1042 908 1085 Vnde
931 1042 1148 1094 Socrates,
1169 1058 1260 1086 non
1282 1043 1357 1086 ille
1378 1043 1593 1100 antiquus
1613 1041 1691 1085 sed
1711 1062 1753 1087 10

204 1127 335 1169 quem
361 1114 587 1155 auctorem
614 1114 842 1169 gestorum
868 1111 1160 1156 Cassiodorus
1187 1113 1236 1155 in
1266 1113 1512 1170 Tripertita
1535 1112 1693 1156 laudat

205 1183 431 1226 Historia:
464 1183 605 1236 Quod,
627 1183 791 1240 inquit,
811 1183 1016 1227 Iulianus
1037 1187 1239 1227 tonsores
1263 1186 1309 1227 et
1330 1199 1455 1227 cocos
1475 1199 1503 1227 a
1522 1183 1692 1241 palatio

203 1254 390 1311 expulit,
411 1268 503 1297 non
523 1253 655 1296 modo
676 1254 959 1311 imperatoris
986 1254 1064 1297 sed
1093 1256 1138 1297 et
1165 1254 1420 1312 philosophi
1442 1268 1553 1311 opus
1574 1253 1691 1312 egit3

203 1327 256 1367 ut
295 1327 446 1367 autem
487 1323 744 1367 detraheret
778 1326 914 1381 atque
950 1325 1226 1378 dilaceraret,
1258 1340 1401 1382 neque
1436 1324 1690 1382 philosophi

204 1409 349 1452 neque
388 1394 604 1452 principis
644 1394 747 1437 fuit.
820 1393 936 1438 Cum
977 1395 1095 1438 enim
1137 1410 1193 1438 ex
1234 1410 1512 1452 quacumque
1555 1409 1690 1438 causa
1709 1415 1751 1454 15

206 1470 381 1509 cessant
411 1480 557 1522 opera,
589 1465 843 1508 decurritur
876 1465 934 1508 ad
968 1465 1189 1508 malitiam
1230 1465 1507 1508 detrahendi.
1566 1465 1690 1509 Haec

206 1538 275 1578 est
305 1534 461 1591 utique
497 1534 755 1578 indubitata
786 1535 932 1592 proles
962 1535 1160 1578 inuidiae
1197 1537 1243 1578 et
1273 1535 1508 1578 caritatem
1538 1534 1690 1578 abesse

204 1604 446 1648 manifesto
467 1604 631 1647 indicio
651 1607 939 1661 protestatur.
991 1605 1050 1648 Et
1065 1619 1184 1648 nunc
1205 1604 1385 1662 quidem
1406 1605 1524 1647 bona
1544 1604 1691 1647 aliena

203 1675 436 1733 peruertit,
456 1690 576 1718 nunc
597 1675 786 1728 minuit3
817 1675 937 1718 mala
963 1678 1044 1719 aut
1069 1676 1203 1734 fingit
1225 1690 1338 1733 quae
1359 1690 1450 1718 non
1470 1678 1588 1727 sunt,
1609 1678 1690 1719 aut

203 1745 463 1803 magnificat
490 1748 536 1788 et
562 1745 741 1789 extollit
765 1746 802 1789 si
828 1761 917 1803 qua
944 1749 1062 1789 sunt.
1134 1746 1312 1789 Caritas
1341 1761 1432 1789 non
1462 1746 1560 1804 agit
1588 1760 1687 1804 per·
1709 1768 1753 1793 20

202 1831 355 1874 peram
362 1829 373 1869 ;
404 1818 453 1858 at
480 1816 589 1859 haec
620 1816 714 1859 sola
743 1817 1041 1874 peruersitate
1071 1816 1251 1860 letatur.
1311 1816 1426 1860 Cum
1447 1817 1690 1874 Apostolus

203 1886 318 1929 uitia
363 1886 567 1944 gentium
615 1886 761 1929 multa
800 1890 1045 1938 enumeret,
1090 1886 1332 1930 nouissime
1380 1889 1426 1929 et
1466 1887 1594 1943 quasi
1641 1886 1690 1929 in

203 1956 396 2000 culmine
428 1955 649 1999 malorum
685 1954 798 2013 (siue
833 1955 1060 2014 profundo
1095 1956 1261 2000 rectius
1295 1955 1507 2014 dixerim)
1539 1956 1691 2014 posuit

203 2027 487 2078 detractores,
513 2041 674 2083 eosque
701 2029 933 2084 tamquam
963 2026 1183 2085 singulari
1213 2028 1322 2070 nota
1352 2026 1533 2070 diuinae
1563 2026 1688 2070 boni-

201 2097 312 2141 tatis
361 2097 512 2139 hostes
562 2096 818 2154 exprimens
868 2097 996 2155 quasi
1046 2097 1162 2140 solos
1213 2096 1309 2140 Deo
1358 2096 1546 2140 odibiles
1595 2111 1690 2140 esse
1709 2114 1752 2149 25

200 2166 477 2224 pronuntiat.
528 2166 850 2210 Verumtamen
871 2167 971 2210 illos
991 2167 1087 2211 Deo
1108 2167 1364 2210 odibiliores
1383 2166 1503 2210 inter
1521 2169 1691 2210 ceteros

203 2252 297 2280 esse
327 2236 605 2290 crediderim,
631 2238 710 2294 qui
737 2237 899 2281 latenti
927 2237 1042 2289 odio,
1072 2239 1126 2280 ut
1155 2237 1300 2295 magis
1326 2239 1517 2280 noceant
1540 2237 1692 2294 eisque

203 2307 412 2351 credatur
461 2307 651 2361 fidelius,
701 2308 857 2351 laudes
909 2308 1175 2366 praedicant
1229 2307 1410 2359 alienas,
1445 2307 1691 2351 amicitiam

203 2378 430 2431 simulant,
450 2378 720 2422 subicientes
739 2381 892 2422 tamen
917 2379 965 2421 in
985 2378 1104 2422 calce
1129 2378 1348 2422 sermonis
1372 2377 1446 2421 uel
1467 2378 1692 2422 modicum

203 2448 322 2506 quod
342 2448 712 2506 praecedentibus
731 2449 879 2493 titulis
900 2449 1186 2493 aduersetur:
1709 2464 1755 2498 30

207 2580 248 2607 12
275 2569 448 2616 hystoria
463 2569 498 2606 A
627 2580 675 2607 2ο
699 2569 855 2607 Karitas
872 2569 997 2607 OBAs
1118 2571 1166 2608 26
1189 2569 1494 2617 Verumptamen
1512 2567 1548 2605 A

256 2691 272 2718 1
299 2682 439 2717 Fertur
451 2683 558 2718 Plato
575 2683 647 2718 etc.
662 2694 671 2718 z
697 2680 778 2726 Quo
796 2682 951 2718 auctore
967 2681 1039 2718 hoc
1056 2682 1189 2718 narret
1206 2680 1380 2727 Ioannes,
1396 2679 1537 2717 nescio.
1667 2689 1689 2726 7

205 2730 250 2765 ab
275 2741 349 2765 uno
375 2731 495 2766 discas
520 2741 662 2766 omnes:
697 2741 730 2766 v.
756 2728 871 2777 Verg.
900 2731 995 2765 Aen.
1022 2728 1062 2765 ii.
1087 2731 1144 2776 65,
1169 2730 1226 2766 66.
1421 2730 1442 2765 8
1473 2729 1534 2772 Et,
1557 2729 1592 2765 si
1614 2739 1691 2765 non

204 2779 301 2814 etc.:
325 2777 439 2831 Verg.
458 2778 537 2813 Ecl.
553 2776 608 2814 iii.
630 2787 686 2825 15.
851 2787 893 2814 12
921 2779 1024 2821 Quod
1038 2778 1214 2813 Iulianus
1230 2778 1303 2814 etc.
1320 2786 1329 2812 :
1355 2788 1391 2812 v.
1408 2775 1572 2814 Cassiod.
1589 2777 1687 2812 Hist.

209 2826 311 2870 Trip.
329 2824 375 2860 vi.
398 2836 411 2861 1
435 2825 534 2872 (Mig
536 2836 582 2862 ne
599 2827 642 2862 P.
653 2827 697 2860 L.
715 2823 807 2860 lxix.
830 2825 949 2871 1032).
1053 2835 1094 2871 13
1119 2837 1194 2861 mm
1210 2826 1313 2860 modo
1330 2825 1639 2870 imperatorissed
1654 2828 1690 2860 et

198 2874 410 2919 philosophi
420 2885 511 2919 opus
523 2875 614 2919 eyit:
636 2885 728 2919 opus
733 2874 954 2927 philosoph,
967 2884 1042 2909 non
1058 2878 1180 2909 tamen
1196 2873 1430 2918 imperatoris
1441 2874 1512 2918 eqit
1523 2870 1688 2908 Cassiod.

205 2930 254 2956 20
279 2921 426 2957 Caritas
442 2922 583 2959 etc-:1
604 2921 688 2959 Gor.
707 2920 790 2959 xiii.
807 2930 841 2967 4.
1000 2931 1044 2958 21
1072 2921 1270 2968 Apostolus
1285 2921 1384 2958 etc-x
1408 2932 1443 2959 v.
1460 2918 1597 2958 Rom.
1585 2931 1611 2956 1.
1630 2929 1692 2967 30v

315 3001 383 3035 214
