1846 3262
94 209 177 264 763
194 207 225 256 <l
569 210 834 257 IOANNIS
873 211 1392 259 SARESBERIENSIS
1493 213 1608 277 [ΜΒ.
1623 226 1722 266 VIII

239 331 359 389 quod
387 331 711 375 habundabant
740 331 944 376 dulcibus
972 333 1110 377 uitiis,
1168 333 1316 379 Velles
1350 336 1468 379 enim
1500 351 1603 380 eum
1637 350 1718 381 suo

239 402 420 460 ingenio
439 402 616 455 dixisse,
637 402 783 446 alieno
802 403 979 447 iudicio.
1039 403 1160 447 Nam
1187 404 1225 448 si
1252 405 1318 448 nil
1344 407 1597 463 aequalium
1615 421 1719 451 con-

239 472 503 529 tempsisset,
534 471 573 514 si
607 486 767 529 parum
801 486 892 515 non
925 473 1215 530 concupisset,
1246 474 1285 517 si
1320 489 1411 517 non
1449 475 1599 519 omnia
1637 490 1719 520 sua

239 543 443 594 amasset,
481 541 520 585 si
569 556 719 584 rerum
765 542 962 599 pondera
1001 543 1312 587 minutissimis
1355 545 1589 588 sententiis
1626 560 1719 589 non

88 612 174 665 764
192 622 223 652 a
240 609 459 668 fregisset,
508 625 725 654 consensu
773 612 924 669 potius
973 612 1251 656 eruditorum
1295 628 1429 671 quam
1478 629 1718 672 puerorum
1737 628 1757 664 5

239 694 389 723 amore
423 681 795 738 comprobaretur.
870 681 1039 724 Verum
1077 682 1139 726 sic
1179 697 1354 740 quoque
1393 683 1483 726 iam
1523 684 1719 728 robustis

239 752 287 793 et
315 750 535 793 seueriore
564 765 725 808 genere
752 750 862 794 satis
888 751 1079 794 firmatis
1107 751 1344 810 legendum
1368 753 1441 796 uel
1468 753 1568 797 ideo
1599 753 1719 811 quod

239 834 443 864 exercere
473 823 621 878 potest
649 824 891 878 utrumque
920 821 1146 865 iudicium.
1207 822 1353 866 Multa
1383 823 1513 876 enim,
1532 826 1586 868 ut
1610 824 1719 876 dixi,

239 890 470 947 probanda
498 891 546 934 in
573 905 635 942 eo,
656 890 801 934 multa
821 891 956 934 etiam
977 891 1240 935 admiranda
1259 895 1367 936 sunt
1385 909 1396 944 ;
1426 892 1589 951 eligere
1609 908 1716 937 uero

238 974 371 1003 curae
391 961 462 1014 sit,
482 960 602 1018 quod
628 961 804 1004 utinam
831 961 926 1018 ipse
953 960 1142 1005 fecisset.
1201 961 1353 1020 Digna
1379 963 1498 1006 enim
1522 963 1614 1008 fuit
1639 963 1718 1007 illa
1737 979 1782 1007 ιο

238 1032 403 1072 natura
428 1045 542 1087 quae
569 1030 754 1074 meliora
779 1030 917 1074 uellet
929 1044 940 1083 ;
975 1031 1095 1088 quod
1120 1031 1267 1075 uoluit
1298 1031 1453 1076 effecit.
1514 1032 1639 1077 Haec
1669 1033 1719 1076 in

240 1099 454 1143 Senecam
483 1100 815 1154 Quintilianus;
845 1100 923 1144 sed
950 1115 1009 1143 an
1036 1104 1154 1145 recte
1181 1102 1370 1146 senserit
1398 1102 1719 1160 sapientiorum

239 1170 407 1214 iudicio
433 1170 705 1228 derelinquo.
765 1171 863 1214 Hoc
889 1174 1041 1215 tamen
1069 1171 1188 1228 quod
1213 1171 1254 1215 ei
1281 1173 1506 1225 adscribit,
1528 1173 1720 1216 multam

239 1254 415 1283 morum
453 1240 622 1284 scilicet
660 1240 939 1298 elegantiam,
975 1241 1059 1284 etsi
1088 1241 1137 1284 in
1166 1241 1412 1299 eloquendo
1450 1244 1719 1300 corruptam,

239 1325 522 1367 nequaquam
570 1310 765 1353 arbitror
812 1310 1150 1355 detrahendum.
1231 1311 1420 1355 Moralia
1467 1326 1573 1370 ergo
1622 1312 1718 1356 eius
1738 1332 1779 1369 15

241 1383 479 1438 praecepta
497 1380 808 1431 admittantur,
828 1383 875 1424 et
894 1395 946 1424 eo
964 1395 1126 1438 genere
1150 1381 1360 1439 loquatur
1386 1382 1573 1439 quisque
1600 1382 1719 1439 quod

191 1453 222 1492 b
248 1450 407 1494 ceteris
433 1450 642 1508 praefert,
663 1452 709 1493 et
728 1450 913 1507 planum
940 1450 1027 1494 erit
1046 1451 1271 1494 uirtutum
1297 1451 1467 1495 riuulos
1493 1452 1549 1496 de
1575 1452 1721 1510 puris-

241 1520 354 1564 simo
393 1520 520 1563 fonte
559 1519 837 1578 frugalitatis
876 1520 997 1563 oriri.
1076 1520 1307 1579 Legantur
1345 1521 1571 1579 Epistolae
1610 1522 1720 1576 eius,

240 1589 346 1633 libri
375 1590 431 1633 de
461 1589 693 1633 Beneficiis
726 1592 806 1633 aut
835 1588 1095 1642 Clementia,
1125 1591 1192 1633 illi
1222 1606 1398 1649 quoque
1427 1606 1538 1649 quos
1568 1591 1718 1636 decem

241 1659 483 1703 Oratorum
503 1659 737 1703 sententiis
763 1659 848 1703 sub
872 1659 1066 1718 imagine
1087 1661 1460 1705 declamationum
1480 1661 1717 1705 scolarium
1735 1679 1781 1703 σο

239 1729 498 1782 illustrauit,
519 1732 565 1772 et
592 1729 657 1772 hii
678 1744 789 1787 quos
812 1729 868 1772 de
888 1729 934 1772 N
934 1730 1184 1774 aturalibus
1209 1731 1555 1784 Quaestionibus
1575 1731 1718 1775 edidit

239 1802 286 1843 et
305 1814 415 1857 quos
430 1799 485 1842 de
504 1799 786 1857 philosophia
800 1814 959 1857 parum
974 1800 1212 1858 diligentes
1227 1801 1378 1858 arguit
1393 1801 1718 1855 Quintilianus,

238 1869 405 1927 ubique
435 1869 580 1912 fidelis
610 1871 759 1913 custos
790 1868 988 1922 uirtutis,
1022 1870 1189 1928 ubique
1220 1870 1436 1914 uitiorum
1470 1871 1611 1916 hostis
1645 1885 1720 1916 oc-

238 1940 391 1991 currit,
421 1942 577 1982 tantus
607 1938 764 1996 utique
795 1941 849 1982 ut
883 1954 985 1982 eum
1022 1941 1202 1992 Fronto,
1228 1941 1472 1985 secundum
1502 1941 1719 1999 quosdam

239 2024 377 2068 nepos
398 2009 639 2061 Plutarchi,
659 2009 786 2053 cuius
805 2009 1011 2054 meminit
1030 2010 1080 2053 in
1098 2011 1243 2068 primo
1263 2010 1492 2055 quenalis
1512 2011 1603 2056 sic:
1737 2026 1780 2063 ²5

343 2090 583 2134 Frontonis
611 2089 785 2148 platani
813 2090 1114 2149 conuulsaque
1142 2106 1366 2136 marmora
1395 2092 1617 2147 clamant3

240 2187 414 2230 semper
452 2187 566 2223 eum,
605 2171 802 2229 inquam,
840 2171 903 2216 sic
943 2172 1103 2217 asserit
1147 2173 1380 2218 uniuersos
1419 2174 1719 2219 exterminare

243 2297 260 2328 1
288 2288 535 2325 abundabant
552 2288 635 2325 BA²
790 2288 814 2327 6
838 2299 988 2336 quoque
1004 2288 1058 2327 sic
1074 2287 1122 2326 A¹
1253 2299 1297 2337 19
1319 2302 1345 2327 x
1362 2289 1418 2328 CS
1543 2299 1587 2328 21
1614 2288 1659 2327 hi
1675 2289 1719 2329 M

239 2345 284 2384 25
313 2336 519 2384 plutarchy
535 2335 564 2373 C

287 2456 309 2492 7
334 2448 546 2493 leqendum:
572 2448 742 2493 leyendus
757 2445 916 2491 Quintil.
1094 2457 1140 2492 24
1163 2448 1301 2484 Fronto
1318 2449 1391 2485 etc.
1407 2460 1417 2484 ε
1442 2446 1490 2485 cf.
1506 2445 1610 2485 infra
1626 2459 1658 2485 c.
1677 2457 1722 2494 19

243 2494 328 2541 (792
342 2494 386 2540 A)
420 2495 580 2531 Latinae
611 2494 792 2542 [litteras]
827 2500 948 2531 autem
987 2507 1069 2531 eum
1102 2495 1167 2542 [sc.
1201 2494 1254 2532 M.
1295 2494 1549 2541 Antoninum]
1581 2496 1722 2533 Fronto

240 2544 490 2579 nobilissimus
513 2547 638 2579 orator
659 2544 779 2579 docuit
803 2547 837 2579 et
855 2555 927 2588 pro
947 2545 1176 2589 quorundam
1197 2545 1367 2598 opinione
1387 2543 1580 2580 Plutarchi
1600 2555 1722 2590 nepos.

240 2590 339 2627 Vide
357 2601 454 2635 quae
471 2590 518 2626 de
534 2589 608 2627 hac
625 2602 666 2628 re
683 2589 819 2637 scripsi
837 2592 1014 2627 Classical
1028 2592 1169 2627 Review
1184 2603 1237 2627 xi.
1253 2603 1291 2638 p.
1307 2600 1376 2638 305
1395 2602 1471 2637 seq.
1490 2593 1530 2629 et
1547 2603 1591 2628 su
1622 2602 1665 2627 ra.
1679 2590 1722 2628 in

242 2637 390 2684 Proleg.
408 2638 459 2674 ad
475 2638 608 2674 Policr.
817 2639 862 2675 26
885 2639 1085 2675 Frontonis
1108 2640 1200 2676 etc.:
1238 2638 1316 2674 Iuv.
1333 2641 1410 2676 Sat.
1427 2638 1452 2675 i.
1474 2649 1526 2676 12.
1609 2639 1720 2675 ronto

242 2687 374 2722 autem
399 2685 446 2721 de
470 2696 545 2731 quo
570 2684 744 2732 loquitur
767 2685 958 2723 Iuvenalis
982 2687 1230 2733 praeceptore
1247 2686 1298 2722 M.
1317 2685 1509 2723 Antonini
1523 2684 1723 2732 antiquior

244 2732 362 2770 fuisse
378 2732 539 2769 videtur.
716 2741 760 2778 27
786 2736 940 2770 asserit:
968 2733 1091 2770 Maius
1113 2734 1154 2770 in
1172 2733 1375 2771 Frontonis
1391 2734 1450 2771 ed.
1470 2735 1561 2779 1846
1608 2760 1618 2770 .
1641 2731 1721 2769 xvii

246 2782 256 2798 ⁴
267 2780 427 2826 Reliqua
446 2782 576 2818 autem
593 2792 666 2826 quo
690 2781 805 2827 pacto
826 2780 950 2818 dicere
971 2781 1140 2827 potuerit
1157 2781 1461 2824 Saresberiensis,
1477 2746 1722 2836 nisi-lgonto·

245 2838 334 2863 nem
357 2829 403 2864 de
423 2828 565 2865 Seneca
587 2828 841 2865 scribentem’
861 2831 941 2873 aut,
960 2831 1005 2865 ut
1030 2829 1169 2866 addere
1191 2829 1294 2872 licet,
1315 2828 1434 2866 alium
1457 2839 1584 2866 nescio
1607 2838 1720 2874 quem

244 2874 469 2922 scriptorem
486 2875 690 2914 Frontonis
706 2876 753 2914 de
770 2875 916 2915 Seneca
938 2876 1124 2914 iudicium
1144 2876 1368 2915 laudantem
1385 2879 1394 2896 ⁶
1409 2875 1559 2925 legerit,
1581 2874 1722 2921 eruditi

354 2956 424 2993 320
