1846 3262
172 199 273 232 οΑΡ.
287 184 337 247 v]
698 186 1142 233 POLICRATICVS
1680 190 1764 239 645
1785 202 1816 229 a

171 308 369 353 creditus
399 310 468 352 est
498 308 703 352 didicisse
734 308 914 351 oracula
943 309 1276 366 prophetarum.
1348 307 1478 351 Vnde
1509 322 1665 352 rursus

171 379 221 422 in
255 379 470 422 Ithaliam
506 379 642 422 rediit
677 381 722 423 et
754 379 1072 437 Pithagoreum
1104 379 1397 422 Tarentinum
1428 379 1663 422 Architam

170 451 351 493 secutus
387 453 482 502 est;
524 452 659 506 atque
700 449 758 492 ad
790 448 939 500 Indos,
971 449 1137 500 Medos,
1170 449 1326 507 Magos
1358 449 1560 492 animum
1595 450 1663 492 in-

170 519 401 571 tendisset,
444 519 532 562 nisi
573 534 675 562 eum
723 520 959 577 procedere
1000 520 1252 563 uetuissent
1290 519 1409 563 bella
1450 519 1662 564 Caletica.

131 607 153 644 5
172 589 458 648 Quapropter
477 589 665 632 inuenta
687 589 978 633 Parmenidae
1000 592 1046 633 et
1067 590 1257 633 Zenonis
1278 590 1541 648 diligentius
1562 605 1663 634 exe-

169 663 314 711 cutus,
342 675 456 718 quae
486 660 607 717 apud
636 675 823 718 magnos
847 660 1135 718 philosophos
1165 661 1452 704 admirationi
1480 660 1664 704 fuerant

169 731 360 789 singula,
373 731 422 774 in
436 731 564 774 libris
589 731 682 774 suis
702 731 882 788 collegit
902 731 1125 782 uniuersa,
1138 731 1300 775 docens
1319 732 1492 789 primus
1512 732 1665 775 studia

168 802 477 860 philosophiae
516 816 607 845 non
646 801 778 844 modo
817 815 908 844 non
948 816 1042 844 esse
1086 802 1312 845 contraria
1352 802 1430 846 sed
1469 803 1663 846 inuicem

168 872 419 916 necessaria
438 871 537 922 sibi,
558 886 610 914 eo
631 871 750 928 quod
771 871 943 914 mutuis
964 871 1147 914 auxiliis
1168 872 1381 915 uniuersa
1400 873 1663 916 consistunt.

108 959 152 985 ιο
170 941 307 985 Multi
327 941 584 985 auditorum
606 941 702 984 eius
718 941 954 998 utriusque
974 955 1109 984 sexus
1130 941 1178 983 in
1199 941 1482 999 philosophia
1501 943 1661 986 florue-

167 1014 290 1055 runt.
367 1010 694 1054 Patrimonium
734 1010 783 1052 in
823 1010 983 1061 ortulo‚
1017 1011 1094 1067 qui
1140 1010 1440 1055 Achademiae
1481 1012 1661 1056 iunctus

167 1083 277 1132 erat,
303 1081 352 1123 in
384 1081 559 1124 duobus
590 1080 810 1124 ministris
846 1083 892 1123 et
925 1082 1095 1138 patera,
1125 1095 1215 1138 qua
1247 1081 1335 1124 diis
1366 1082 1661 1139 supplicabat,
1678 1087 1708 1127 b

166 1151 363 1208 reliquit.
443 1150 560 1194 Auri
614 1153 795 1194 tantum
835 1149 997 1193 habuit
1037 1153 1258 1207 quantum
1308 1165 1421 1208 puer
1460 1152 1662 1196 auricula

166 1223 427 1279 gestauerat
461 1221 509 1263 in
539 1220 790 1264 nobilitatis
820 1220 1010 1278 insigne.
1077 1220 1185 1264 Tres
1216 1221 1439 1264 aduentus
1471 1221 1567 1265 eius
1602 1222 1661 1265 ad

107 1308 148 1342 15
168 1291 368 1335 Siciliam
388 1291 496 1334 mali
521 1290 712 1334 diuersis
739 1290 1025 1348 opinionibus
1053 1294 1258 1348 carpunt.
1319 1291 1409 1335 Sed
1435 1292 1581 1349 primo
1607 1295 1661 1334 ut

165 1361 403 1405 historiam
437 1364 628 1404 naturae
662 1363 864 1404 cerneret
896 1360 944 1403 in
982 1360 1134 1404 Ethna
1175 1365 1222 1405 et
1251 1362 1560 1406 incendiorum
1590 1362 1660 1404 in-

165 1431 392 1490 telligeret
433 1431 666 1483 rationem,
706 1431 813 1474 illuc
853 1430 1084 1488 profectus
1131 1434 1226 1485 est3
1277 1433 1476 1476 secundo·
1512 1434 1660 1491 petitu

166 1501 360 1546 Dionisii
393 1504 447 1544 ut
480 1501 760 1545 Siracusanis
796 1501 1034 1544 adsisteret
1066 1504 1112 1544 et
1146 1504 1200 1545 ut
1234 1502 1526 1560 municipales
1558 1518 1660 1561 pro-

167 1572 344 1616 uinciae
373 1571 496 1615 illius
526 1571 717 1615 disceret
748 1571 896 1629 leges3
931 1571 1068 1615 tertio
1100 1574 1154 1615 ut
1186 1571 1436 1631 fugientem
1467 1573 1660 1617 Dionem

105 1657 150 1682 πο
168 1643 428 1687 restitueret
455 1642 630 1701 patriae
661 1656 768 1685 suae
798 1642 933 1685 uenia
962 1657 990 1685 a
1019 1641 1224 1686 Dionisio
1254 1643 1506 1700 impetrata.
1568 1643 1659 1687 Sed

166 1715 216 1758 in
236 1714 308 1757 his
328 1713 536 1757 omnibus
563 1712 674 1756 adeo
694 1712 887 1770 diligens
907 1713 1064 1756 extitit
1084 1715 1138 1757 ut
1164 1728 1192 1756 a
1218 1713 1382 1757 studiis
1402 1716 1483 1757 aut
1503 1713 1658 1758 officiis

164 1784 473 1844 philosophiae
492 1782 618 1826 nullo
633 1797 848 1840 umquam
864 1785 1065 1841 tempore
1081 1783 1440 1841 suspenderetur.
1483 1784 1658 1841 Itaque,

163 1870 267 1900 cum
302 1854 504 1899 studium
541 1853 850 1911 philosophiae
889 1853 1057 1911 partim
1089 1853 1138 1896 in
1178 1854 1364 1905 actione,
1399 1854 1566 1911 partim
1607 1855 1656 1897 in

165 1924 542 1983 contemplatione
562 1926 780 1973 uersatur,
809 1923 1016 1967 Socrates
1046 1924 1243 1968 actiuam
1271 1924 1483 1975 exercuit,
1510 1939 1656 1968 mores

104 2011 148 2046 ²⁵
165 1995 408 2039 instituens
429 1994 592 2053 quibus
612 1994 807 2037 fideliter
826 1994 884 2037 ad
907 1994 1232 2037 beatitudinem
1247 1994 1346 2037 uita
1361 1994 1654 2052 transigitur;

165 2066 432 2124 Pithagoras
471 2065 847 2123 contemplatiuae
886 2064 1057 2108 institit
1105 2080 1186 2122 per
1236 2080 1371 2122 quam
1420 2065 1651 2123 ingenium
1670 2076 1696 2106 c

163 2138 398 2181 exercetur
417 2139 463 2179 et
491 2139 769 2194 propagatur
795 2135 1006 2188 scientia3
1040 2135 1228 2192 proinde
1255 2135 1384 2178 Plato
1413 2138 1653 2193 utramque

163 2206 390 2265 iungendo
410 2205 542 2249 alteri
571 2205 902 2263 philosophiam
928 2204 1166 2262 perfecisse
1193 2204 1416 2256 laudatur,
1438 2220 1573 2262 quam
1603 2205 1652 2249 in

163 2340 186 2368 2
209 2329 362 2367 italiam
378 2328 496 2366 AS'M
635 2337 668 2375 5,
685 2329 708 2365 6
734 2329 946 2373 exequutus
964 2326 988 2363 S
1124 2327 1148 2363 6
1172 2326 1430 2373 phylosophos
1451 2326 1492 2362 M
1628 2329 1650 2364 8

162 2377 440 2426 phylosophiae
459 2377 499 2413 M
657 2377 700 2412 16
725 2375 936 2422 hystoriam
953 2374 1050 2411 BM:
1076 2374 1250 2411 istoriam
1269 2373 1294 2410 S
1447 2385 1493 2411 22
1519 2374 1652 2422 phylo-

162 2426 321 2474 sophiae
338 2425 379 2461 M
522 2425 569 2461 28
594 2422 890 2470 phylosophiam
908 2422 948 2458 Μ
1093 2422 1226 2469 quam]
1244 2422 1336 2469 quia
1352 2422 1393 2458 M

213 2540 229 2567 1
257 2530 430 2566 macula:
471 2529 567 2563 ritus
604 2526 724 2562 habet
764 2523 972 2572 Apuleius;
1012 2523 1120 2561 cuius
1150 2523 1264 2560 verba
1302 2523 1389 2560 ideo
1427 2523 1650 2562 immutavit

163 2578 328 2615 Ioannes
344 2577 486 2620 noster,
504 2586 578 2621 quo
596 2575 643 2610 de
661 2574 924 2611 Hebraeorum
941 2572 1149 2618 Scripturis
1165 2571 1282 2608 sacris
1298 2571 1452 2608 facilius
1469 2572 1650 2620 intellegi

162 2627 344 2674 possent3
373 2624 417 2661 cfv
437 2623 533 2670 Aug,
551 2625 594 2658 de
615 2623 652 2658 C.
672 2624 719 2658 D.
738 2620 817 2658 viii.
841 2630 895 2657 11.
944 2619 1197 2656 Verisimilius
1213 2621 1345 2656 tamen
1362 2622 1420 2657 est
1439 2620 1648 2666 Apuleium

161 2673 212 2711 ad
244 2672 452 2720 prophetas
482 2670 691 2718 Aegyptios
723 2668 941 2715 respexisse,
960 2668 1008 2705 de
1041 2667 1179 2714 quibus
1211 2668 1380 2704 conferre
1414 2667 1506 2705 licet
1532 2668 1646 2716 Diog.

161 2722 292 2759 Laert.
308 2720 364 2757 iii.
393 2721 424 2763 8,
450 2719 564 2766 Apul.
591 2720 738 2754 Metam.
763 2716 804 2752 ii.
830 2718 888 2760 28,
913 2715 1082 2752 Macrob.
1110 2717 1186 2752 Sat.
1208 2715 1275 2751 vii,
1296 2727 1338 2761 13
1367 2715 1384 2763 ξ
1413 2726 1445 2762 9,
1473 2715 1645 2754 chalcid.

164 2771 354 2807 Gomm.in
363 2770 420 2804 Pl.
437 2769 530 2804 Tim.
541 2779 572 2804 c.
594 2775 672 2812 125.
783 2775 804 2810 3
828 2766 975 2801 Medos:
1002 2764 1201 2800 Medorum
1213 2763 1449 2801 mentionem
1460 2776 1538 2801 non
1549 2765 1647 2803 facit

159 2817 356 2864 Apuleius.
481 2826 526 2852 10
549 2816 663 2850 Multi
678 2815 889 2850 auditorum
906 2814 978 2849 etc.
998 2824 1115 2858 usque
1133 2812 1180 2848 ad
1199 2814 1395 2858 impetrata
1415 2814 1498 2859 (645
1514 2813 1557 2858 Β)
1573 2826 1582 2849 :
1609 2826 1646 2850 v.

159 2865 275 2913 Apul.
288 2867 332 2902 de
346 2866 474 2911 Doqm.
484 2865 580 2900 Plat.
591 2862 616 2899 i.
631 2873 666 2908 4.
722 2871 780 2908 22,
791 2871 837 2908 23
849 2862 987 2908 ltaque,
998 2873 1079 2897 cum
1089 2862 1180 2898 etc.:
1192 2872 1224 2896 v.
1234 2860 1330 2908 Aug.
1347 2862 1390 2897 de
1406 2861 1445 2897 C.
1461 2862 1509 2898 D.
1523 2860 1601 2898 viii.
1611 2872 1648 2908 4.

1470 2940 1536 2979 ¹0?
