1846 3262
135 295 237 330 m.
255 281 306 345 x]
645 284 1085 331 POLICRATIcvs
1628 294 1710 335 743
1729 285 1759 323 b

136 409 286 451 torum
324 410 406 452 aut
443 411 699 459 consonant,
733 408 771 451 si
807 422 896 465 qua
926 409 1123 465 possunt,
1157 409 1238 450 aut
1268 420 1416 450 rerum
1448 405 1608 449 talium

134 477 376 535 capiuntur
395 478 564 521 auditu.
625 477 674 521 Si
690 492 797 521 uero
816 477 965 535 plures
980 477 1038 520 ab
1053 476 1335 520 institutione
1350 476 1610 533 disciplinae

135 546 232 590 eius
277 547 411 590 alieni
455 551 571 598 sunt,
611 548 918 605 prudentibus,
958 547 1035 604 qui
1079 547 1306 604 pauciores
1345 546 1608 597 intererunt,

136 616 306 660 sauciet
325 617 722 660 dissimulationem
742 617 812 660 sui
833 620 879 660 et
898 617 1097 675 patietur
1116 616 1429 673 loquacitatem
1449 616 1608 659 maiori

98 701 120 737 5
138 687 256 744 parti
287 687 577 731 amicitiorem
603 702 772 739 sonare,
793 702 849 730 ne
876 702 979 730 rara
1005 686 1216 730 nobilitas
1242 702 1270 729 a
1293 686 1420 744 plebe
1441 685 1608 729 tumul-

136 757 332 800 tuosiore
351 757 572 800 turbetur.
634 757 694 800 Et
709 757 816 800 haec
831 771 922 799 una
942 759 1010 800 est
1030 756 1085 799 de
1105 756 1410 813 philosophiae
1425 756 1608 798 uirtuti-

137 825 233 876 bus,
272 826 390 883 quia,
421 841 522 870 cum
566 830 718 870 orator
763 841 853 870 non
901 827 1032 870 aliter
1065 827 1153 870 nisi
1185 826 1352 869 orando
1384 826 1608 883 probetur,

136 895 426 953 philosophus
445 911 535 940 non
555 897 703 940 minus
718 897 904 940 tacendo
924 911 1005 954 pro
1023 899 1223 953 tempore
1239 911 1372 953 quam
1387 896 1608 952 loquendo
1626 909 1652 939 c

135 965 486 1023 philosophatur.
561 966 635 1010 Sic
667 981 772 1024 ergo
803 967 935 1024 pauci
974 966 1051 1023 qui
1085 966 1277 1009 aderunt
1308 965 1526 1009 doctiores
1559 965 1609 1008 in

78 1054 122 1080 10
135 1049 396 1078 consensum
413 1035 537 1078 rudis
551 1036 761 1079 consortii
777 1036 903 1079 salua
919 1039 964 1079 et
979 1036 1101 1078 intra
1113 1050 1159 1078 se
1172 1035 1430 1092 quaestione
1445 1035 1608 1092 migra-

135 1104 263 1156 bunt,
280 1108 334 1148 ut
353 1105 496 1148 omnis
516 1104 760 1148 discordiae
784 1105 976 1163 suspicio
1006 1105 1209 1149 facessat.
1269 1105 1364 1148 Nec
1384 1106 1548 1148 mirum
1570 1106 1608 1149 si

134 1174 292 1218 doctus
326 1174 462 1219 faciet
492 1175 611 1232 quod
643 1175 751 1219 fecit
782 1176 1006 1232 quondam
1036 1175 1297 1219 Pisistratus
1327 1175 1609 1218 Athenarum

134 1244 352 1287 tirannus.
412 1244 512 1297 Qui,
532 1259 633 1288 cum
652 1245 757 1288 filiis
777 1245 870 1288 suis
890 1248 1060 1288 rectum
1087 1244 1234 1287 dando
1258 1245 1491 1288 consilium
1518 1260 1609 1288 non

134 1313 402 1371 optinuisset
424 1328 653 1357 assensum
674 1318 720 1358 et
739 1315 839 1358 ideo
859 1317 974 1358 esset
1004 1315 1052 1357 in
1076 1314 1305 1358 simultate
1324 1328 1425 1357 cum
1446 1314 1610 1365 liberis,

78 1400 119 1435 15
134 1383 213 1426 ubi
240 1383 323 1427 hoc
346 1384 505 1427 emulis
531 1399 708 1428 causam
738 1384 876 1428 fuisse
906 1384 1060 1443 gaudii
1087 1384 1303 1442 comperit
1332 1399 1388 1427 ex
1418 1384 1497 1426 illa
1521 1384 1609 1427 dis-

133 1452 285 1496 cordia
304 1454 586 1510 sperantibus
606 1455 655 1497 in
675 1454 805 1498 domo
826 1454 1055 1513 regnantis
1070 1454 1192 1498 nasci
1207 1468 1334 1511 posse
1349 1454 1609 1505 nouitatem,

134 1522 429 1566 uniuersitate
457 1524 625 1567 ciuium
654 1526 908 1575 conuocata,
929 1525 996 1568 ait
1025 1524 1323 1568 succensuisse
1353 1524 1533 1581 quidem
1563 1539 1610 1567 se

132 1591 239 1635 filiis
257 1607 348 1636 non
375 1593 762 1651 adquiescentibus
788 1594 962 1652 patriae
988 1594 1226 1646 uoluntati,
1239 1594 1316 1637 sed
1345 1594 1428 1637 hoc
1455 1597 1610 1652 postea

134 1662 222 1705 sibi
252 1663 401 1706 uisum
431 1678 524 1707 esse
552 1667 765 1722 paternae
793 1665 944 1722 aptius
974 1665 1134 1722 pietati
1169 1667 1222 1707 ut
1256 1664 1304 1706 in
1339 1664 1607 1727 sententiam

74 1740 122 1765 *ο
135 1730 375 1776 liberorum
414 1733 508 1791 ipse
547 1734 805 1778 concederet
817 1748 828 1788 ;
856 1735 990 1778 sciret
1027 1734 1169 1792 igitur
1214 1734 1375 1779 ciuitas
1414 1734 1606 1777 sobolem
1623 1738 1652 1779 d

134 1801 253 1859 regis
271 1816 372 1846 cum
392 1806 520 1860 patre
543 1804 814 1848 concordem.
874 1804 971 1848 Hoc
990 1807 1240 1848 commento
1266 1818 1388 1861 spem
1409 1804 1609 1847 detraxit

133 1870 450 1915 insidiantibus
469 1873 753 1930 regnantium
783 1873 936 1930 quieti.
996 1873 1071 1917 Ita
1095 1874 1143 1916 in
1166 1873 1287 1916 omni
1307 1888 1468 1930 genere
1488 1873 1611 1916 uitae

134 1941 456 1999 praecipueque
482 1942 530 1984 in
553 1942 701 1986 letitia
723 1943 947 1986 conuiuali
974 1958 1103 1986 omne
1131 1943 1250 2000 quod
1276 1943 1458 1986 uidetur
1483 1943 1609 1986 abso—

134 2024 244 2053 num
264 2010 313 2053 in
332 2026 469 2054 unam
489 2012 767 2055 concordiam
782 2013 879 2055 soni
899 2013 1025 2056 salua
1043 2013 1298 2056 innocentia
1317 2013 1609 2070 redigendum

69 2086 118 2121 ⁴⁵
136 2082 216 2123 est.
302 2080 376 2124 Sic
415 2081 667 2138 Agathonis
705 2082 974 2133 conuiuium,
1013 2083 1119 2140 quia
1158 2081 1365 2126 Socratas
1414 2082 1610 2125 Phedros

137 2149 381 2193 Pausanias
424 2155 470 2193 et
510 2151 809 2195 Herisimacos
855 2152 1026 2203 habuit,
1069 2152 1257 2195 uerbum
1300 2152 1474 2194 nullum
1522 2152 1610 2195 nisi

135 2218 492 2277 philosophicum
519 2221 670 2264 sensit.
729 2221 793 2264 At
817 2236 924 2265 uero
944 2221 1119 2265 Alcioni
1144 2221 1217 2264 uel
1238 2221 1426 2264 Didonis
1446 2236 1610 2272 mensa,

136 2289 265 2346 quasi
286 2289 391 2332 solis
411 2292 518 2347 apta
537 2290 718 2341 deliciis,
730 2291 889 2334 habuit
908 2291 1015 2335 haec
1028 2292 1196 2349 Iopam‚
1212 2291 1290 2334 illa
1303 2291 1610 2348 Poliphemum

135 2359 327 2416 cythara
355 2362 577 2402 canentes.
637 2360 731 2404 Nec
762 2361 947 2404 deerant
973 2361 1094 2418 apud
1114 2361 1350 2404 Aleionum
1374 2361 1610 2405 saltatores

77 2448 122 2483 30
137 2427 226 2471 uiri
247 2431 294 2471 et
312 2428 433 2486 apud
445 2428 665 2472 Didonem
681 2429 824 2473 Bitias
839 2430 902 2473 sic
917 2430 1127 2473 hauriens
1146 2445 1318 2474 merum
1332 2433 1386 2473 ut
1400 2445 1447 2473 se
1462 2433 1609 2474 totum

135 2497 362 2555 superflua
381 2497 476 2541 eius
499 2497 722 2542 infusione
745 2499 979 2556 prolueret.
1039 2499 1212 2551 Nonne,
1232 2500 1372 2557 siquis
1391 2503 1472 2543 aut
1490 2500 1610 2544 inter

137 2635 156 2674 5
185 2625 407 2664 amiciorem
424 2626 492 2663 SM
666 2636 687 2672 7
713 2626 794 2672 Qua
809 2627 843 2664 A
1025 2638 1069 2664 10
1092 2627 1193 2665 inter
1209 2628 1250 2664 M
1430 2639 1485 2673 11,
1507 2637 1551 2666 12
1576 2629 1609 2666 si

135 2675 268 2711 doctus
284 2687 353 2711 om.
371 2674 412 2710 M
550 2684 593 2722 13
618 2682 800 2721 tyrannus
817 2675 858 2711 M
991 2685 1036 2720 14
1061 2675 1284 2714 obtinuisset
1300 2675 1432 2713 CBSM
1561 2678 1608 2714 26

135 2722 366 2760 herismacos
381 2721 457 2758 AS²
598 2723 644 2759 28
669 2722 824 2770 ioppam
841 2721 964 2760 CBAS

186 2840 204 2879 5
230 2842 382 2868 sonare:
406 2833 544 2869 sociare
559 2831 726 2869 Maerob.
840 2841 886 2869 10
908 2833 1133 2879 quaestione:
1204 2834 1354 2870 iesoente
1370 2835 1451 2870 ueri
1464 2835 1609 2870 notione

135 2878 304 2917 Μαι-οὶ).
500 2880 546 2916 26
570 2880 717 2917 habuit:
760 2878 850 2917 Post
887 2880 1016 2917 habuit
1055 2891 1153 2927 quae
1181 2892 1244 2918 am
1275 2880 1403 2918 omisit
1434 2881 1606 2919 Ioannes.

135 2937 181 2974 27
207 2929 374 2964 Alciom':
398 2925 424 2964 i.
437 2937 472 2965 e.
487 2925 649 2964 Alcinoi.

1431 3013 1496 3055 285
