1846 3262
155 211 260 247 σΔΡ.
276 200 326 262 v]
689 204 1098 252 POLICRATICV
1101 206 1133 252 S
1600 262 1605 267 ,
1662 212 1751 261 643
1771 210 1800 250 d

158 323 349 369 dicebat.
411 326 531 371 Huic
571 328 783 372 successit
821 329 1162 373 Anaximander
1201 330 1297 374 eius
1336 331 1528 382 auditor,
1569 331 1647 388 qui

158 395 486 442 Anaximenem
507 399 776 456 discipulum
797 399 981 457 reliquit
1002 404 1047 444 et
1067 416 1373 446 successorem.
1424 401 1648 459 Diogenes

158 480 335 524 quoque
357 469 554 512 eiusdem
576 470 757 513 auditor
777 471 943 521 extitit,
964 474 1010 514 et
1030 471 1326 530 Anaxagoras
1347 473 1425 530 qui
1445 473 1646 516 omnium

156 551 308 581 rerum
348 554 460 596 quas
489 541 696 584 uidemus
725 542 975 584 effectorem
1016 542 1223 586 diuinum
1252 544 1453 586 animum
1483 543 1647 586 docuit.

117 624 143 658 ⁵
160 607 214 650 Ei
230 611 441 654 successit
457 612 638 655 auditor
653 612 748 655 eius
763 612 1021 663 Archelaus,
1036 613 1164 656 cuius
1179 614 1424 671 discipulus
1441 614 1647 657 Socrates

157 677 298 723 fuisse
317 682 590 737 perhibetur,
606 683 822 740 magister
843 683 1054 734 Platonis,
1075 684 1152 740 qui
1173 686 1288 727 teste
1309 684 1501 742 Apuleio
1521 685 1647 742 prius
1666 689 1754 738 644
1776 700 1807 728 a

157 749 417 795 Aristotiles
437 752 585 796 dietus
605 757 673 796 est
693 753 770 796 sed
791 753 950 797 deinde
972 769 999 797 a
1019 754 1260 798 latitudine
1286 755 1478 812 pectoris
1506 755 1646 805 Plato,

158 822 205 863 et
237 820 286 863 in
320 823 497 865 tantam
530 823 819 879 eminentiam
854 824 1162 882 philosophiae
1197 828 1244 868 et
1282 826 1438 883 uigore
1477 825 1648 883 ingenii

159 893 206 933 et
225 891 366 934 studii
387 893 600 936 exercitio
622 897 667 937 et
687 894 809 937 omni
829 908 1005 937 morum
1026 898 1265 939 uenustate
1286 896 1450 953 eloquii
1472 910 1649 952 quoque

99 976 142 1001 10
158 962 386 1006 suauitate
405 966 452 1006 et
471 963 600 1020 copia
619 964 860 1007 subuectus
875 967 944 1007 est
959 967 1012 1007 ut
1032 965 1160 1021 quasi
1181 965 1229 1008 in
1249 969 1381 1009 trono
1401 966 1649 1024 sapientiae

158 1032 356 1076 residens
384 1038 623 1091 praecepta
652 1034 846 1091 quadam
867 1035 1137 1078 auctoritate
1157 1036 1282 1080 uisus
1312 1037 1373 1080 sit
1397 1040 1491 1080 tam
1523 1041 1648 1080 ante-

158 1103 406 1147 cessoribus
437 1119 572 1161 quam
608 1105 933 1148 successoribus
972 1105 1250 1163 philosophis
1281 1107 1514 1164 imperare.
1588 1107 1648 1150 Et

157 1173 331 1230 primus
360 1174 541 1231 quidem
572 1174 778 1219 Socrates
805 1176 1063 1219 uniuersam
1083 1177 1413 1234 philosophiam
1434 1178 1493 1220 ad
1512 1178 1647 1221 corri-

155 1243 326 1301 gendos
366 1245 780 1302 componendosque
821 1261 966 1289 mores
1003 1247 1182 1290 flexisse
1221 1251 1510 1301 memoratur,
1545 1263 1648 1291 eum

98 1326 138 1362 15
157 1317 263 1358 ante
294 1314 424 1357 illum
459 1330 612 1358 omnes
651 1316 846 1373 phisicis,
876 1317 923 1360 id
956 1320 1025 1360 est
1056 1318 1190 1361 rebus
1221 1318 1516 1369 naturalibus,
1549 1333 1647 1375 per-

156 1385 411 1429 scrutandis
440 1386 685 1429 maximam
716 1402 897 1444 operam
927 1387 1148 1432 dederint.
1218 1388 1360 1432 Probe
1391 1389 1571 1446 quidem
1602 1393 1649 1432 et

157 1455 394 1514 sapienter,
430 1470 532 1500 cum
564 1457 623 1500 ad
653 1457 900 1501 utilitatem
931 1473 1059 1502 suam
1090 1462 1296 1516 oporteat
1325 1459 1477 1503 omnia
1507 1462 1647 1503 retor-

159 1526 287 1584 queri
307 1541 555 1584 parumque
576 1528 720 1585 prosit
745 1528 923 1571 nouisse
947 1543 1083 1586 opera
1103 1529 1200 1580 Dei,
1222 1545 1335 1587 quae
1362 1533 1470 1573 sunt
1497 1530 1648 1573 omnia

156 1596 289 1640 ualde
319 1597 438 1640 bona
467 1601 513 1641 et
543 1597 746 1642 Creatori
774 1613 855 1642 suo
883 1603 1205 1657 consequenter
1230 1600 1407 1652 similia,
1430 1600 1519 1643 nisi
1547 1600 1648 1657 quis
1664 1602 1694 1640 b

98 1685 142 1710 πο
158 1666 207 1711 id
233 1668 470 1725 praecipue
490 1672 598 1726 agat
618 1684 674 1712 ne
695 1670 790 1727 ipse
811 1670 873 1713 sit
892 1670 1048 1714 malus.
1110 1670 1343 1714 Praeclara
1363 1671 1506 1728 igitur
1524 1671 1649 1714 uitae

158 1738 405 1795 mortisque
420 1738 544 1782 fama
565 1739 762 1784 Socratis
782 1740 1090 1798 philosophiae
1105 1756 1212 1784 suae
1228 1741 1412 1798 reliquit
1430 1741 1649 1798 plurimos

157 1811 399 1852 sectatores
428 1810 506 1866 qui
536 1810 695 1867 partiti
725 1814 834 1854 sunt
862 1811 1003 1854 uerba
1033 1811 1129 1855 eius
1158 1812 1206 1854 in
1237 1813 1388 1854 uarias
1418 1815 1562 1855 sectas
1591 1811 1647 1855 de

157 1879 321 1936 quibus
340 1879 388 1922 in
409 1880 699 1937 sequentibus
718 1895 862 1938 pauca
882 1881 1099 1925 dicentur.
1161 1882 1298 1925 Porro
1318 1885 1473 1925 tantae
1493 1882 1646 1925 multi-

156 1949 331 1993 tudinis
374 1949 684 1994 dissidentiam
725 1951 855 1994 Plato
901 1966 991 2008 qua
1033 1952 1343 2009 praeminebat
1378 1952 1647 1995 auctoritate

98 2038 140 2074 ²⁵
157 2019 361 2064 cohibuit
390 2022 437 2062 et
466 2020 515 2062 in
544 2035 591 2064 se
621 2021 918 2065 attentionem
949 2022 1150 2065 omnium
1180 2022 1353 2065 diutius
1383 2022 1648 2079 prouocauit

156 2092 204 2133 et
223 2090 384 2134 tenuit.
446 2090 565 2134 Sunt
585 2091 663 2148 qui
684 2092 917 2135 Platonem
936 2092 1122 2136 credant
1141 2108 1232 2136 non
1255 2093 1482 2135 Aristonis
1501 2092 1647 2135 filium

105 2183 114 2192 ·
156 2159 236 2204 sed
261 2161 520 2218 augustiore
546 2165 763 2219 conceptu
790 2165 949 2206 natum
970 2177 1022 2206 eo
1046 2163 1167 2220 quod
1187 2163 1410 2220 Apollinis
1433 2162 1647 2220 figuratio

157 2275 180 2314 7
205 2266 361 2316 deinde]
377 2269 532 2306 demum
548 2269 596 2306 A¹
693 2281 717 2306 a
732 2268 958 2315 latitudine]
976 2269 1185 2306 altitudine
1203 2268 1242 2305 S¹
1343 2279 1386 2322 ιο
1410 2268 1552 2304 throno
1571 2267 1646 2304 ΒΜ

159 2325 204 2354 12
229 2316 478 2364 phylosophis
496 2318 536 2353 M
635 2327 678 2363 13
695 2316 991 2372 phylosophiam
1004 2317 1044 2353 M
1142 2328 1188 2363 23
1205 2328 1329 2363 pauca
1340 2315 1381 2352 in
1399 2315 1648 2361 sequentibus

156 2363 202 2448 ia
219 2424 324 2458 „my
325 2365 766 2458 2²2nz¹z¹532¹323sst3¹03¹
782 2364 1064 2450 ἶὲῗῖἓέἒῑῖἒ
1082 2365 1114 2400 Β
1133 2377 1247 2457 ”²⁰27
1256 2363 1647 2458 ἑῆῗῖωῆῗέῗέἕὲἅῗῖ

158 2459 384 2507 apollininis
401 2460 494 2497 CS¹.
521 2460 773 2508 appollininis
790 2460 861 2496 B¹·
852 2488 861 2496 .
887 2460 1099 2507 appollinis
1117 2460 1164 2495 13²

205 2556 230 2592 6
253 2560 338 2591 teste
354 2556 536 2601 Apuleio:
563 2567 599 2590 v.
614 2553 727 2608 Apul.
744 2555 788 2590 de
805 2555 932 2600 Doym.
949 2555 1044 2589 Plat
1061 2553 1086 2590 i.
1108 2563 1343 2598 1.12,
1366 2564 1407 2599 13
1431 2554 1484 2589 Et
1497 2556 1647 2599 primus

158 2604 259 2640 etc..
285 2615 319 2637 v-
337 2602 434 2649 Aug.
453 2604 497 2638 de
517 2603 557 2638 Ο.
574 2603 620 2638 D.
639 2601 716 2637 viii.
736 2612 769 2647 3
957 2603 1001 2638 16
1026 2602 1140 2637 Probe
1155 2602 1301 2648 quidem
1317 2603 1415 2638 etc.:
1443 2601 1547 2638 Haec
1564 2614 1645 2639 non

157 2662 206 2688 ex
221 2629 438 2705 Augustino
455 2650 658 2696 desumpta
673 2651 775 2686 sunt.
961 2651 1003 2686 18
1029 2661 1140 2695 opera
1156 2650 1228 2684 Dei
1244 2651 1318 2686 etc.
1334 2662 1343 2685 :
1367 2661 1400 2685 v.
1420 2648 1516 2686 Gen.
1533 2648 1558 2685 i.
1575 2660 1644 2695 31,

156 2697 264 2735 Eccli
282 2698 410 2734 xxxix.
430 2708 634 2743 21.19
662 2699 827 2733 Creatori
840 2709 906 2733 mco
922 2702 1177 2744 consequenter
1188 2699 1352 2732 similia:
1379 2709 1412 2732 v.
1426 2697 1526 2733 Plat.
1549 2699 1646 2734 Tim.

158 2756 245 2791 2913
262 2746 305 2782 in
326 2745 516 2783 chalcidii
532 2745 726 2782 versione.
752 2747 882 2792 Itaque
907 2750 1159 2792 consequenter
1180 2750 1311 2781 cuncta
1335 2747 1397 2781 sui
1419 2747 1586 2782 similia.

157 2796 252 2842 effici
267 2796 396 2833 uoluit.
545 2804 594 2830 20
616 2795 816 2829 Praeclara
833 2795 930 2830 etc.·
955 2805 988 2829 v.
1007 2794 1107 2839 Aug.
1124 2795 1167 2828 de
1188 2794 1226 2829 Ο.
1247 2794 1295 2830 D.
1312 2792 1390 2828 viii.
1409 2803 1441 2839 3.
1599 2804 1645 2839 23

157 2844 274 2881 Porro
291 2847 414 2878 tantae
432 2843 505 2878 etc.
522 2855 530 2878 :
555 2854 588 2878 v.
604 2841 701 2890 Aug.
714 2843 758 2877 de
775 2843 813 2877 0.
830 2843 880 2878 D.
892 2840 970 2877 viii.
982 2851 1006 2885 4
1018 2840 1068 2877 ad
1080 2841 1167 2876 init.
1314 2851 1361 2886 24
1373 2842 1645 2887 praeminebat:

158 2890 229 2928 i.e.
248 2890 550 2937 praeeminebat.
695 2891 743 2927 26
766 2891 862 2926 Sunt
876 2891 941 2936 qui
958 2892 1056 2927 etc.:
1082 2901 1116 2925 v.
1134 2887 1249 2936 Apul.
1265 2891 1309 2926 de
1324 2890 1451 2936 Doqm.
1461 2890 1558 2927 Plat.
1570 2889 1597 2927 i.
1614 2900 1646 2927 1.

215 2963 300 2983 vitun
315 2963 337 2982 u
1467 2954 1531 2988 105
