1846 3262
36 2404 81 2438 30

92 274 196 308 cu’.
206 265 279 321 v1]
299 260 302 264 ’
607 262 1050 309 POLICRATICVS
1591 274 1675 315 730
1694 274 1726 304 a

91 385 228 429 batur
246 385 305 428 ab
324 385 577 443 hospitibus
596 385 741 443 excipi
762 385 939 442 letoque
957 384 1220 428 intuebatur
1238 384 1389 428 animo
1408 383 1571 428 Attha-

91 455 190 500 licis
209 455 350 499 auleis
370 456 418 498 in
441 456 642 499 aduentu
663 470 744 499 suo
763 459 988 499 contectos
1007 455 1212 513 parietes,
1236 458 1282 498 et
1301 454 1572 498 immanibus
1589 457 1620 496 b

92 525 237 584 epulis
267 525 398 569 ludos
428 526 795 583 apparatissimos
829 526 1006 569 sinebat
1035 525 1274 582 interponi,
1293 527 1339 568 et
1368 524 1417 567 in
1446 527 1573 568 ueste

91 596 292 654 palmata
311 597 521 640 conuiuia
539 596 804 647 celebrabat,
815 596 1108 652 dimissasque
1132 595 1418 639 lacunaribus
1437 594 1574 638 uelud

94 666 247 710 celesti
280 667 426 724 capite
460 667 703 724 recipiebat
733 681 928 710 coronas.
988 666 1048 709 Et
1082 666 1160 709 ubi
1195 665 1317 709 ista?
1387 665 1492 708 Non
1526 665 1575 707 in

94 735 254 780 Gracia
279 751 423 794 neque
448 736 497 779 in
517 737 638 787 Asia,
659 751 849 794 quarum
879 736 1062 779 luxuria
1091 736 1164 779 uel
1191 735 1334 793 ipsam
1361 735 1574 778 seuerita-

91 808 184 849 tem
205 821 486 864 corrumpere
510 807 634 857 solet,
654 806 731 849 sed
755 806 803 848 in
833 806 1015 849 horrida
1039 808 1086 849 et
1110 805 1320 848 bellicosa
1343 805 1577 862 prouincia

93 878 141 919 et
159 890 274 934 quae
294 877 596 920 Romanorum
617 876 894 920 exercituum
909 876 1060 919 oculos
1079 875 1308 918 Lusitanis
1327 875 1430 918 telis
1449 890 1575 932 prae-

92 946 314 1004 stringere
347 946 591 990 consueuit.
662 946 824 988 Xerses
853 960 989 1002 opum
1019 945 1244 1003 regiarum
1276 946 1576 988 ostentatione

94 1015 261 1059 eximia
290 1030 342 1060 eo
371 1031 511 1073 usque
540 1016 722 1058 luxuria
745 1015 971 1073 gaudebat
997 1018 1051 1058 ut
1080 1015 1225 1058 edicto
1254 1015 1503 1072 praemium
1533 1015 1575 1058 ei

93 1089 361 1143 proponeret
388 1086 465 1143 qui
492 1101 660 1129 nouum
687 1085 937 1143 uoluptatis
959 1099 1101 1144 genus
1122 1085 1400 1142 repperisset,
1421 1099 1510 1142 qua
1530 1089 1577 1128 et

93 1153 264 1198 deliciis
293 1155 400 1198 dum
430 1155 565 1198 nimis
593 1155 781 1212 capitur,
812 1170 914 1198 cum
941 1154 1206 1212 amplissimi
1236 1154 1369 1197 ruina
1399 1155 1575 1212 imperii

93 1224 214 1282 apud
235 1224 510 1268 Salaminam
530 1224 612 1267 uix
642 1239 734 1267 una
762 1239 879 1267 naue
909 1224 1065 1267 euasit.
1126 1223 1228 1276 Sed,
1248 1225 1355 1281 quia
1374 1224 1576 1267 luxurio-

93 1308 194 1338 sum
223 1295 455 1338 muliebris
491 1295 865 1352 intemperantiae
897 1294 1155 1337 conuiuium
1191 1294 1312 1352 apud
1344 1295 1575 1337 Maronem

94 1364 316 1423 accepisti,
340 1363 599 1422 frugalioris
618 1379 797 1407 mensae
818 1364 1106 1408 sobrietatem
1134 1366 1180 1407 et
1202 1364 1575 1407 continentiorem
1594 1377 1620 1407 c

92 1435 241 1479 cetum
275 1433 399 1477 Enea
432 1434 553 1492 apud
586 1434 848 1477 Euandrum
883 1434 1027 1478 officio
1058 1434 1356 1477 humanitatis
1390 1437 1577 1491 excepto

92 1503 305 1547 inuenies.
365 1503 597 1561 Siquidem
617 1503 966 1547 confederantur
984 1503 1086 1555 uiri,
1101 1518 1182 1547 rex
1201 1503 1324 1561 pacis
1343 1503 1577 1547 dexteram

91 1573 184 1625 dat,
202 1573 500 1617 humanitatis
518 1574 658 1617 uerba
677 1573 1021 1618 officiosissimus
1042 1574 1201 1631 hospes
1221 1573 1543 1631 praeloquitur.

152 1676 278 1720 Haec
306 1677 385 1720 ubi
414 1676 547 1728 dicta,
576 1677 714 1735 dapes
741 1677 868 1721 iubet
897 1680 944 1720 et
972 1677 1151 1721 sublata
1180 1676 1336 1734 reponi

153 1735 326 1838 ἓξὲξ,
354 1736 673 1793 gramineoque
701 1736 824 1780 uiros
852 1736 970 1779 locat
999 1736 1095 1794 ipse
1125 1735 1265 1779 sedili.

310 1809 539 1852 puumque
569 1796 701 1838 thoro
732 1798 778 1838 et
806 1795 956 1838 uillosi
986 1795 1102 1852 pelle
1131 1794 1273 1838 leonis

154 1853 278 1910 accip
278 1853 318 1895 it
347 1853 516 1896 Eneam
545 1853 743 1910 solioque
772 1854 942 1897 inuitat
970 1868 1143 1896 acerno.

151 1911 268 1954 'l'mn
298 1911 401 1955 lecti
431 1912 617 1955 iuuenes
647 1912 854 1956 certatim
884 1927 1076 1969 araeque
1105 1912 1310 1955 sacerdos

152 1969 326 2013 uiscera
354 1973 475 2013 tosta
503 1970 660 2013 ferunt
687 1974 933 2022 taurorum,
961 1974 1238 2027 onerantque
1267 1970 1475 2014 canistris

154 2027 274 2071 dona
302 2028 531 2072 laboratae
562 2028 752 2083 Cereris,
782 2029 1069 2086 Bachumque
1098 2029 1372 2072 ministrant.

154 2086 364 2130 Vescitur
393 2087 550 2139 Eneas,
579 2087 712 2130 simul
742 2091 789 2131 et
819 2088 1011 2131 Troiana
1040 2087 1265 2143 iuuentus,

154 2145 361 2203 perpetui
391 2148 519 2203 tergo
547 2146 677 2189 bouis
706 2149 753 2190 et
781 2146 1044 2190 lustralibus
1074 2146 1203 2190 extis.

97 2248 171 2292 Ibi
200 2250 362 2292 cuncta
391 2251 499 2290 sunt
524 2262 661 2292 aurea
688 2252 735 2292 et
757 2249 970 2292 uniuersa
992 2263 1074 2292 suo
1096 2249 1243 2292 nitore
1266 2249 1578 2307 praefulgent;

96 2317 171 2362 hic
209 2317 347 2360 sedile
385 2317 677 2374 gramineum,
709 2333 919 2362 acernum
959 2318 1132 2369 solium,
1168 2322 1214 2361 et
1253 2318 1387 2376 (quae
1427 2319 1578 2362 uirum

96 2387 261 2431 fortem
276 2386 447 2444 deceat)
462 2387 641 2443 spoliati
658 2388 799 2431 leonis
813 2388 942 2445 pellis
956 2388 1128 2431 uillosa.
1171 2387 1259 2432 Hic
1274 2388 1377 2432 lecti
1393 2388 1578 2433 iuuenes
1594 2394 1625 2435 d

96 2456 357 2507 necessaria,
386 2456 450 2499 ibi
477 2456 674 2501 famulae
701 2458 927 2515 superflua
953 2461 999 2501 et
1025 2458 1273 2515 perniciosa
1303 2458 1577 2502 ministrant.

97 2527 170 2570 Ibi
196 2526 276 2570 uix
309 2525 492 2569 tandem
521 2527 580 2570 ab
609 2528 753 2586 epulis
782 2527 909 2585 quies
938 2527 1201 2585 indulgetur
1213 2542 1224 2580 ;
1258 2528 1331 2572 hic
1363 2528 1581 2572 eximitur

101 2648 146 2675 12
169 2636 407 2684 amplissima
423 2636 464 2673 M
611 2637 654 2674 18
679 2636 972 2674 officiosissimus
987 2637 1104 2674 uerba
1120 2636 1177 2674 M¹

146 2742 437 2788 9Xeroe⁸etcst
463 2740 978 2786 vValnaxm1ext3„
1111 2751 1276 2788 nqua:
1302 2743 1579 2789 scuoluptate;

96 2795 236 2838 quanta
254 2790 309 2834 (sc
338 2801 400 2824 rut
387 2791 467 2830 'run
485 2788 571 2826 Val.
589 2787 692 2824 Max.
851 2798 892 2834 13
917 2790 1020 2835 apud
1034 2789 1266 2826 Salaminam
1281 2791 1351 2826 uix
1364 2802 1443 2826 una
1459 2803 1579 2828 naue·

97 2850 175 2875 non
192 2837 309 2874 habet
324 2836 407 2873 val.
424 2836 525 2873 Max.
636 2846 678 2891 19
703 2837 804 2872 Haec
819 2838 884 2872 ubi
906 2838 945 2872 du
940 2839 1005 2891 dp
1021 2839 1119 2875 etc-2
1146 2837 1258 2885 Verg.
1275 2840 1368 2874 Aen.
1367 2837 1466 2922 ncffi
1488 2848 1581 2886 175-

100 2889 181 2932 183.
372 2885 419 2920 28
443 2885 525 2921 Ibi:
549 2883 620 2922 i.e.
638 2883 682 2921 in
700 2883 861 2921 Didonis
877 2883 1061 2922 convivio.
1271 2887 1366 2932 29¹⁸
1411 2885 1517 2924 εἰ.8.
1533 2887 1578 2924 in

98 2932 268 2971 Evandri
293 2931 472 2970 convivio.

1400 3005 1449 3040 26
1455 3015 1469 3040 ι
