1846 3262
106 223 184 275 774
203 224 237 265 ἅ
574 223 836 269 IOANNIS
880 224 1397 270 SARESBERIENSIS
1499 225 1720 287 [mnvm

247 345 473 389 abscidere
514 348 559 389 et
598 360 678 403 per
716 345 871 388 urbem
911 346 1003 404 pilo
1041 347 1183 389 fixum
1215 346 1332 390 ferre
1366 347 1582 391 sustinuit
1615 347 1722 405 quia

249 415 454 472 Opimius
480 415 632 458 consul
660 429 770 458 auro
794 415 879 473 ipsi
904 430 1193 474 repensurum
1224 417 1436 461 edixerat.
1498 417 1617 461 Sunt
1643 417 1720 474 qui

111 498 184 539 775
202 499 232 528 a
247 484 431 527 tradant
458 484 630 541 liquato
658 484 842 542 plumbo
871 500 972 528 eum
1001 489 1206 530 cauatam
1232 489 1405 544 partem
1435 487 1606 544 capitis,
1633 501 1721 544 quo

247 554 536 612 ponderosius
576 557 702 606 esset,
741 555 950 612 explesse.
1003 554 1167 599 vFuerit
1205 556 1280 599 ille
1319 556 1565 607 seditiosus,
1604 557 1721 600 bono

245 623 430 681 perierit
449 623 664 681 exemplo,
684 623 859 667 clientis
878 627 1029 668 tamen
1049 625 1233 669 scelesta
1252 625 1393 669 fames
1412 626 1460 668 in
1480 626 1561 669 has
1580 639 1720 683 usque
1738 645 1757 679 5

246 692 431 736 iacentis
448 693 635 736 iniurias
649 694 816 737 esurire
832 709 922 738 non
934 694 1101 738 debuit.
1147 695 1274 739 Odiis
1288 695 1449 739 merita
1464 694 1720 753 Septimulii

246 763 450 814 auaritia,
472 763 699 806 Tholomei
719 767 870 807 autem
895 765 1013 822 regis
1033 764 1271 823 Ciprorum
1290 765 1384 809 risu
1403 764 1719 823 prosequenda.

245 832 376 883 Nam,
392 847 493 876 cum
509 833 657 876 anxiis
672 834 877 877 sordibus
892 849 1078 893 magnas
1094 850 1198 893 opes
1214 836 1511 893 corripuisset,
1518 838 1719 893 propter·

244 917 330 960 que
350 917 424 946 eas
443 903 694 960 periturum
715 918 762 946 se
782 904 967 957 uideret,
981 908 1027 948 et
1046 904 1146 948 ideo
1166 905 1287 949 omni
1308 905 1496 963 pecunia
1511 904 1720 963 imposita

242 971 435 1015 nauibus
478 972 526 1014 in
572 972 716 1016 altum
762 974 1057 1031 processisset,
1089 978 1143 1018 ut
1184 974 1322 1019 classe
1366 975 1595 1033 perforata
1639 989 1720 1019 suo
1740 993 1782 1018 ιο

243 1042 431 1086 arbitrio
463 1043 662 1100 perirent
692 1045 738 1086 et
767 1044 917 1087 hostes
946 1044 1111 1102 praeda
1141 1048 1355 1098 carerent,
1385 1060 1475 1089 non
1504 1044 1722 1090 sustinuit

245 1126 444 1170 mergere
471 1127 631 1156 aurum
660 1115 706 1156 et
732 1116 981 1171 argentum,
1000 1114 1078 1158 sed
1104 1114 1311 1158 futurum
1331 1116 1450 1160 necis
1469 1130 1575 1159 suae
1595 1129 1721 1173 prae—

245 1182 386 1225 mium
435 1182 617 1225 domum
665 1183 854 1227 reuexit.
920 1183 1216 1229 Proculdubio
1266 1185 1338 1229 hic
1387 1200 1477 1229 non
1525 1184 1722 1243 possedit

244 1252 429 1295 diuitias
468 1252 546 1295 sed
585 1267 613 1295 a
652 1252 826 1296 diuitiis
864 1268 1090 1311 possessus
1131 1258 1210 1311 est,
1246 1255 1381 1299 titulo
1417 1270 1497 1298 rex
1535 1255 1720 1307 insulae,

242 1322 392 1365 animo
431 1322 645 1380 pecuniae
693 1322 943 1368 miserabile
983 1325 1266 1382 mancipium.
1338 1325 1461 1369 Haec
1501 1325 1719 1369 Valerius.
1739 1341 1779 1375 15

243 1391 332 1435 Sed
363 1395 552 1450 possunt
590 1392 726 1435 etiam
766 1393 980 1450 nequiora
1018 1395 1237 1438 auaritiae
1275 1395 1469 1438 inueniri
1503 1394 1720 1453 exempla.

243 1461 474 1519 Siquidem
500 1462 743 1519 prophetae
770 1463 919 1506 oculos
946 1464 1168 1521 cupiditas
1195 1465 1434 1517 excecauit,
1459 1469 1505 1509 et
1531 1465 1720 1523 pecunia

196 1536 226 1574 b
243 1534 479 1588 corruptus
513 1531 741 1589 apostolus
773 1531 1015 1576 Dominum
1051 1535 1331 1578 innocentem
1370 1535 1719 1593 crucifigendum

243 1601 433 1644 tradidit
474 1601 682 1645 manibus
728 1602 979 1660 impiorum.
1065 1604 1219 1648 Potest
1261 1605 1441 1662 quidem
1487 1605 1719 1664 deturpari

241 1671 391 1714 uerbis
420 1671 498 1714 sed
527 1686 617 1714 non
652 1671 774 1723 satis,
802 1672 908 1730 quia
937 1673 1180 1718 deformior
1207 1677 1276 1718 est
1304 1677 1351 1719 et
1379 1675 1554 1733 turpior
1583 1690 1718 1733 quam
1737 1691 1781 1716 ιο

241 1743 295 1784 ut
321 1755 396 1784 ore
420 1741 616 1784 humano
643 1742 783 1798 possit
810 1743 984 1800 exponi.
1044 1743 1239 1802 Ideoque
1265 1748 1416 1788 autem
1437 1748 1507 1789 est
1525 1746 1719 1790 auaritia

239 1810 483 1854 studiosius
517 1810 791 1864 declinanda,
827 1811 933 1869 quia
972 1813 1172 1857 tenacius
1211 1814 1388 1858 inheret
1426 1815 1484 1858 ab
1523 1815 1719 1874 imagine

240 1880 452 1923 utilitatis
472 1882 518 1923 et
536 1880 826 1938 perniciosius
841 1884 970 1926 nocet
985 1882 1043 1926 ab
1062 1884 1328 1928 exterminio
1342 1885 1556 1929 caritatis.
1605 1885 1718 1930 Inde

241 1952 310 1993 est
342 1949 461 2007 quod
490 1949 724 1994 ridiculam
755 1954 801 1995 et
829 1951 1127 1996 miserandam
1156 1968 1258 1998 cum
1287 1954 1467 1998 senibus
1493 1956 1720 2000 contraxit

240 2019 609 2073 familiaritatem,
638 2022 692 2063 ut
718 2035 807 2078 quo
836 2021 984 2066 minus
1014 2026 1158 2080 egent,
1187 2024 1365 2068 auidius
1394 2025 1719 2083 concupiscant,
1738 2041 1778 2076 25

240 2093 286 2133 et
321 2104 409 2146 quo
440 2090 573 2133 rebus
602 2093 709 2134 sunt
741 2091 874 2134 citius
909 2091 1107 2144 carituri,
1142 2107 1216 2136 eas
1251 2094 1427 2151 parcius
1460 2094 1719 2141 ministrent

239 2159 444 2204 utilitati.
503 2159 622 2202 Nam
644 2162 690 2202 et
709 2175 869 2204 manus
887 2161 936 2204 in
962 2161 1198 2205 iuuentute
1219 2166 1423 2220 porrecta
1442 2164 1500 2207 ad
1519 2164 1718 2208 dandum

241 2228 289 2272 in
321 2231 548 2273 senectute
578 2230 882 2283 contrahitur3
923 2234 968 2275 et
1001 2246 1114 2289 quae
1145 2232 1194 2275 in
1225 2232 1461 2277 iuuentute
1489 2238 1719 2279 contracta

242 2301 311 2342 est
341 2302 423 2342 aut
456 2313 701 2356 numquam
746 2303 826 2343 aut
865 2315 966 2344 raro
1005 2301 1054 2344 in
1092 2302 1271 2346 senibus
1303 2303 1530 2348 dilatatur.
1601 2303 1718 2349 Cum

202 2379 226 2409 c
242 2382 350 2412 uero
370 2368 434 2412 eis
453 2368 665 2412 beneficio
691 2372 880 2413 naturae
906 2370 1090 2414 libertas
1117 2371 1267 2415 uicina
1289 2372 1531 2425 immineat,
1551 2374 1718 2432 seipsos
1735 2390 1780 2425 ³0

241 2452 359 2481 uano
398 2438 559 2481 timore
602 2437 876 2482 miserrimae
920 2439 1147 2484 subiciunt
1189 2442 1411 2486 seruituti.
1486 2443 1718 2501 Siquidem

241 2507 463 2565 Diogenes
503 2508 592 2550 ait:
643 2507 902 2566 Indigentia
939 2512 1129 2554 naturae
1168 2511 1398 2555 fortunam
1437 2527 1527 2556 non
1573 2513 1716 2559 timet.

240 2607 264 2643 6
289 2605 485 2690 septimffli
501 2605 591 2643 GBS
709 2616 730 2653 7
755 2607 971 2654 ptholomei
987 2608 1128 2646 CBAM
1244 2619 1286 2656 17
1311 2610 1509 2649 eccecauit
1525 2610 1550 2648 S
1670 2622 1716 2650 22

239 2665 417 2701 ymagine

285 2742 308 2778 6
336 2743 458 2778 Odiis:
487 2743 620 2778 Odium
635 2740 718 2779 VaL
738 2742 838 2779 Max.
941 2752 983 2788 17
1005 2745 1224 2791 prophetae:
1248 2744 1272 2782 i.
1287 2756 1317 2782 e.
1344 2744 1525 2789 Balaam5
1550 2758 1582 2783 v.
1602 2745 1712 2785 Num.

238 2788 440 2826 xxii-xxiv.
601 2791 720 2826 oculos
735 2791 918 2836 cupiditas
934 2794 1134 2828 excecauit:
1160 2791 1207 2829 cf.
1228 2791 1341 2830 Deut.
1361 2793 1433 2831 xvi.
1458 2804 1511 2840 19,
1530 2792 1635 2831 Eccli
1651 2807 1712 2832 xx.

267 2845 293 2872 1.
444 2838 486 2873 18
512 2838 717 2883 apostolus:
744 2837 768 2874 i.
785 2849 816 2875 e.
838 2838 950 2875 Iudas
967 2839 1176 2877 Iscariotes.
1335 2850 1380 2887 32
1407 2842 1607 2888 Dioqenes:
1632 2841 1714 2880 Hoc

275 2882 421 2930 iogenis
437 2883 582 2921 dictum
602 2896 788 2932 nusquam
805 2884 900 2922 alibi
916 2885 1055 2924 inveni.

349 2963 416 2996 340
