<?xml version="1.0" encoding="UTF-8"?>
<!DOCTYPE html PUBLIC "-//W3C//DTD XHTML 1.0 Transitional//EN"
    "http://www.w3.org/TR/xhtml1/DTD/xhtml1-transitional.dtd">
<html xmlns="http://www.w3.org/1999/xhtml" xml:lang="en" lang="en">
 <head>
  <title>
</title>
<meta http-equiv="Content-Type" content="text/html;charset=utf-8" />
  <meta name='ocr-system' content='tesseract 3.04.00' />
  <meta name='ocr-capabilities' content='ocr_page ocr_carea ocr_par ocr_line ocrx_word'/>
</head>
<body>
  <div class='ocr_page' id='page_1' title='image "./ioannissaresberi02johnuoft_0415.png"; bbox 0 0 1846 3262; ppageno 0'>
   <div class='ocr_carea' id='block_1_1' title="bbox 138 209 1759 273">
    <p class='ocr_par' dir='ltr' id='par_1_1' title="bbox 138 209 1759 273">
     <span class='ocr_line' id='line_1_1' title="bbox 138 209 1759 273; baseline -0.002 -17"><span class='ocrx_word' id='word_1_1' title='bbox 138 217 240 256; x_wconf 69' lang='grc' dir='ltr'><strong>ω.</strong></span> <span class='ocrx_word' id='word_1_2' title='bbox 255 209 406 273; x_wconf 81' lang='lat' dir='ltr'><strong>xxln]</strong></span> <span class='ocrx_word' id='word_1_3' title='bbox 653 211 1060 257; x_wconf 87' lang='lat' dir='ltr'><strong>POLICRATICV</strong></span> <span class='ocrx_word' id='word_1_4' title='bbox 1062 211 1096 256; x_wconf 88' lang='lat' dir='ltr'>S</span> <span class='ocrx_word' id='word_1_5' title='bbox 1635 212 1711 252; x_wconf 84' lang='lat'><strong>810</strong></span> <span class='ocrx_word' id='word_1_6' title='bbox 1733 223 1759 253; x_wconf 87' lang='lat' dir='ltr'><strong>c</strong></span> 
     </span>
    </p>
   </div>
   <div class='ocr_carea' id='block_1_2' title="bbox 137 332 1294 464">
    <p class='ocr_par' dir='ltr' id='par_1_2' title="bbox 137 332 1294 464">
     <span class='ocr_line' id='line_1_2' title="bbox 256 332 1294 392; baseline 0.002 -16"><span class='ocrx_word' id='word_1_7' title='bbox 256 332 397 377; x_wconf 89' lang='lat' dir='ltr'><strong>Nulla</strong></span> <span class='ocrx_word' id='word_1_8' title='bbox 415 347 575 378; x_wconf 83' lang='lat' dir='ltr'><strong>manus</strong></span> <span class='ocrx_word' id='word_1_9' title='bbox 594 333 699 378; x_wconf 87' lang='lat' dir='ltr'><strong>belli</strong></span> <span class='ocrx_word' id='word_1_10' title='bbox 719 336 895 378; x_wconf 84' lang='lat' dir='ltr'><strong>mutato</strong></span> <span class='ocrx_word' id='word_1_11' title='bbox 915 333 1060 378; x_wconf 91' lang='lat' dir='ltr'><strong>iudice</strong></span> <span class='ocrx_word' id='word_1_12' title='bbox 1079 348 1193 392; x_wconf 91' lang='lat' dir='ltr'><strong>pura</strong></span> <span class='ocrx_word' id='word_1_13' title='bbox 1212 336 1294 378; x_wconf 84' lang='lat' dir='ltr'><strong>est.</strong></span> 
     </span>
     <span class='ocr_line' id='line_1_3' title="bbox 137 417 328 464; baseline 0.005 -1"><span class='ocrx_word' id='word_1_14' title='bbox 137 417 259 463; x_wconf 84' lang='lat' dir='ltr'><strong>Nam</strong></span> <span class='ocrx_word' id='word_1_15' title='bbox 279 423 328 464; x_wconf 90' lang='lat' dir='ltr'><strong>et</strong></span> 
     </span>
    </p>
   </div>
   <div class='ocr_carea' id='block_1_3' title="bbox 253 507 1312 566">
    <p class='ocr_par' dir='ltr' id='par_1_3' title="bbox 253 507 1312 566">
     <span class='ocr_line' id='line_1_4' title="bbox 253 507 1312 566; baseline 0.001 -15"><span class='ocrx_word' id='word_1_16' title='bbox 253 507 421 551; x_wconf 85' lang='lat' dir='ltr'><strong>uictrix</strong></span> <span class='ocrx_word' id='word_1_17' title='bbox 440 522 574 552; x_wconf 83' lang='lat' dir='ltr'><strong>causa</strong></span> <span class='ocrx_word' id='word_1_18' title='bbox 593 507 689 552; x_wconf 91' lang='lat' dir='ltr'><strong>Deo</strong></span> <span class='ocrx_word' id='word_1_19' title='bbox 708 508 878 566; x_wconf 86' lang='lat' dir='ltr'><strong>placuit</strong></span> <span class='ocrx_word' id='word_1_20' title='bbox 897 508 974 552; x_wconf 81' lang='lat' dir='ltr'><strong>sed</strong></span> <span class='ocrx_word' id='word_1_21' title='bbox 995 508 1116 553; x_wconf 88' lang='lat' dir='ltr'><strong>uicta</strong></span> <span class='ocrx_word' id='word_1_22' title='bbox 1135 507 1312 554; x_wconf 77' lang='lat' dir='ltr'><strong>Catoni.</strong></span> 
     </span>
    </p>
   </div>
   <div class='ocr_carea' id='block_1_4' title="bbox 67 587 1659 1412">
    <p class='ocr_par' dir='ltr' id='par_1_4' title="bbox 67 587 1659 1412">
     <span class='ocr_line' id='line_1_5' title="bbox 136 587 1614 648; baseline 0.001 -16"><span class='ocrx_word' id='word_1_23' title='bbox 136 587 343 633; x_wconf 77' lang='lat' dir='ltr'><strong>Gaudeat</strong></span> <span class='ocrx_word' id='word_1_24' title='bbox 361 589 494 647; x_wconf 91' lang='lat' dir='ltr'><strong>plane</strong></span> <span class='ocrx_word' id='word_1_25' title='bbox 514 589 719 641; x_wconf 85' lang='lat' dir='ltr'><strong>mundus,</strong></span> <span class='ocrx_word' id='word_1_26' title='bbox 738 605 839 633; x_wconf 89' lang='lat' dir='ltr'><strong>cum</strong></span> <span class='ocrx_word' id='word_1_27' title='bbox 859 590 975 634; x_wconf 84' lang='lat' dir='ltr'><strong>alter</strong></span> <span class='ocrx_word' id='word_1_28' title='bbox 993 590 1113 633; x_wconf 86' lang='lat' dir='ltr'><strong>solus</strong></span> <span class='ocrx_word' id='word_1_29' title='bbox 1131 590 1303 643; x_wconf 88' lang='lat' dir='ltr'><strong>uicerit,</strong></span> <span class='ocrx_word' id='word_1_30' title='bbox 1322 589 1400 633; x_wconf 89' lang='lat' dir='ltr'><strong>sed</strong></span> <span class='ocrx_word' id='word_1_31' title='bbox 1427 604 1614 648; x_wconf 84' lang='lat' dir='ltr'><strong>propen-</strong></span> 
     </span>
     <span class='ocr_line' id='line_1_6' title="bbox 95 656 1614 718; baseline 0.003 -20"><span class='ocrx_word' id='word_1_32' title='bbox 95 658 118 697; x_wconf 69' lang='grc'><strong>8</strong></span> <span class='ocrx_word' id='word_1_33' title='bbox 135 656 243 700; x_wconf 89' lang='lat' dir='ltr'><strong>siori</strong></span> <span class='ocrx_word' id='word_1_34' title='bbox 273 658 439 702; x_wconf 86' lang='lat' dir='ltr'><strong>letetur</strong></span> <span class='ocrx_word' id='word_1_35' title='bbox 465 659 642 717; x_wconf 87' lang='lat' dir='ltr'><strong>gaudio,</strong></span> <span class='ocrx_word' id='word_1_36' title='bbox 672 660 711 703; x_wconf 87' lang='lat' dir='ltr'><strong>si</strong></span> <span class='ocrx_word' id='word_1_37' title='bbox 741 660 902 704; x_wconf 87' lang='lat' dir='ltr'><strong>uicerit</strong></span> <span class='ocrx_word' id='word_1_38' title='bbox 939 663 1128 718; x_wconf 85' lang='lat' dir='ltr'><strong>uterque</strong></span> <span class='ocrx_word' id='word_1_39' title='bbox 1162 660 1235 703; x_wconf 92' lang='lat' dir='ltr'><strong>uel</strong></span> <span class='ocrx_word' id='word_1_40' title='bbox 1267 663 1438 703; x_wconf 85' lang='lat' dir='ltr'><strong>neuter.</strong></span> <span class='ocrx_word' id='word_1_41' title='bbox 1498 659 1614 704; x_wconf 87' lang='lat' dir='ltr'><strong>Con·</strong></span> 
     </span>
     <span class='ocr_line' id='line_1_7' title="bbox 134 727 1614 788; baseline 0.003 -18"><span class='ocrx_word' id='word_1_42' title='bbox 134 727 322 772; x_wconf 87' lang='lat' dir='ltr'><strong>ueniant</strong></span> <span class='ocrx_word' id='word_1_43' title='bbox 350 744 467 787; x_wconf 85' lang='lat' dir='ltr'><strong>ergo,</strong></span> <span class='ocrx_word' id='word_1_44' title='bbox 498 729 536 772; x_wconf 88' lang='lat' dir='ltr'><strong>si</strong></span> <span class='ocrx_word' id='word_1_45' title='bbox 566 730 723 787; x_wconf 89' lang='lat' dir='ltr'><strong>placet,</strong></span> <span class='ocrx_word' id='word_1_46' title='bbox 747 730 796 773; x_wconf 94' lang='lat' dir='ltr'><strong>in</strong></span> <span class='ocrx_word' id='word_1_47' title='bbox 826 730 1036 774; x_wconf 86' lang='lat' dir='ltr'><strong>Licaonia</strong></span> <span class='ocrx_word' id='word_1_48' title='bbox 1061 730 1209 773; x_wconf 87' lang='lat' dir='ltr'><strong>insula</strong></span> <span class='ocrx_word' id='word_1_49' title='bbox 1234 733 1316 774; x_wconf 88' lang='lat' dir='ltr'><strong>aut</strong></span> <span class='ocrx_word' id='word_1_50' title='bbox 1335 730 1435 781; x_wconf 90' lang='lat' dir='ltr'><strong>alio,</strong></span> <span class='ocrx_word' id='word_1_51' title='bbox 1454 730 1493 773; x_wconf 87' lang='lat' dir='ltr'><strong>si</strong></span> <span class='ocrx_word' id='word_1_52' title='bbox 1513 730 1614 788; x_wconf 84' lang='lat' dir='ltr'><strong>quis</strong></span> 
     </span>
     <span class='ocr_line' id='line_1_8' title="bbox 132 798 1659 857; baseline 0.003 -16"><span class='ocrx_word' id='word_1_53' title='bbox 132 799 286 840; x_wconf 79' lang='lat' dir='ltr'><strong>tamen</strong></span> <span class='ocrx_word' id='word_1_54' title='bbox 304 798 427 842; x_wconf 86' lang='lat' dir='ltr'><strong>locus</strong></span> <span class='ocrx_word' id='word_1_55' title='bbox 445 798 573 842; x_wconf 82' lang='lat' dir='ltr'><strong>bellis</strong></span> <span class='ocrx_word' id='word_1_56' title='bbox 588 799 683 842; x_wconf 88' lang='lat' dir='ltr'><strong>siue</strong></span> <span class='ocrx_word' id='word_1_57' title='bbox 703 799 855 843; x_wconf 87' lang='lat' dir='ltr'><strong>duillis</strong></span> <span class='ocrx_word' id='word_1_58' title='bbox 875 804 944 843; x_wconf 88' lang='lat' dir='ltr'><strong>est</strong></span> <span class='ocrx_word' id='word_1_59' title='bbox 963 800 1135 857; x_wconf 82' lang='lat' dir='ltr'><strong>aptior3</strong></span> <span class='ocrx_word' id='word_1_60' title='bbox 1164 815 1270 842; x_wconf 90' lang='lat' dir='ltr'><strong>nam</strong></span> <span class='ocrx_word' id='word_1_61' title='bbox 1289 800 1477 857; x_wconf 79' lang='lat' dir='ltr'>antiqui,</span> <span class='ocrx_word' id='word_1_62' title='bbox 1499 803 1613 845; x_wconf 82' lang='lat' dir='ltr'><strong>teste</strong></span> <span class='ocrx_word' id='word_1_63' title='bbox 1629 798 1659 839; x_wconf 80' lang='lat' dir='ltr'><strong>d</strong></span> 
     </span>
     <span class='ocr_line' id='line_1_9' title="bbox 132 863 1612 924; baseline 0.001 -16"><span class='ocrx_word' id='word_1_64' title='bbox 132 863 426 918; x_wconf 79' lang='lat' dir='ltr'><strong>Quintiliano,</strong></span> <span class='ocrx_word' id='word_1_65' title='bbox 447 866 586 909; x_wconf 86' lang='lat' dir='ltr'><strong>bellos</strong></span> <span class='ocrx_word' id='word_1_66' title='bbox 609 866 818 909; x_wconf 74' lang='lat' dir='ltr'><strong>dicebant</strong></span> <span class='ocrx_word' id='word_1_67' title='bbox 844 881 955 924; x_wconf 88' lang='lat' dir='ltr'><strong>quos</strong></span> <span class='ocrx_word' id='word_1_68' title='bbox 980 866 1112 910; x_wconf 92' lang='lat' dir='ltr'><strong>modo</strong></span> <span class='ocrx_word' id='word_1_69' title='bbox 1131 866 1293 910; x_wconf 87' lang='lat' dir='ltr'><strong>duillos</strong></span> <span class='ocrx_word' id='word_1_70' title='bbox 1312 867 1589 924; x_wconf 82' lang='lat' dir='ltr'><strong>appellamus</strong></span> <span class='ocrx_word' id='word_1_71' title='bbox 1601 882 1612 920; x_wconf 93' lang='lat'>;</span> 
     </span>
     <span class='ocr_line' id='line_1_10' title="bbox 131 933 1612 993; baseline 0.002 -16"><span class='ocrx_word' id='word_1_72' title='bbox 131 937 179 977; x_wconf 87' lang='lat' dir='ltr'><strong>et</strong></span> <span class='ocrx_word' id='word_1_73' title='bbox 209 933 306 978; x_wconf 83' lang='lat' dir='ltr'><strong>sine</strong></span> <span class='ocrx_word' id='word_1_74' title='bbox 334 934 456 978; x_wconf 84' lang='lat' dir='ltr'><strong>orbis</strong></span> <span class='ocrx_word' id='word_1_75' title='bbox 484 938 532 978; x_wconf 91' lang='lat' dir='ltr'><strong>et</strong></span> <span class='ocrx_word' id='word_1_76' title='bbox 560 935 685 978; x_wconf 84' lang='lat' dir='ltr'><strong>urbis</strong></span> <span class='ocrx_word' id='word_1_77' title='bbox 715 935 912 993; x_wconf 86' lang='lat' dir='ltr'><strong>periculo</strong></span> <span class='ocrx_word' id='word_1_78' title='bbox 941 936 1095 979; x_wconf 86' lang='lat' dir='ltr'><strong>uincat</strong></span> <span class='ocrx_word' id='word_1_79' title='bbox 1125 936 1342 979; x_wconf 89' lang='lat' dir='ltr'><strong>alteruter</strong></span> <span class='ocrx_word' id='word_1_80' title='bbox 1370 936 1612 981; x_wconf 90' lang='lat' dir='ltr'><strong>duillorum</strong></span> 
     </span>
     <span class='ocr_line' id='line_1_11' title="bbox 71 1003 1609 1064; baseline 0.002 -17"><span class='ocrx_word' id='word_1_81' title='bbox 71 1019 116 1046; x_wconf 83' lang='grc' dir='ltr'><strong>ιο</strong></span> <span class='ocrx_word' id='word_1_82' title='bbox 130 1018 264 1061; x_wconf 88' lang='lat' dir='ltr'><strong>quem</strong></span> <span class='ocrx_word' id='word_1_83' title='bbox 299 1003 422 1048; x_wconf 86' lang='lat' dir='ltr'><strong>Deus</strong></span> <span class='ocrx_word' id='word_1_84' title='bbox 455 1005 624 1048; x_wconf 81' lang='lat' dir='ltr'><strong>scilicet</strong></span> <span class='ocrx_word' id='word_1_85' title='bbox 661 1005 979 1062; x_wconf 87' lang='lat' dir='ltr'><strong>approbauerit</strong></span> <span class='ocrx_word' id='word_1_86' title='bbox 1016 1007 1099 1048; x_wconf 87' lang='lat' dir='ltr'><strong>aut</strong></span> <span class='ocrx_word' id='word_1_87' title='bbox 1136 1005 1351 1049; x_wconf 79' lang='lat' dir='ltr'><strong>uictorem</strong></span> <span class='ocrx_word' id='word_1_88' title='bbox 1387 1021 1480 1050; x_wconf 87' lang='lat' dir='ltr'><strong>esse</strong></span> <span class='ocrx_word' id='word_1_89' title='bbox 1510 1021 1609 1064; x_wconf 91' lang='lat' dir='ltr'><strong>per-</strong></span> 
     </span>
     <span class='ocr_line' id='line_1_12' title="bbox 128 1074 1613 1134; baseline 0.001 -17"><span class='ocrx_word' id='word_1_90' title='bbox 128 1074 313 1118; x_wconf 85' lang='lat' dir='ltr'><strong>miserit.</strong></span> <span class='ocrx_word' id='word_1_91' title='bbox 371 1075 529 1119; x_wconf 79' lang='lat' dir='ltr'><strong>Victus</strong></span> <span class='ocrx_word' id='word_1_92' title='bbox 548 1090 735 1133; x_wconf 90' lang='lat' dir='ltr'><strong>quoque,</strong></span> <span class='ocrx_word' id='word_1_93' title='bbox 754 1076 792 1119; x_wconf 87' lang='lat' dir='ltr'><strong>si</strong></span> <span class='ocrx_word' id='word_1_94' title='bbox 812 1075 860 1118; x_wconf 94' lang='lat' dir='ltr'><strong>id</strong></span> <span class='ocrx_word' id='word_1_95' title='bbox 880 1075 1041 1119; x_wconf 85' lang='lat' dir='ltr'><strong>uictori</strong></span> <span class='ocrx_word' id='word_1_96' title='bbox 1060 1075 1245 1133; x_wconf 84' lang='lat' dir='ltr'><strong>placeat,</strong></span> <span class='ocrx_word' id='word_1_97' title='bbox 1259 1076 1546 1134; x_wconf 83' lang='lat' dir='ltr'><strong>demergatur</strong></span> <span class='ocrx_word' id='word_1_98' title='bbox 1559 1077 1613 1120; x_wconf 87' lang='lat' dir='ltr'><strong>in</strong></span> 
     </span>
     <span class='ocr_line' id='line_1_13' title="bbox 128 1143 1610 1204; baseline 0.001 -16"><span class='ocrx_word' id='word_1_99' title='bbox 128 1143 340 1201; x_wconf 82' lang='lat' dir='ltr'><strong>Tyberim</strong></span> <span class='ocrx_word' id='word_1_100' title='bbox 360 1148 453 1196; x_wconf 91' lang='lat' dir='ltr'><strong>aut,</strong></span> <span class='ocrx_word' id='word_1_101' title='bbox 472 1146 510 1188; x_wconf 91' lang='lat' dir='ltr'><strong>si</strong></span> <span class='ocrx_word' id='word_1_102' title='bbox 530 1160 632 1189; x_wconf 91' lang='lat' dir='ltr'><strong>cum</strong></span> <span class='ocrx_word' id='word_1_103' title='bbox 653 1160 704 1189; x_wconf 92' lang='lat' dir='ltr'><strong>eo</strong></span> <span class='ocrx_word' id='word_1_104' title='bbox 723 1146 879 1189; x_wconf 86' lang='lat' dir='ltr'><strong>mitius</strong></span> <span class='ocrx_word' id='word_1_105' title='bbox 899 1145 1123 1204; x_wconf 88' lang='lat' dir='ltr'><strong>agendum</strong></span> <span class='ocrx_word' id='word_1_106' title='bbox 1142 1146 1334 1196; x_wconf 89' lang='lat' dir='ltr'><strong>uidetur,</strong></span> <span class='ocrx_word' id='word_1_107' title='bbox 1349 1146 1610 1190; x_wconf 82' lang='lat' dir='ltr'><strong>retrudatur</strong></span> 
     </span>
     <span class='ocr_line' id='line_1_14' title="bbox 126 1212 1610 1267; baseline 0.001 -10"><span class='ocrx_word' id='word_1_108' title='bbox 126 1213 177 1256; x_wconf 89' lang='lat' dir='ltr'><strong>in</strong></span> <span class='ocrx_word' id='word_1_109' title='bbox 205 1212 388 1266; x_wconf 86' lang='lat' dir='ltr'><strong>Cauam,</strong></span> <span class='ocrx_word' id='word_1_110' title='bbox 414 1214 486 1258; x_wconf 87' lang='lat' dir='ltr'><strong>cui</strong></span> <span class='ocrx_word' id='word_1_111' title='bbox 516 1229 618 1258; x_wconf 90' lang='lat' dir='ltr'><strong>cum</strong></span> <span class='ocrx_word' id='word_1_112' title='bbox 647 1214 785 1258; x_wconf 84' lang='lat' dir='ltr'><strong>abbas</strong></span> <span class='ocrx_word' id='word_1_113' title='bbox 814 1215 899 1258; x_wconf 91' lang='lat' dir='ltr'><strong>loci</strong></span> <span class='ocrx_word' id='word_1_114' title='bbox 929 1215 1185 1266; x_wconf 89' lang='lat' dir='ltr'><strong>claustrum,</strong></span> <span class='ocrx_word' id='word_1_115' title='bbox 1215 1215 1352 1258; x_wconf 90' lang='lat' dir='ltr'><strong>immo</strong></span> <span class='ocrx_word' id='word_1_116' title='bbox 1378 1230 1610 1267; x_wconf 83' lang='lat' dir='ltr'><strong>carcerem,</strong></span> 
     </span>
     <span class='ocr_line' id='line_1_15' title="bbox 126 1283 1606 1365; baseline 0.002 -39"><span class='ocrx_word' id='word_1_117' title='bbox 126 1283 364 1342; x_wconf 83' lang='lat' dir='ltr'><strong>aperuerit,</strong></span> <span class='ocrx_word' id='word_1_118' title='bbox 382 1286 657 1341; x_wconf 47' lang='lat' dir='ltr'><strong>protestetur</strong></span> <span class='ocrx_word' id='word_1_119' title='bbox 682 1299 729 1327; x_wconf 89' lang='lat' dir='ltr'><strong>se</strong></span> <span class='ocrx_word' id='word_1_120' title='bbox 755 1299 847 1328; x_wconf 91' lang='lat' dir='ltr'><strong>non</strong></span> <span class='ocrx_word' id='word_1_121' title='bbox 874 1285 988 1328; x_wconf 91' lang='lat' dir='ltr'><strong>illud</strong></span> <span class='ocrx_word' id='word_1_122' title='bbox 1013 1285 1055 1328; x_wconf 94' lang='lat' dir='ltr'><strong>ei</strong></span> <span class='ocrx_word' id='word_1_123' title='bbox 1082 1285 1160 1342; x_wconf 92' lang='lat' dir='ltr'><strong>qui</strong></span> <span class='ocrx_word' id='word_1_124' title='bbox 1186 1285 1459 1343; x_wconf 87' lang='lat' dir='ltr'><strong>dampnatur</strong></span> <span class='ocrx_word' id='word_1_125' title='bbox 1479 1300 1606 1365; x_wconf 87' lang='lat' dir='ltr'><strong>prae-</strong></span> 
     </span>
     <span class='ocr_line' id='line_1_16' title="bbox 67 1354 978 1412; baseline 0.002 -16"><span class='ocrx_word' id='word_1_126' title='bbox 67 1357 108 1406; x_wconf 77' lang='lat'><strong>1&#39;5</strong></span> <span class='ocrx_word' id='word_1_127' title='bbox 125 1367 318 1412; x_wconf 78' lang='lat' dir='ltr'><strong>parasse,</strong></span> <span class='ocrx_word' id='word_1_128' title='bbox 337 1354 415 1397; x_wconf 84' lang='lat' dir='ltr'><strong>sed</strong></span> <span class='ocrx_word' id='word_1_129' title='bbox 434 1354 579 1407; x_wconf 85' lang='lat' dir='ltr'><strong>uicto;</strong></span> <span class='ocrx_word' id='word_1_130' title='bbox 608 1354 829 1412; x_wconf 82' lang='lat' dir='ltr'><strong>siquidem</strong></span> <span class='ocrx_word' id='word_1_131' title='bbox 973 1372 978 1377; x_wconf 80' lang='grc'>’</span> 
     </span>
    </p>
   </div>
   <div class='ocr_carea' id='block_1_5' title="bbox 240 1440 1282 1500">
    <p class='ocr_par' dir='ltr' id='par_1_5' title="bbox 240 1440 1282 1500">
     <span class='ocr_line' id='line_1_17' title="bbox 240 1440 1282 1500; baseline 0.002 -16"><span class='ocrx_word' id='word_1_132' title='bbox 240 1440 367 1484; x_wconf 90' lang='lat' dir='ltr'><strong>nulla</strong></span> <span class='ocrx_word' id='word_1_133' title='bbox 385 1441 495 1485; x_wconf 93' lang='lat' dir='ltr'><strong>fides</strong></span> <span class='ocrx_word' id='word_1_134' title='bbox 514 1456 728 1499; x_wconf 89' lang='lat' dir='ltr'><strong>umquam</strong></span> <span class='ocrx_word' id='word_1_135' title='bbox 747 1442 932 1486; x_wconf 82' lang='lat' dir='ltr'><strong>miseros</strong></span> <span class='ocrx_word' id='word_1_136' title='bbox 951 1442 1087 1500; x_wconf 87' lang='lat' dir='ltr'><strong>elegit</strong></span> <span class='ocrx_word' id='word_1_137' title='bbox 1106 1442 1282 1486; x_wconf 85' lang='lat' dir='ltr'><strong>amicos.</strong></span> 
     </span>
    </p>
   </div>
   <div class='ocr_carea' id='block_1_6' title="bbox 59 1528 1724 2070">
    <p class='ocr_par' dir='ltr' id='par_1_6' title="bbox 119 1528 1604 1729">
     <span class='ocr_line' id='line_1_18' title="bbox 123 1528 1603 1589; baseline 0.003 -17"><span class='ocrx_word' id='word_1_138' title='bbox 123 1528 213 1583; x_wconf 83' lang='lat' dir='ltr'><strong>Qui</strong></span> <span class='ocrx_word' id='word_1_139' title='bbox 241 1543 350 1573; x_wconf 88' lang='lat' dir='ltr'><strong>uero</strong></span> <span class='ocrx_word' id='word_1_140' title='bbox 378 1529 550 1581; x_wconf 88' lang='lat' dir='ltr'><strong>uicerit,</strong></span> <span class='ocrx_word' id='word_1_141' title='bbox 579 1530 626 1573; x_wconf 92' lang='lat' dir='ltr'><strong>id</strong></span> <span class='ocrx_word' id='word_1_142' title='bbox 657 1533 726 1574; x_wconf 88' lang='lat' dir='ltr'><strong>est</strong></span> <span class='ocrx_word' id='word_1_143' title='bbox 755 1530 833 1588; x_wconf 91' lang='lat' dir='ltr'><strong>qui</strong></span> <span class='ocrx_word' id='word_1_144' title='bbox 867 1529 1107 1574; x_wconf 88' lang='lat' dir='ltr'><strong>uiolentior</strong></span> <span class='ocrx_word' id='word_1_145' title='bbox 1135 1529 1286 1582; x_wconf 81' lang='lat' dir='ltr'><strong>fuerit,</strong></span> <span class='ocrx_word' id='word_1_146' title='bbox 1315 1530 1364 1573; x_wconf 90' lang='lat' dir='ltr'><strong>in</strong></span> <span class='ocrx_word' id='word_1_147' title='bbox 1396 1530 1603 1589; x_wconf 88' lang='lat' dir='ltr'><strong>Liparem</strong></span> 
     </span>
     <span class='ocr_line' id='line_1_19' title="bbox 120 1598 1604 1658; baseline 0.002 -16"><span class='ocrx_word' id='word_1_148' title='bbox 120 1598 314 1643; x_wconf 83' lang='lat' dir='ltr'><strong>aliamue</strong></span> <span class='ocrx_word' id='word_1_149' title='bbox 348 1599 541 1643; x_wconf 83' lang='lat' dir='ltr'><strong>insulam</strong></span> <span class='ocrx_word' id='word_1_150' title='bbox 577 1600 683 1643; x_wconf 84' lang='lat' dir='ltr'><strong>exul</strong></span> <span class='ocrx_word' id='word_1_151' title='bbox 712 1603 955 1658; x_wconf 85' lang='lat' dir='ltr'><strong>perpetuus</strong></span> <span class='ocrx_word' id='word_1_152' title='bbox 994 1601 1256 1658; x_wconf 86' lang='lat' dir='ltr'><strong>deportetur</strong></span> <span class='ocrx_word' id='word_1_153' title='bbox 1289 1601 1347 1643; x_wconf 91' lang='lat' dir='ltr'><strong>ad</strong></span> <span class='ocrx_word' id='word_1_154' title='bbox 1381 1616 1604 1645; x_wconf 86' lang='lat' dir='ltr'><strong>marmora</strong></span> 
     </span>
     <span class='ocr_line' id='line_1_20' title="bbox 119 1669 1604 1729; baseline 0.001 -15"><span class='ocrx_word' id='word_1_155' title='bbox 119 1669 310 1714; x_wconf 78' lang='lat' dir='ltr'><strong>secanda</strong></span> <span class='ocrx_word' id='word_1_156' title='bbox 339 1673 422 1713; x_wconf 90' lang='lat' dir='ltr'><strong>aut</strong></span> <span class='ocrx_word' id='word_1_157' title='bbox 454 1670 514 1713; x_wconf 90' lang='lat' dir='ltr'><strong>ad</strong></span> <span class='ocrx_word' id='word_1_158' title='bbox 544 1671 727 1714; x_wconf 89' lang='lat' dir='ltr'><strong>metalla</strong></span> <span class='ocrx_word' id='word_1_159' title='bbox 756 1671 1038 1729; x_wconf 87' lang='lat' dir='ltr'><strong>dampnetur.</strong></span> <span class='ocrx_word' id='word_1_160' title='bbox 1113 1670 1305 1714; x_wconf 81' lang='lat' dir='ltr'><strong>Facinus</strong></span> <span class='ocrx_word' id='word_1_161' title='bbox 1336 1672 1455 1714; x_wconf 89' lang='lat' dir='ltr'><strong>euim</strong></span> <span class='ocrx_word' id='word_1_162' title='bbox 1485 1673 1604 1716; x_wconf 88' lang='lat' dir='ltr'><strong>schi-</strong></span> 
     </span>
    </p>

    <p class='ocr_par' dir='ltr' id='par_1_7' title="bbox 59 1739 1724 2065">
     <span class='ocr_line' id='line_1_21' title="bbox 59 1739 1602 1799; baseline 0.003 -17"><span class='ocrx_word' id='word_1_163' title='bbox 59 1756 105 1782; x_wconf 78' lang='grc' dir='ltr'><strong>εο</strong></span> <span class='ocrx_word' id='word_1_164' title='bbox 119 1739 278 1784; x_wconf 76' lang='lat' dir='ltr'><strong>ematis</strong></span> <span class='ocrx_word' id='word_1_165' title='bbox 291 1754 402 1797; x_wconf 90' lang='lat' dir='ltr'><strong>quos</strong></span> <span class='ocrx_word' id='word_1_166' title='bbox 416 1740 625 1798; x_wconf 87' lang='lat' dir='ltr'><strong>inquinat</strong></span> <span class='ocrx_word' id='word_1_167' title='bbox 639 1744 803 1798; x_wconf 84' lang='lat' dir='ltr'><strong>aequat</strong></span> <span class='ocrx_word' id='word_1_168' title='bbox 816 1756 826 1794; x_wconf 91' lang='lat'>;</span> <span class='ocrx_word' id='word_1_169' title='bbox 855 1741 943 1784; x_wconf 90' lang='lat' dir='ltr'><strong>nisi</strong></span> <span class='ocrx_word' id='word_1_170' title='bbox 958 1741 1065 1798; x_wconf 92' lang='lat' dir='ltr'><strong>quia</strong></span> <span class='ocrx_word' id='word_1_171' title='bbox 1075 1740 1336 1798; x_wconf 88' lang='lat' dir='ltr'><strong>plerumque</strong></span> <span class='ocrx_word' id='word_1_172' title='bbox 1349 1742 1427 1799; x_wconf 91' lang='lat' dir='ltr'><strong>qui</strong></span> <span class='ocrx_word' id='word_1_173' title='bbox 1440 1741 1602 1786; x_wconf 78' lang='lat' dir='ltr'><strong>fortior</strong></span> 
     </span>
     <span class='ocr_line' id='line_1_22' title="bbox 112 1808 1724 1868; baseline 0.003 -16"><span class='ocrx_word' id='word_1_174' title='bbox 112 1808 257 1852; x_wconf 85' lang='lat' dir='ltr'><strong>immo</strong></span> <span class='ocrx_word' id='word_1_175' title='bbox 286 1809 485 1861; x_wconf 79' lang='lat' dir='ltr'><strong>ferocior,</strong></span> <span class='ocrx_word' id='word_1_176' title='bbox 511 1810 629 1853; x_wconf 90' lang='lat' dir='ltr'><strong>idem</strong></span> <span class='ocrx_word' id='word_1_177' title='bbox 650 1813 696 1854; x_wconf 92' lang='lat' dir='ltr'><strong>et</strong></span> <span class='ocrx_word' id='word_1_178' title='bbox 714 1811 911 1868; x_wconf 89' lang='lat' dir='ltr'><strong>iniquior</strong></span> <span class='ocrx_word' id='word_1_179' title='bbox 931 1813 1011 1854; x_wconf 82' lang='lat' dir='ltr'><strong>est.</strong></span> <span class='ocrx_word' id='word_1_180' title='bbox 1071 1810 1191 1864; x_wconf 83' lang='lat' dir='ltr'><strong>Quid</strong></span> <span class='ocrx_word' id='word_1_181' title='bbox 1209 1811 1499 1868; x_wconf 77' lang='lat' dir='ltr'><strong>perniciosius</strong></span> <span class='ocrx_word' id='word_1_182' title='bbox 1518 1816 1600 1856; x_wconf 91' lang='lat' dir='ltr'><strong>aut</strong></span> <span class='ocrx_word' id='word_1_183' title='bbox 1616 1816 1724 1857; x_wconf 78' lang='lat' dir='ltr'><strong>sna</strong></span> 
     </span>
     <span class='ocr_line' id='line_1_23' title="bbox 117 1878 1597 1938; baseline 0.002 -16"><span class='ocrx_word' id='word_1_184' title='bbox 117 1878 328 1922; x_wconf 88' lang='lat' dir='ltr'><strong>odibilius</strong></span> <span class='ocrx_word' id='word_1_185' title='bbox 347 1879 464 1922; x_wconf 89' lang='lat' dir='ltr'><strong>bello</strong></span> <span class='ocrx_word' id='word_1_186' title='bbox 483 1879 637 1924; x_wconf 64' lang='lat' dir='ltr'><strong>ciuili?</strong></span> <span class='ocrx_word' id='word_1_187' title='bbox 696 1880 849 1924; x_wconf 87' lang='lat' dir='ltr'><strong>Nichil</strong></span> <span class='ocrx_word' id='word_1_188' title='bbox 869 1880 1014 1938; x_wconf 90' lang='lat' dir='ltr'><strong>plane,</strong></span> <span class='ocrx_word' id='word_1_189' title='bbox 1034 1883 1212 1937; x_wconf 87' lang='lat' dir='ltr'><strong>praeter</strong></span> <span class='ocrx_word' id='word_1_190' title='bbox 1229 1881 1398 1923; x_wconf 90' lang='lat' dir='ltr'><strong>rabiem</strong></span> <span class='ocrx_word' id='word_1_191' title='bbox 1418 1882 1597 1925; x_wconf 85' lang='lat' dir='ltr'><strong>scisma-</strong></span> 
     </span>
     <span class='ocr_line' id='line_1_24' title="bbox 116 1947 1598 2007; baseline 0.003 -16"><span class='ocrx_word' id='word_1_192' title='bbox 116 1947 307 1992; x_wconf 84' lang='lat' dir='ltr'><strong>tieorum</strong></span> <span class='ocrx_word' id='word_1_193' title='bbox 321 1951 403 1992; x_wconf 89' lang='lat' dir='ltr'><strong>aut</strong></span> <span class='ocrx_word' id='word_1_194' title='bbox 414 1949 655 1992; x_wconf 88' lang='lat' dir='ltr'><strong>hereticam</strong></span> <span class='ocrx_word' id='word_1_195' title='bbox 670 1953 852 2007; x_wconf 83' lang='lat' dir='ltr'><strong>pestem.</strong></span> <span class='ocrx_word' id='word_1_196' title='bbox 912 1951 1114 2004; x_wconf 80' lang='lat' dir='ltr'><strong>Quorum</strong></span> <span class='ocrx_word' id='word_1_197' title='bbox 1134 1953 1288 1993; x_wconf 89' lang='lat' dir='ltr'><strong>utrum</strong></span> <span class='ocrx_word' id='word_1_198' title='bbox 1308 1951 1598 2007; x_wconf 84' lang='lat' dir='ltr'><strong>perniciosius</strong></span> 
     </span>
     <span class='ocr_line' id='line_1_25' title="bbox 115 2017 1597 2070; baseline 0.003 -9"><span class='ocrx_word' id='word_1_199' title='bbox 115 2017 178 2062; x_wconf 70' lang='lat' dir='ltr'><strong>sit.</strong></span> <span class='ocrx_word' id='word_1_200' title='bbox 210 2033 303 2061; x_wconf 91' lang='lat' dir='ltr'><strong>non</strong></span> <span class='ocrx_word' id='word_1_201' title='bbox 336 2018 467 2062; x_wconf 81' lang='lat' dir='ltr'><strong>facile</strong></span> <span class='ocrx_word' id='word_1_202' title='bbox 505 2018 708 2070; x_wconf 87' lang='lat' dir='ltr'><strong>dixerim,</strong></span> <span class='ocrx_word' id='word_1_203' title='bbox 747 2019 785 2062; x_wconf 89' lang='lat' dir='ltr'><strong>si</strong></span> <span class='ocrx_word' id='word_1_204' title='bbox 820 2021 973 2062; x_wconf 86' lang='lat' dir='ltr'><strong>tamen</strong></span> <span class='ocrx_word' id='word_1_205' title='bbox 1007 2019 1054 2062; x_wconf 89' lang='lat' dir='ltr'><strong>in</strong></span> <span class='ocrx_word' id='word_1_206' title='bbox 1090 2019 1161 2062; x_wconf 87' lang='lat' dir='ltr'><strong>his</strong></span> <span class='ocrx_word' id='word_1_207' title='bbox 1194 2035 1407 2063; x_wconf 89' lang='lat' dir='ltr'><strong>numerus</strong></span> <span class='ocrx_word' id='word_1_208' title='bbox 1441 2025 1510 2064; x_wconf 87' lang='lat' dir='ltr'><strong>est</strong></span> <span class='ocrx_word' id='word_1_209' title='bbox 1545 2025 1597 2065; x_wconf 84' lang='lat' dir='ltr'><strong>ut</strong></span> 
     </span>
    </p>
   </div>
   <div class='ocr_carea' id='block_1_7' title="bbox 115 2120 1597 2264">
    <p class='ocr_par' dir='ltr' id='par_1_8' title="bbox 115 2120 1597 2264">
     <span class='ocr_line' id='line_1_26' title="bbox 115 2120 1581 2170; baseline 0.001 -12"><span class='ocrx_word' id='word_1_210' title='bbox 115 2122 141 2159; x_wconf 91' lang='grc'>6</span> <span class='ocrx_word' id='word_1_211' title='bbox 162 2120 291 2158; x_wconf 75' lang='lat' dir='ltr'><strong>insula</strong></span> <span class='ocrx_word' id='word_1_212' title='bbox 304 2121 472 2159; x_wconf 81' lang='lat' dir='ltr'><strong>licaonia</strong></span> <span class='ocrx_word' id='word_1_213' title='bbox 488 2122 556 2158; x_wconf 80' lang='lat' dir='ltr'>SM</span> <span class='ocrx_word' id='word_1_214' title='bbox 699 2130 721 2166; x_wconf 89' lang='lat'><strong><em>7</em></strong></span> <span class='ocrx_word' id='word_1_215' title='bbox 747 2122 884 2158; x_wconf 84' lang='lat' dir='ltr'><strong>duellis</strong></span> <span class='ocrx_word' id='word_1_216' title='bbox 901 2121 968 2157; x_wconf 84' lang='lat' dir='ltr'><strong>BA</strong></span> <span class='ocrx_word' id='word_1_217' title='bbox 1110 2124 1132 2159; x_wconf 91' lang='lat'><strong>8</strong></span> <span class='ocrx_word' id='word_1_218' title='bbox 1158 2122 1254 2159; x_wconf 78' lang='lat' dir='ltr'><strong>ah&#39;as</strong></span> <span class='ocrx_word' id='word_1_219' title='bbox 1269 2122 1417 2160; x_wconf 81' lang='lat' dir='ltr'><strong>duellos</strong></span> <span class='ocrx_word' id='word_1_220' title='bbox 1434 2123 1459 2160; x_wconf 93' lang='lat' dir='ltr'>S</span> <span class='ocrx_word' id='word_1_221' title='bbox 1477 2137 1581 2170; x_wconf 72' lang='lat' dir='ltr'><strong>mary</strong></span> 
     </span>
     <span class='ocr_line' id='line_1_27' title="bbox 243 2169 1597 2216; baseline 0.003 -10"><span class='ocrx_word' id='word_1_222' title='bbox 243 2182 326 2206; x_wconf 76' lang='lat' dir='ltr'><strong>mus</strong></span> <span class='ocrx_word' id='word_1_223' title='bbox 342 2169 368 2207; x_wconf 90' lang='lat' dir='ltr'>S</span> <span class='ocrx_word' id='word_1_224' title='bbox 483 2181 526 2216; x_wconf 92' lang='lat'><strong>13</strong></span> <span class='ocrx_word' id='word_1_225' title='bbox 551 2169 692 2206; x_wconf 86' lang='lat' dir='ltr'><strong>Gauam</strong></span> <span class='ocrx_word' id='word_1_226' title='bbox 708 2172 851 2216; x_wconf 68' lang='lat' dir='ltr'><strong>scripsi,</strong></span> <span class='ocrx_word' id='word_1_227' title='bbox 869 2175 1013 2206; x_wconf 76' lang='lat' dir='ltr'><strong>auctore</strong></span> <span class='ocrx_word' id='word_1_228' title='bbox 1029 2183 1059 2206; x_wconf 81' lang='lat' dir='ltr'><strong>v.</strong></span> <span class='ocrx_word' id='word_1_229' title='bbox 1070 2172 1106 2206; x_wconf 83' lang='lat' dir='ltr'><strong>d.</strong></span> <span class='ocrx_word' id='word_1_230' title='bbox 1121 2170 1170 2206; x_wconf 88' lang='lat' dir='ltr'><strong>H.</strong></span> <span class='ocrx_word' id='word_1_231' title='bbox 1183 2173 1230 2207; x_wconf 77' lang='lat' dir='ltr'><strong>A.</strong></span> <span class='ocrx_word' id='word_1_232' title='bbox 1249 2172 1407 2207; x_wconf 68' lang='lat' dir='ltr'><strong>Wikon:</strong></span> <span class='ocrx_word' id='word_1_233' title='bbox 1435 2183 1597 2211; x_wconf 85' lang='lat' dir='ltr'><strong>caueam</strong></span> 
     </span>
     <span class='ocr_line' id='line_1_28' title="bbox 115 2181 1204 2264; baseline 0 -10"><span class='ocrx_word' id='word_1_234' title='bbox 115 2217 280 2254; x_wconf 77' lang='lat' dir='ltr'>GBASM</span> <span class='ocrx_word' id='word_1_235' title='bbox 425 2228 468 2262; x_wconf 85' lang='lat'><strong>14</strong></span> <span class='ocrx_word' id='word_1_236' title='bbox 492 2181 698 2254; x_wconf 64' lang='lat' dir='ltr'><strong>‹iamnatur</strong></span> <span class='ocrx_word' id='word_1_237' title='bbox 712 2217 774 2253; x_wconf 90' lang='lat' dir='ltr'><strong>CB</strong></span> <span class='ocrx_word' id='word_1_238' title='bbox 921 2228 964 2264; x_wconf 94' lang='lat'><strong>19</strong></span> <span class='ocrx_word' id='word_1_239' title='bbox 986 2217 1155 2255; x_wconf 77' lang='lat' dir='ltr'><strong>fascinus</strong></span> <span class='ocrx_word' id='word_1_240' title='bbox 1170 2219 1204 2255; x_wconf 79' lang='lat' dir='ltr'>A</span> 
     </span>
    </p>
   </div>
   <div class='ocr_carea' id='block_1_8' title="bbox 109 2312 1593 2749">
    <p class='ocr_par' dir='ltr' id='par_1_9' title="bbox 109 2312 1593 2741">
     <span class='ocr_line' id='line_1_29' title="bbox 166 2312 1593 2359; baseline 0.002 -11"><span class='ocrx_word' id='word_1_241' title='bbox 166 2322 183 2349; x_wconf 88' lang='lat'>1</span> <span class='ocrx_word' id='word_1_242' title='bbox 209 2313 326 2348; x_wconf 77' lang='lat' dir='ltr'><strong>Nulla</strong></span> <span class='ocrx_word' id='word_1_243' title='bbox 343 2324 476 2348; x_wconf 74' lang='lat' dir='ltr'><strong>manus</strong></span> <span class='ocrx_word' id='word_1_244' title='bbox 491 2314 587 2349; x_wconf 79' lang='lat' dir='ltr'><strong>etc.:</strong></span> <span class='ocrx_word' id='word_1_245' title='bbox 613 2312 700 2349; x_wconf 87' lang='lat' dir='ltr'><strong>Luc.</strong></span> <span class='ocrx_word' id='word_1_246' title='bbox 716 2313 846 2349; x_wconf 75' lang='grc' dir='ltr'><strong>ΡΙιανε.</strong></span> <span class='ocrx_word' id='word_1_247' title='bbox 863 2312 929 2348; x_wconf 86' lang='lat' dir='ltr'><strong>vii.</strong></span> <span class='ocrx_word' id='word_1_248' title='bbox 947 2313 1029 2358; x_wconf 88' lang='lat'><strong>263.</strong></span> <span class='ocrx_word' id='word_1_249' title='bbox 1184 2323 1206 2359; x_wconf 90' lang='lat'>3</span> <span class='ocrx_word' id='word_1_250' title='bbox 1230 2315 1369 2349; x_wconf 61' lang='lat' dir='ltr'><strong>uictrix</strong></span> <span class='ocrx_word' id='word_1_251' title='bbox 1385 2315 1478 2350; x_wconf 87' lang='lat' dir='ltr'><strong>etc.·</strong></span> <span class='ocrx_word' id='word_1_252' title='bbox 1504 2313 1593 2352; x_wconf 86' lang='lat' dir='ltr'><strong>Luc.</strong></span> 
     </span>
     <span class='ocr_line' id='line_1_30' title="bbox 113 2359 1593 2408; baseline 0.003 -12"><span class='ocrx_word' id='word_1_253' title='bbox 113 2361 247 2396; x_wconf 80' lang='grc' dir='ltr'><strong>ΡΙιανε.</strong></span> <span class='ocrx_word' id='word_1_254' title='bbox 270 2359 295 2396; x_wconf 89' lang='lat' dir='ltr'><strong>i.</strong></span> <span class='ocrx_word' id='word_1_255' title='bbox 315 2362 394 2397; x_wconf 86' lang='lat'><strong>128.</strong></span> <span class='ocrx_word' id='word_1_256' title='bbox 585 2361 609 2397; x_wconf 93' lang='lat'><strong>6</strong></span> <span class='ocrx_word' id='word_1_257' title='bbox 632 2362 811 2396; x_wconf 72' lang='lat' dir='ltr'><strong>Limonia</strong></span> <span class='ocrx_word' id='word_1_258' title='bbox 830 2362 977 2397; x_wconf 66' lang='lat' dir='ltr'><strong>insula:</strong></span> <span class='ocrx_word' id='word_1_259' title='bbox 1004 2359 1095 2397; x_wconf 88' lang='lat' dir='ltr'><strong>Sic</strong></span> <span class='ocrx_word' id='word_1_260' title='bbox 1083 2372 1125 2396; x_wconf 88' lang='grc' dir='ltr'><strong>ιιι</strong></span> <span class='ocrx_word' id='word_1_261' title='bbox 1142 2361 1267 2398; x_wconf 89' lang='lat' dir='ltr'><strong>medio</strong></span> <span class='ocrx_word' id='word_1_262' title='bbox 1284 2373 1374 2398; x_wconf 83' lang='lat' dir='ltr'><strong>aevo</strong></span> <span class='ocrx_word' id='word_1_263' title='bbox 1392 2361 1593 2408; x_wconf 87' lang='lat' dir='ltr'><strong>appellata</strong></span> 
     </span>
     <span class='ocr_line' id='line_1_31' title="bbox 114 2407 1590 2456; baseline 0.001 -12"><span class='ocrx_word' id='word_1_264' title='bbox 114 2410 174 2445; x_wconf 77' lang='lat' dir='ltr'><strong>est</strong></span> <span class='ocrx_word' id='word_1_265' title='bbox 200 2407 328 2444; x_wconf 78' lang='lat' dir='ltr'><strong>insula</strong></span> <span class='ocrx_word' id='word_1_266' title='bbox 359 2407 550 2452; x_wconf 83' lang='lat' dir='ltr'><strong>Tiberina,</strong></span> <span class='ocrx_word' id='word_1_267' title='bbox 578 2407 691 2444; x_wconf 86' lang='lat' dir='ltr'><strong>hodie</strong></span> <span class='ocrx_word' id='word_1_268' title='bbox 719 2409 819 2444; x_wconf 69' lang='lat' dir='ltr'><strong>Isoza</strong></span> <span class='ocrx_word' id='word_1_269' title='bbox 846 2410 888 2444; x_wconf 69' lang='lat' dir='ltr'><strong>ds·</strong></span> <span class='ocrx_word' id='word_1_270' title='bbox 923 2409 959 2444; x_wconf 90' lang='lat' dir='ltr'><strong>S.</strong></span> <span class='ocrx_word' id='word_1_271' title='bbox 993 2408 1590 2456; x_wconf 68' lang='lat' dir='ltr'><strong>Banolommeo;v.Greg01-ov.</strong></span> 
     </span>
     <span class='ocr_line' id='line_1_32' title="bbox 116 2454 1592 2511; baseline 0.001 -19"><span class='ocrx_word' id='word_1_272' title='bbox 116 2457 241 2492; x_wconf 72' lang='lat' dir='ltr'><strong>Gexh.</strong></span> <span class='ocrx_word' id='word_1_273' title='bbox 266 2457 333 2492; x_wconf 80' lang='lat' dir='ltr'><strong>der</strong></span> <span class='ocrx_word' id='word_1_274' title='bbox 353 2457 459 2492; x_wconf 77' lang='lat' dir='ltr'><strong>stadt</strong></span> <span class='ocrx_word' id='word_1_275' title='bbox 481 2457 571 2492; x_wconf 82' lang='lat' dir='ltr'><strong>Rom</strong></span> <span class='ocrx_word' id='word_1_276' title='bbox 596 2454 623 2491; x_wconf 88' lang='lat' dir='ltr'><strong>i.</strong></span> <span class='ocrx_word' id='word_1_277' title='bbox 650 2465 704 2502; x_wconf 88' lang='lat'><strong>54.</strong></span> <span class='ocrx_word' id='word_1_278' title='bbox 907 2466 938 2502; x_wconf 88' lang='lat'><strong>7,</strong></span> <span class='ocrx_word' id='word_1_279' title='bbox 956 2457 977 2492; x_wconf 89' lang='grc'>8</span> <span class='ocrx_word' id='word_1_280' title='bbox 1002 2462 1085 2492; x_wconf 72' lang='lat' dir='ltr'><strong>teste</strong></span> <span class='ocrx_word' id='word_1_281' title='bbox 1104 2458 1352 2511; x_wconf 56' lang='lat' dir='ltr'><strong>Quintiliano:</strong></span> <span class='ocrx_word' id='word_1_282' title='bbox 1379 2470 1412 2492; x_wconf 89' lang='lat' dir='ltr'><strong>v.</strong></span> <span class='ocrx_word' id='word_1_283' title='bbox 1429 2457 1592 2502; x_wconf 83' lang='lat' dir='ltr'><strong>Quintil.</strong></span> 
     </span>
     <span class='ocr_line' id='line_1_33' title="bbox 111 2502 395 2548; baseline -0.004 -8"><span class='ocrx_word' id='word_1_284' title='bbox 111 2504 206 2540; x_wconf 69' lang='lat' dir='ltr'><strong>lust.</strong></span> <span class='ocrx_word' id='word_1_285' title='bbox 231 2504 292 2540; x_wconf 93' lang='lat' dir='ltr'><strong>Or.</strong></span> <span class='ocrx_word' id='word_1_286' title='bbox 318 2502 346 2539; x_wconf 91' lang='lat' dir='ltr'><strong>i.</strong></span> <span class='ocrx_word' id='word_1_287' title='bbox 371 2514 395 2548; x_wconf 83' lang='lat'>4</span> 
     </span>
     <span class='ocr_line' id='line_1_34' title="bbox 111 2503 1588 2608; baseline 0.002 -21"><span class='ocrx_word' id='word_1_288' title='bbox 111 2550 245 2598; x_wconf 81' lang='lat' dir='ltr'><strong>agitur</strong></span> <span class='ocrx_word' id='word_1_289' title='bbox 278 2551 382 2598; x_wconf 86' lang='lat' dir='ltr'><strong>apud</strong></span> <span class='ocrx_word' id='word_1_290' title='bbox 413 2503 720 2594; x_wconf 58' lang='grc' dir='ltr'>διιὶιιῦὓὶαιιιιιιις</span> <span class='ocrx_word' id='word_1_291' title='bbox 754 2552 857 2598; x_wconf 87' lang='lat' dir='ltr'><strong>quod</strong></span> <span class='ocrx_word' id='word_1_292' title='bbox 890 2563 958 2598; x_wconf 89' lang='lat' dir='ltr'><strong>pro</strong></span> <span class='ocrx_word' id='word_1_293' title='bbox 991 2551 1256 2606; x_wconf 62' lang='lat' dir='ltr'><strong>monomachia</strong></span> <span class='ocrx_word' id='word_1_294' title='bbox 1285 2552 1363 2589; x_wconf 82' lang='lat' dir='ltr'><strong>sive</strong></span> <span class='ocrx_word' id='word_1_295' title='bbox 1395 2553 1588 2608; x_wconf 74' lang='lat' dir='ltr'><strong>singulam</strong></span> 
     </span>
     <span class='ocr_line' id='line_1_35' title="bbox 110 2598 1587 2653; baseline 0.001 -17"><span class='ocrx_word' id='word_1_296' title='bbox 110 2602 305 2636; x_wconf 82' lang='lat' dir='ltr'><strong>certamen</strong></span> <span class='ocrx_word' id='word_1_297' title='bbox 318 2598 586 2636; x_wconf 82' lang='lat' dir='ltr'><strong>exercentibus</strong></span> <span class='ocrx_word' id='word_1_298' title='bbox 597 2598 738 2653; x_wconf 86' lang='lat' dir='ltr'><strong>accipit</strong></span> <span class='ocrx_word' id='word_1_299' title='bbox 750 2599 924 2636; x_wconf 78' lang='lat' dir='ltr'><strong>Ioannes.</strong></span> <span class='ocrx_word' id='word_1_300' title='bbox 1009 2609 1051 2645; x_wconf 90' lang='lat'><strong>13</strong></span> <span class='ocrx_word' id='word_1_301' title='bbox 1072 2600 1228 2635; x_wconf 74' lang='lat' dir='ltr'><strong>Canum.</strong></span> <span class='ocrx_word' id='word_1_302' title='bbox 1245 2598 1259 2634; x_wconf 84' lang='lat' dir='ltr'><strong>i</strong></span> <span class='ocrx_word' id='word_1_303' title='bbox 1262 2611 1303 2636; x_wconf 91' lang='lat' dir='ltr'><strong>..e</strong></span> <span class='ocrx_word' id='word_1_304' title='bbox 1315 2601 1587 2638; x_wconf 83' lang='lat' dir='ltr'><strong>monasterium</strong></span> 
     </span>
     <span class='ocr_line' id='line_1_36' title="bbox 110 2645 1586 2692; baseline 0.002 -10"><span class='ocrx_word' id='word_1_305' title='bbox 110 2646 178 2683; x_wconf 89' lang='lat' dir='ltr'>SS.</span> <span class='ocrx_word' id='word_1_306' title='bbox 201 2645 407 2682; x_wconf 72' lang='lat' dir='ltr'><strong>Trinitatis</strong></span> <span class='ocrx_word' id='word_1_307' title='bbox 439 2645 482 2682; x_wconf 88' lang='lat' dir='ltr'><strong>in</strong></span> <span class='ocrx_word' id='word_1_308' title='bbox 509 2646 608 2682; x_wconf 85' lang='lat' dir='ltr'><strong>Cava</strong></span> <span class='ocrx_word' id='word_1_309' title='bbox 633 2645 744 2683; x_wconf 79' lang='lat' dir='ltr'><strong>iuxta</strong></span> <span class='ocrx_word' id='word_1_310' title='bbox 770 2646 981 2690; x_wconf 86' lang='lat' dir='ltr'><strong>Salernum,</strong></span> <span class='ocrx_word' id='word_1_311' title='bbox 1008 2658 1084 2692; x_wconf 91' lang='lat' dir='ltr'><strong>quo</strong></span> <span class='ocrx_word' id='word_1_312' title='bbox 1112 2647 1250 2684; x_wconf 78' lang='lat' dir='ltr'><strong>retrusi</strong></span> <span class='ocrx_word' id='word_1_313' title='bbox 1277 2651 1367 2685; x_wconf 74' lang='lat' dir='ltr'><strong>sunt</strong></span> <span class='ocrx_word' id='word_1_314' title='bbox 1397 2650 1437 2684; x_wconf 89' lang='lat' dir='ltr'><strong>et</strong></span> <span class='ocrx_word' id='word_1_315' title='bbox 1461 2648 1586 2686; x_wconf 84' lang='lat' dir='ltr'><strong>Theo·</strong></span> 
     </span>
     <span class='ocr_line' id='line_1_37' title="bbox 109 2693 1583 2749; baseline 0.001 -17"><span class='ocrx_word' id='word_1_316' title='bbox 109 2693 262 2732; x_wconf 73' lang='lat' dir='ltr'><strong>doricus</strong></span> <span class='ocrx_word' id='word_1_317' title='bbox 286 2696 328 2731; x_wconf 90' lang='lat' dir='ltr'><strong>et</strong></span> <span class='ocrx_word' id='word_1_318' title='bbox 349 2693 549 2737; x_wconf 71' lang='lat' dir='ltr'><strong>Burdinus,</strong></span> <span class='ocrx_word' id='word_1_319' title='bbox 577 2694 767 2749; x_wconf 81' lang='lat' dir='ltr'><strong>antipapa</strong></span> <span class='ocrx_word' id='word_1_320' title='bbox 781 2696 951 2740; x_wconf 88' lang='lat' dir='ltr'><strong>uterque,</strong></span> <span class='ocrx_word' id='word_1_321' title='bbox 977 2694 1080 2731; x_wconf 79' lang='lat' dir='ltr'><strong>alter</strong></span> <span class='ocrx_word' id='word_1_322' title='bbox 1101 2705 1136 2730; x_wconf 87' lang='lat' dir='ltr'><strong>a.</strong></span> <span class='ocrx_word' id='word_1_323' title='bbox 1163 2704 1265 2739; x_wconf 89' lang='lat'>1100,</span> <span class='ocrx_word' id='word_1_324' title='bbox 1290 2695 1390 2732; x_wconf 83' lang='lat' dir='ltr'><strong>alter</strong></span> <span class='ocrx_word' id='word_1_325' title='bbox 1411 2707 1447 2732; x_wconf 88' lang='lat' dir='ltr'><strong>a.</strong></span> <span class='ocrx_word' id='word_1_326' title='bbox 1470 2707 1583 2742; x_wconf 87' lang='lat'>1121;</span> 
     </span>
    </p>
   </div>
   <div class='ocr_carea' id='block_1_9' title="bbox 470 2502 1587 2550">
    <p class='ocr_par' dir='ltr' id='par_1_10' title="bbox 470 2502 1587 2550">
     <span class='ocr_line' id='line_1_38' title="bbox 470 2502 1587 2550; baseline 0.004 -11"><span class='ocrx_word' id='word_1_327' title='bbox 470 2512 524 2550; x_wconf 89' lang='lat'><strong>15.</strong></span> <span class='ocrx_word' id='word_1_328' title='bbox 574 2502 629 2539; x_wconf 89' lang='lat' dir='ltr'><strong>De</strong></span> <span class='ocrx_word' id='word_1_329' title='bbox 653 2502 808 2540; x_wconf 87' lang='lat' dir='ltr'><strong>nomine</strong></span> <span class='ocrx_word' id='word_1_330' title='bbox 832 2503 987 2550; x_wconf 88' lang='lat' dir='ltr'><strong>proprio</strong></span> <span class='ocrx_word' id='word_1_331' title='bbox 1012 2503 1249 2540; x_wconf 85' lang='lat' dir='ltr'><strong>Duelliorum</strong></span> <span class='ocrx_word' id='word_1_332' title='bbox 1274 2503 1352 2542; x_wconf 80' lang='lat' dir='ltr'><strong>sive</strong></span> <span class='ocrx_word' id='word_1_333' title='bbox 1378 2505 1587 2543; x_wconf 84' lang='lat' dir='ltr'><strong>Belfiomm</strong></span> 
     </span>
    </p>
   </div>
   <div class='ocr_carea' id='block_1_10' title="bbox 99 2741 1586 2885">
    <p class='ocr_par' dir='ltr' id='par_1_11' title="bbox 99 2741 1586 2885">
     <span class='ocr_line' id='line_1_39' title="bbox 109 2741 1586 2789; baseline 0.001 -10"><span class='ocrx_word' id='word_1_334' title='bbox 109 2754 144 2779; x_wconf 83' lang='lat' dir='ltr'><strong>v.</strong></span> <span class='ocrx_word' id='word_1_335' title='bbox 167 2743 249 2778; x_wconf 70' lang='lat' dir='ltr'><strong>Lib.</strong></span> <span class='ocrx_word' id='word_1_336' title='bbox 274 2743 411 2788; x_wconf 76' lang='lat' dir='ltr'><strong>Pontis.</strong></span> <span class='ocrx_word' id='word_1_337' title='bbox 436 2741 497 2778; x_wconf 86' lang='lat' dir='ltr'><strong>ed.</strong></span> <span class='ocrx_word' id='word_1_338' title='bbox 521 2741 729 2786; x_wconf 68' lang='lat' dir='ltr'><strong>Duchoene,</strong></span> <span class='ocrx_word' id='word_1_339' title='bbox 755 2741 797 2778; x_wconf 92' lang='lat' dir='ltr'><strong>ii.</strong></span> <span class='ocrx_word' id='word_1_340' title='bbox 823 2746 904 2789; x_wconf 85' lang='lat'><strong>298,</strong></span> <span class='ocrx_word' id='word_1_341' title='bbox 930 2751 1011 2789; x_wconf 88' lang='lat'><strong>345,</strong></span> <span class='ocrx_word' id='word_1_342' title='bbox 1038 2743 1119 2789; x_wconf 85' lang='lat'>348,</span> <span class='ocrx_word' id='word_1_343' title='bbox 1146 2751 1229 2788; x_wconf 90' lang='lat'>377-</span> <span class='ocrx_word' id='word_1_344' title='bbox 1401 2745 1445 2781; x_wconf 86' lang='lat'><strong>16</strong></span> <span class='ocrx_word' id='word_1_345' title='bbox 1469 2746 1586 2781; x_wconf 75' lang='lat' dir='ltr'><strong>Nulla</strong></span> 
     </span>
     <span class='ocr_line' id='line_1_40' title="bbox 99 2788 1585 2837; baseline 0.001 -10"><span class='ocrx_word' id='word_1_346' title='bbox 99 2792 311 2836; x_wconf 69' lang='lat' dir='ltr'><strong>fiaaeete..</strong></span> <span class='ocrx_word' id='word_1_347' title='bbox 335 2789 422 2826; x_wconf 89' lang='lat' dir='ltr'><strong>Luc.</strong></span> <span class='ocrx_word' id='word_1_348' title='bbox 438 2791 569 2825; x_wconf 66' lang='lat' dir='ltr'><strong>Phara.</strong></span> <span class='ocrx_word' id='word_1_349' title='bbox 586 2788 664 2826; x_wconf 85' lang='lat' dir='ltr'><strong>viii.</strong></span> <span class='ocrx_word' id='word_1_350' title='bbox 683 2799 763 2837; x_wconf 90' lang='lat'><strong>535.</strong></span> <span class='ocrx_word' id='word_1_351' title='bbox 927 2801 971 2836; x_wconf 85' lang='lat'><strong>19</strong></span> <span class='ocrx_word' id='word_1_352' title='bbox 994 2791 1159 2826; x_wconf 69' lang='lat' dir='ltr'><strong>Facinus</strong></span> <span class='ocrx_word' id='word_1_353' title='bbox 1173 2792 1270 2828; x_wconf 86' lang='lat' dir='ltr'><strong>etc.:</strong></span> <span class='ocrx_word' id='word_1_354' title='bbox 1296 2803 1328 2828; x_wconf 83' lang='lat' dir='ltr'><strong>v.</strong></span> <span class='ocrx_word' id='word_1_355' title='bbox 1346 2790 1434 2828; x_wconf 88' lang='lat' dir='ltr'><strong>Luc.</strong></span> <span class='ocrx_word' id='word_1_356' title='bbox 1452 2793 1585 2829; x_wconf 71' lang='lat' dir='ltr'><strong>Pham.</strong></span> 
     </span>
     <span class='ocr_line' id='line_1_41' title="bbox 109 2837 1585 2885; baseline 0.002 -11"><span class='ocrx_word' id='word_1_357' title='bbox 109 2850 144 2875; x_wconf 83' lang='lat' dir='ltr'><strong>v.</strong></span> <span class='ocrx_word' id='word_1_358' title='bbox 168 2849 256 2883; x_wconf 87' lang='lat'><strong>290.</strong></span> <span class='ocrx_word' id='word_1_359' title='bbox 439 2847 484 2873; x_wconf 89' lang='lat'><strong>22</strong></span> <span class='ocrx_word' id='word_1_360' title='bbox 507 2837 633 2873; x_wconf 68' lang='lat' dir='ltr'><strong>Nioba</strong></span> <span class='ocrx_word' id='word_1_361' title='bbox 685 2850 756 2874; x_wconf 76' lang='lat' dir='ltr'><strong>ane</strong></span> <span class='ocrx_word' id='word_1_362' title='bbox 769 2839 865 2875; x_wconf 90' lang='lat' dir='ltr'><strong>etc:</strong></span> <span class='ocrx_word' id='word_1_363' title='bbox 889 2837 996 2876; x_wconf 81' lang='lat' dir='ltr'><strong>Haec</strong></span> <span class='ocrx_word' id='word_1_364' title='bbox 1012 2837 1125 2875; x_wconf 86' lang='lat' dir='ltr'><strong>verba</strong></span> <span class='ocrx_word' id='word_1_365' title='bbox 1139 2849 1257 2885; x_wconf 75' lang='lat' dir='ltr'><strong>usque</strong></span> <span class='ocrx_word' id='word_1_366' title='bbox 1273 2839 1323 2876; x_wconf 80' lang='lat' dir='ltr'><strong>ad</strong></span> <span class='ocrx_word' id='word_1_367' title='bbox 1337 2841 1451 2876; x_wconf 77' lang='lat' dir='ltr'><strong>altero</strong></span> <span class='ocrx_word' id='word_1_368' title='bbox 1466 2839 1585 2878; x_wconf 88' lang='lat' dir='ltr'><strong>minio</strong></span> 
     </span>
    </p>
   </div>
   <div class='ocr_carea' id='block_1_11' title="bbox 107 2884 1476 2987">
    <p class='ocr_par' dir='ltr' id='par_1_12' title="bbox 107 2884 1476 2987">
     <span class='ocr_line' id='line_1_42' title="bbox 107 2884 614 2924; baseline -0.002 -1"><span class='ocrx_word' id='word_1_369' title='bbox 107 2885 256 2924; x_wconf 83' lang='lat' dir='ltr'><strong>notavit</strong></span> <span class='ocrx_word' id='word_1_370' title='bbox 270 2884 481 2922; x_wconf 70' lang='lat' dir='ltr'><strong>Pau-karus</strong></span> <span class='ocrx_word' id='word_1_371' title='bbox 470 2897 512 2921; x_wconf 88' lang='grc' dir='ltr'><strong>ιιι</strong></span> <span class='ocrx_word' id='word_1_372' title='bbox 530 2885 614 2922; x_wconf 84' lang='lat' dir='ltr'><strong>cod.</strong></span> 
     </span>
     <span class='ocr_line' id='line_1_43' title="bbox 1406 2952 1476 2987; baseline 0.014 -1"><span class='ocrx_word' id='word_1_373' title='bbox 1406 2952 1476 2987; x_wconf 69' lang='lat'><strong>403</strong></span> 
     </span>
    </p>
   </div>
  </div>
 </body>
</html>
