1846 3262
251 615 492 663 INCIPIT
532 618 718 662 LIBER
758 617 992 673 SEXTVS
1033 612 1428 662 POLICRATICI
1602 613 1682 664 587
1700 611 1731 653 d

715 767 972 812 PROLOGVS.

154 873 332 918 Nom
352 876 422 918 est
440 873 555 917 iuud
575 872 712 917 ethici
733 872 840 930 quia

216 955 432 999 Emilium
461 955 580 1000 circa
609 954 767 998 ludum
798 953 928 998 faber
957 969 1077 999 unus
1106 957 1154 999 et
1182 969 1357 1014 ungues

59 1026 80 1063 5
215 1030 273 1059 ex
305 1015 441 1058 rimet
469 1017 517 1059 et
545 1013 702 1058 molles
731 1013 989 1057 imitabitur
1018 1029 1092 1058 ere
1122 1015 1318 1072 capillos,

286 1074 379 1118 elix
408 1074 556 1132 operis
585 1088 774 1125 summa,
804 1073 912 1131 quia
941 1088 1107 1131 ponere
1136 1077 1286 1117 totum

217 1133 397 1178 nesciet.
459 1133 594 1177 Hunc
624 1147 708 1191 ego
738 1147 810 1176 me
840 1133 878 1176 si
909 1133 1020 1190 quid
1049 1148 1313 1201 componere
1343 1146 1506 1183 curem,

216 1208 309 1237 non
338 1193 484 1251 magis
514 1207 610 1236 esse
639 1192 778 1236 uelim
808 1207 945 1260 quam
974 1207 1085 1236 naso
1114 1193 1270 1236 uiuere
1299 1206 1454 1250 prauo,

217 1252 513 1311 spectandum
541 1252 687 1310 nigris
716 1252 858 1296 oculis
886 1252 1107 1310 nigroque
1137 1252 1310 1310 capillo.

41 1347 86 1373 ιο
101 1333 224 1379 Dum
245 1334 477 1379 Plutarchi
497 1334 694 1393 uestigia
719 1335 769 1377 in
790 1334 974 1378 Traiani
1005 1335 1300 1379 Institutione
1328 1333 1600 1377 familiarius

101 1420 276 1464 sequor,
304 1406 527 1464 meipsum
561 1405 646 1449 hac
678 1405 876 1464 imagine
908 1405 1105 1450 arbitror
1136 1405 1407 1464 compellari,
1436 1418 1600 1462 eroque

101 1476 300 1523 ludibrio
338 1476 553 1527 omnium,
593 1475 682 1519 nisi
712 1475 978 1534 diligentius
1016 1491 1260 1535 persequar
1292 1476 1411 1535 quod
1442 1474 1600 1533 incepi.

102 1548 180 1592 Me
213 1548 334 1592 enim
368 1547 417 1591 in
456 1547 684 1606 praesenti
718 1547 927 1591 clientem
963 1547 1060 1591 eius
1095 1563 1190 1592 esse
1224 1548 1454 1607 professus
1488 1561 1601 1590 sum.

105 1618 282 1677 Sequor
306 1633 416 1677 ergo
441 1633 546 1662 eum
574 1620 620 1662 et
643 1633 672 1661 a
695 1618 843 1676 capite
870 1618 936 1662 rei
961 1619 1167 1677 publicae
1187 1634 1290 1663 cum
1311 1634 1363 1663 eo
1383 1618 1442 1662 ad
1468 1617 1604 1676 pedes

45 1701 89 1742 1⁵
105 1705 249 1748 usque
267 1690 546 1742 descendam,
560 1705 614 1734 ea
633 1692 787 1733 tamen
806 1689 1063 1734 conditione
1078 1694 1132 1734 ut
1156 1691 1195 1735 si
1222 1691 1306 1742 his,
1323 1691 1487 1748 quibus
1503 1689 1605 1732 iura

105 1761 390 1820 permittitur
407 1760 629 1819 ignorare,
649 1759 901 1803 mordacior
926 1760 976 1803 in
1002 1761 1087 1805 hac
1114 1764 1244 1819 parte
1272 1775 1535 1819 apparuero,
1555 1759 1603 1802 id
1618 1750 1699 1803 588
1717 1749 1749 1791 d

107 1846 200 1876 non
218 1831 357 1876 michi
376 1831 455 1875 sed
471 1831 682 1875 Plutarco
696 1830 968 1883 adscribant,
984 1835 1067 1875 aut
1085 1832 1172 1876 sibi
1192 1832 1356 1890 potius,
1372 1831 1451 1890 qui
1472 1845 1615 1890 regu-⁷

105 1900 211 1956 lam,
246 1917 383 1961 quam
421 1902 694 1960 profitentur
728 1904 775 1945 et
810 1915 903 1958 qua
937 1902 1186 1946 uiuendum
1221 1906 1290 1946 est
1325 1903 1401 1956 eis,
1437 1902 1606 1946 discere

109 1972 367 2020 noluerunt.
425 1973 547 2016 Nam
578 1972 699 2031 q'uod
728 1974 785 2018 de
814 1973 1094 2018 nostratibus
1123 1973 1296 2018 dictum
1326 1977 1407 2026 est,
1433 1988 1486 2016 ea
1512 1972 1608 2016 sola

48 2056 96 2087 ao
109 2043 363 2088 intentione
382 2043 525 2088 adieci
544 2047 599 2087 ut
618 2043 677 2087 ad
696 2044 884 2088 uirtutis
896 2044 1020 2087 uiam
1035 2044 1223 2088 redeant
1234 2044 1309 2088 uel
1328 2043 1477 2087 inuiti.
1518 2042 1607 2086 Eos

109 2129 305 2173 namque
316 2114 376 2158 ad
390 2114 567 2173 agenda
578 2114 808 2159 sufficiunt
822 2115 1023 2158 animare
1042 2118 1139 2159 tam
1158 2115 1366 2173 exempla
1385 2114 1607 2158 maiorum

110 2199 248 2243 quam
272 2185 489 2243 principis
515 2185 783 2243 magnitudo
807 2185 980 2238 inuicti,
1000 2185 1128 2229 cuius
1155 2185 1315 2229 titulos
1339 2199 1459 2228 nunc
1487 2183 1609 2242 apud

33 2307 38 2310 ¹
109 2270 183 2300 me
202 2255 252 2298 in
271 2270 414 2299 unum
434 2268 626 2314 congero
646 2259 712 2307 ut,
731 2271 835 2300 cum
855 2256 1047 2300 aliorum
1067 2256 1181 2300 tuba
1201 2259 1249 2300 et
1273 2256 1377 2299 litui
1405 2259 1452 2299 et
1478 2270 1610 2299 omne

111 2340 255 2386 genus
269 2326 543 2370 musicorum
562 2326 719 2370 laudes
731 2326 828 2371 eius
847 2327 1020 2385 pariter
1034 2327 1083 2369 in
1098 2341 1240 2370 unum
1254 2326 1611 2377 conclamabunt,

35 2491 37 2493 ,
115 2462 133 2490 1
153 2451 354 2500 Incipiunt
370 2463 416 2489 ca
444 2451 545 2489 itula
561 2450 670 2488 Libri
684 2450 739 2487 VI
756 2456 888 2498 etpost
903 2453 1070 2498 capitula
1088 2450 1317 2498 Expliciunt
1334 2450 1508 2497 capitula
1520 2450 1609 2488 CB:

114 2499 262 2548 Incipit
283 2500 399 2538 Liber
459 2499 516 2535 1¹²⁸
537 2499 724 2547 Prologus
741 2500 795 2536 C:
823 2499 970 2546 Incipit
988 2499 1171 2546 prologus
1188 2499 1293 2535 Libri
1310 2500 1364 2535 VI
1382 2499 1440 2536 Β·
1466 2499 1612 2546 Incipit

78 2563 84 2567 ·
113 2513 227 2586 Liber
243 2548 444 2586 SextusA:
470 2547 670 2603 Incipiunt
653 2512 868 2602 Capitula
886 2547 976 2583 libri
989 2548 1043 2583 VI
1060 2553 1191 2594 etpost
1204 2549 1370 2594 capitula
1383 2547 1468 2595 Exp
1470 2548 1612 2585 liciunt

112 2596 195 2644 Gap
194 2597 295 2634 itula
310 2595 401 2634 libri
414 2596 523 2633 sexti.
572 2595 721 2642 Incipit
733 2595 843 2643 prolo
927 2595 1018 2632 libri
1028 2595 1129 2633 sexti
1141 2596 1203 2633 M:
1222 2596 1425 2643 Incipiunt
1437 2596 1612 2644 capitula.

113 2609 195 2682 VIP
185 2644 277 2682 libri
293 2651 327 2681 et
337 2650 423 2692 post
438 2645 605 2692 capitula
622 2643 769 2690 Incipit
785 2655 855 2691 pro
874 2655 968 2692 ogus
984 2644 1076 2680 libri
1095 2644 1146 2680 Vl
1165 2643 1190 2680 S
1297 2655 1319 2692 3
1345 2644 1436 2681 etici
1453 2644 1478 2680 S
1587 2655 1611 2690 4

114 2705 245 2740 ungue
261 2693 296 2729 A
442 2703 482 2730 11
509 2691 751 2740 ymagineM
891 2694 935 2730 16
958 2704 1149 2740 aparuero
1166 2692 1192 2728 S
1332 2703 1376 2739 17
1402 2693 1610 2741 plutarcho

114 2741 443 2788 BM2p1utharco
460 2740 486 2777 S

164 2872 189 2908 4
212 2862 398 2898 Emilium
413 2863 508 2898 etc.-
533 2860 629 2898 Hor.
644 2861 693 2897 A.
710 2861 752 2898 Ρ.
770 2869 901 2907 32-37.
1006 2871 1057 2916 ‚²²
1076 2849 1286 2909 principis.
1311 2873 1362 2900 sc.
1382 2859 1543 2899 Henrici
1558 2859 1611 2897 11.

117 2920 176 2958 23,
194 2920 242 2955 24
266 2911 811 2957 etomnaeqenusmusn‘oorum:
835 2921 869 2946 v.
888 2909 985 2946 Dan.
1003 2908 1061 2946 iii.
1079 2919 1114 2955 7.

90 2983 291 3055 ”mnu
850 2977 878 3004 B
1479 2979 1499 3006 1
