1846 3262
167 897 196 937 d

555 209 820 255 IOANNIS
860 208 1382 255 SARESBERIENSIS
1504 208 1618 271 [ΜΒ.
1633 219 1706 255 vtt

211 333 259 376 in
281 335 411 377 tanta
430 332 653 376 uarietate
673 331 927 386 uerborum,
941 332 987 374 et
1006 330 1190 374 tandem
1214 331 1441 375 uincietur
1464 346 1598 376 sensu
1623 345 1706 375 suo

211 406 258 447 et
287 403 492 461 capietur
520 402 568 444 in
599 401 737 444 uerbo
767 401 858 444 oris
889 400 972 452 sui,
1005 400 1043 444 si
1074 400 1376 444 substantiam
1406 416 1560 445 eorum
1592 416 1707 459 quae

213 473 427 518 dicuntur
471 472 678 530 attigeris
723 470 1002 528 firmiterque
1043 471 1254 516 tenueris.
1335 471 1402 515 Ea
1446 475 1611 524 tamen,
1651 472 1708 516 de

214 544 377 601 quibus
397 542 592 585 maxime
613 542 904 599 disceptatur,
925 540 1160 584 inutiliora
1190 543 1236 585 et
1265 542 1367 585 aliis
1396 542 1559 586 uiliora
1588 545 1708 593 sunt,

213 629 315 657 cum
335 613 580 670 patuerint.
642 611 692 655 Si
717 611 1012 669 progrederis,
1034 612 1072 655 si
1103 612 1244 670 pudet
1274 615 1320 656 et
1346 612 1472 671 piget
1498 612 1547 655 in
1573 612 1708 671 nugis

212 683 385 727 diutius
415 682 634 740 occupari,
660 682 718 725 ad
748 682 1019 726 diuerticula
1048 683 1305 740 propositae
1335 682 1610 740 quaestionis
1640 697 1708 726 re-

212 753 382 797 labitur
402 756 448 796 et
469 753 596 810 quasi
625 752 684 796 ad
714 752 865 796 sinum
896 753 1056 796 matris
1083 768 1316 797 recurrens
1342 768 1466 797 more
1485 752 1623 797 Antei
1651 753 1711 796 ab

213 839 277 875 eo,
298 823 346 866 in
367 838 456 881 quo
476 823 658 882 genitus
679 825 725 866 et
754 822 957 866 nutritus
979 826 1058 874 est,
1078 823 1199 867 uires
1230 838 1438 881 reparare
1465 824 1710 869 contendit.

214 894 289 938 Sic
309 894 480 945 circuit,
500 897 571 937 tot
590 892 702 937 facit
722 892 970 937 amfractus
994 896 1048 939 ut
1073 893 1133 937 ad
1159 893 1331 938 usitata
1360 898 1574 947 recurrat,
1593 910 1646 941 ac
1669 895 1710 939 si

212 965 486 1008 laberintum
507 966 713 1022 oporteat
732 963 924 1008 circuiri.

864 1061 1083 1120 Serpente
1113 1063 1284 1107 ciconia
1313 1063 1461 1121 pullos

271 1122 420 1166 nutrit
450 1124 496 1165 et
526 1121 715 1165 inuenta
745 1135 827 1180 per
857 1121 990 1165 deuia
1021 1137 1129 1165 rura
1160 1122 1355 1175 lacerta3

273 1181 340 1224 illi
371 1181 526 1224 eadem
557 1181 750 1238 sumptis
781 1183 1006 1238 quaerunt
1035 1181 1249 1224 animalia
1278 1181 1452 1239 pennis.

275 1240 455 1291 Vultur,
485 1240 687 1283 iumento
718 1243 764 1283 et
793 1239 979 1283 canibus
1009 1240 1303 1297 crucibusque
1333 1241 1514 1295 relictis,

275 1299 334 1342 ad
365 1299 487 1342 fetus
517 1301 729 1356 properat
758 1301 1022 1366 partemque
1052 1299 1284 1343 cadaueris
1313 1299 1488 1353 adfert,

273 1358 347 1401 hic
377 1361 446 1401 est
477 1373 582 1415 ergo
613 1357 739 1401 cibus
770 1357 924 1425 magni
954 1372 1130 1415 quoque
1161 1358 1359 1402 uulturis
1389 1362 1435 1404 et
1464 1374 1513 1403 se

273 1416 508 1474 pascentis,
538 1416 720 1474 propria
748 1431 850 1460 cum
881 1416 971 1459 iam
1002 1416 1114 1460 facit
1142 1417 1301 1460 arbore
1331 1417 1472 1461 nidos.

276 1475 366 1519 Sed
397 1475 591 1533 leporem
624 1478 704 1518 aut
734 1490 940 1532 capream
970 1474 1168 1519 famulae
1198 1476 1322 1519 Iouis
1353 1479 1399 1520 et
1427 1491 1668 1535 generosae

276 1535 325 1576 in
355 1534 475 1578 saltu
505 1537 731 1577 uenantur
760 1549 878 1586 aues,
908 1537 1017 1578 tunc
1047 1535 1215 1592 praeda
1243 1535 1380 1578 cubili

277 1593 484 1651 ponitur:
514 1593 619 1636 inde
640 1596 805 1646 autem,
834 1608 936 1637 cum
967 1608 1014 1637 se
1043 1596 1224 1637 matura
1253 1594 1425 1638 leuabit

277 1652 523 1710 progenies,
554 1652 817 1695 stimulante
848 1652 969 1695 fame
999 1652 1188 1696 festinat
1218 1653 1276 1696 ad
1305 1653 1431 1696 illam

277 1726 413 1769 quam
443 1711 635 1770 primam
665 1715 800 1769 rupto
829 1711 1043 1770 praedam
1072 1715 1339 1770 gustauerat
1367 1727 1468 1757 ouo.

70 1820 152 1867 655
172 1827 202 1857 a
220 1809 270 1854 Si
291 1824 397 1868 ergo
418 1824 492 1853 eos
511 1824 539 1853 a
558 1809 710 1853 uerbis
730 1809 823 1853 suis
843 1810 1141 1868 suspenderis,
1162 1810 1257 1854 fere
1281 1810 1330 1853 in
1350 1811 1474 1854 omni
1494 1810 1713 1856 facultate

218 1880 397 1938 inopiae
427 1894 581 1924 eorum
611 1879 779 1938 poteris
809 1879 1023 1924 misereri.
1085 1880 1205 1925 Sunt
1229 1881 1349 1924 enim
1378 1882 1455 1939 qui
1482 1885 1713 1940 praestare

1737 628 1761 664 5

1729 977 1772 1003 10

1730 1320 1770 1356 15

1729 1616 1773 1641 20

217 1951 460 1995 uideantur
479 1951 527 1993 in
552 1950 766 2008 singulis;
797 1953 906 1993 sunt
933 1950 1011 2008 qui
1041 1954 1193 2008 partes
1219 1951 1527 2010 philosophiae
1553 1953 1710 1996 uendi·
1730 1970 1774 2006 ²5

217 2024 322 2068 cent
344 2021 590 2072 uniuersas,
618 2035 700 2064 nec
730 2020 880 2064 minus
910 2023 1063 2064 tamen
1091 2024 1199 2065 sunt
1225 2021 1274 2064 in
1301 2022 1492 2081 singulis
1517 2023 1711 2081 philoso-

218 2091 352 2149 phiae
396 2091 524 2148 copia
569 2090 791 2134 destituti.
854 2090 975 2135 Sunt
1022 2091 1100 2149 qui
1151 2091 1209 2135 ab
1256 2106 1348 2136 una
1392 2092 1715 2150 perfectionem

219 2164 424 2220 sperent3
466 2164 575 2205 sunt
606 2161 684 2219 qui
710 2161 933 2205 uniuersis
963 2161 1218 2220 inuigilent,
1242 2162 1397 2220 inopes
1421 2163 1714 2222 singularum.

220 2231 327 2274 Non
347 2231 479 2275 facile
499 2233 653 2274 tamen
673 2231 866 2275 dixerim
887 2246 998 2289 quos
1018 2232 1163 2290 magis
1183 2232 1360 2276 credam
1381 2247 1475 2276 esse
1495 2248 1715 2288 erroneos,

219 2315 322 2346 cum
352 2316 434 2345 nec
463 2301 522 2344 ab
550 2316 643 2344 una
672 2300 890 2359 perfectio
920 2304 1096 2345 constet
1126 2304 1173 2345 et
1201 2316 1334 2345 nemo
1361 2302 1556 2347 fideliter
1578 2307 1716 2362 queat
1733 2319 1777 2354 30

221 2371 428 2415 omnibus
442 2371 675 2415 inseruire.
737 2370 827 2425 Qui
847 2374 1001 2415 tamen
1021 2371 1079 2415 ab
1099 2385 1192 2414 una
1206 2371 1324 2429 petit
1339 2386 1504 2424 omnes,
1520 2373 1717 2433 ineptior

224 2527 248 2565 9
272 2516 467 2554 anfractus
482 2516 517 2552 A
703 2525 748 2554 12
772 2513 919 2554 lacerto
937 2515 966 2553 C
1155 2525 1199 2562 14
1225 2515 1355 2554 Wltur
1370 2515 1445 2554 AM
1595 2527 1653 2567 25,
1669 2520 1716 2560 26

223 2564 436 2602 uendicent
453 2576 521 2601 om.
539 2563 574 2599 A

273 2704 293 2740 7
319 2696 452 2731 Antei.
478 2694 663 2731 Fabulam
679 2693 821 2732 Antaei
838 2696 972 2732 narrat
989 2694 1164 2732 Lucanus
1174 2696 1307 2732 Phara.
1323 2694 1373 2732 iv.
1387 2704 1453 2742 593
1466 2707 1570 2743 seqq.
1671 2708 1716 2735 10

223 2744 467 2779 laberintum:
492 2742 518 2780 i.
532 2755 564 2780 e.
583 2744 859 2788 labyrinthum·
883 2755 917 2779 v.
936 2743 1050 2789 Verg.
1069 2745 1161 2779 Aen.
1178 2755 1211 2779 v.
1232 2744 1300 2789 588
1311 2755 1375 2790 seq
1350 2756 1427 2790 qq
1449 2743 1515 2782 Ov.
1531 2746 1621 2782 Met.
1634 2745 1714 2786 viii.

227 2800 294 2838 159
307 2803 433 2838 seqq,
461 2791 511 2828 cf.
541 2790 710 2828 Macrob.
741 2792 820 2828 Sat.
845 2789 910 2827 vii.
944 2799 962 2837 5
994 2790 1012 2838 ς’
1046 2801 1068 2828 2
1095 2792 1267 2839 loquendi
1290 2792 1520 2838 labyrinthis.
1670 2803 1713 2833 11

224 2841 396 2885 serpente
411 2841 507 2876 eta:
535 2838 612 2875 Iuv.
631 2840 707 2875 Sat.
730 2838 806 2877 xiv.
834 2839 962 2887 74-85.
1158 2849 1206 2886 30
1229 2850 1332 2877 nemo
1346 2841 1517 2886 fideliter
1539 2842 1638 2878 eta·
1663 2841 1715 2880 ef.

225 2886 340 2925 Matt.
356 2886 404 2923 vi.
425 2897 492 2933 24;
517 2886 606 2924 Luc.
623 2886 697 2924 xvi.
718 2896 772 2935 13.

350 2967 415 3003 124
