1846 3262
56 243 141 293 685
159 251 189 283 a
519 241 781 286 IOANNIS
822 241 1338 287 SARESBERIENSIS
1484 241 1595 302 [mn.
1609 253 1679 285 vn

207 364 405 407 nondum
421 363 598 407 solliciti
615 366 732 407 sunt.
772 363 988 406 Vmbram
1008 363 1247 407 dumtaxat
1266 363 1451 407 uirtutis
1471 364 1683 408 affectant

208 449 342 491 quam
363 449 535 491 semper
554 433 716 476 uirtuti
744 433 1066 491 praetulerunt.
1123 433 1290 491 Vtique
1316 434 1454 477 nichil
1478 434 1683 477 miserius

161 513 191 552 b
209 507 278 548 est
297 520 431 562 quam
451 505 497 546 in
519 504 664 547 alieno
684 503 859 562 fulgore
879 504 1085 562 gloriari;
1117 506 1163 547 et
1188 506 1364 547 constat
1394 519 1487 547 esse
1506 504 1684 562 inopem

208 574 452 618 debitorem
489 573 565 630 qui
598 573 863 617 solutionem
897 574 1118 618 celebrare
1152 589 1242 617 non
1274 577 1423 631 potest
1456 574 1543 617 nisi
1577 574 1685 617 noui

205 645 354 702 gratia
368 643 609 687 creditoris.
650 643 971 688 Verumtamen
986 644 1049 688 sic
1063 647 1240 702 tempus
1254 644 1471 688 redimere
1485 644 1687 702 gestiunt
1705 655 1724 690 5

206 718 258 757 ut
282 715 366 758 tibi
397 713 603 757 satiricus
632 717 751 758 recte
780 714 869 758 illis
898 715 1109 758 uideatur
1137 729 1364 759 occurrere
1392 729 1494 758 cum
1523 714 1686 772 impro-

207 785 330 843 perio
359 785 587 842 ingerens:

266 871 453 915 Hudum
474 874 519 915 et
538 872 670 915 molle
691 871 837 915 lutum
860 887 916 924 es,
937 872 1028 916 iam
1048 887 1167 917 nunc
1187 871 1492 931 properandus
1511 874 1558 916 et
1577 872 1668 916 acri

265 931 501 989 fingendus
531 931 626 975 sine
655 931 744 974 fine
774 935 884 975 rota.

703 990 803 1033 Tibi
833 990 1017 1042 luditur,
1047 991 1190 1035 effluis
1218 1005 1383 1044 amens,
1710 1014 1752 1038 ιο

266 1052 601 1107 contempnere3
631 1052 761 1094 sonat
779 1050 944 1093 uitium
964 1065 1183 1107 percussa,
1202 1050 1397 1108 maligne

268 1109 506 1166 respondet
535 1108 672 1152 uiridi
703 1123 793 1152 non
823 1112 948 1153 cocta
976 1109 1127 1153 fidelia
1155 1109 1274 1154 limo.

211 1196 309 1240 Hoc
353 1196 472 1239 enim
511 1211 602 1240 non
647 1196 779 1239 modo
819 1196 1034 1240 aduersus
1077 1196 1300 1254 praelatos
1346 1196 1565 1241 Ecclesiae
1614 1195 1692 1240 sed

209 1281 362 1310 omnes
402 1266 478 1324 qui
518 1269 623 1310 ante
663 1266 848 1310 docendi
889 1266 1081 1311 officium
1123 1269 1517 1324 praesumpserunt
1557 1281 1692 1324 quam

210 1337 417 1394 discipuli
458 1336 649 1380 formam
692 1336 980 1394 impleuerint
1028 1337 1085 1380 ad
1131 1337 1362 1394 pigritiam
1408 1337 1690 1380 excitandam
1712 1357 1752 1391 15

212 1407 340 1464 quasi
367 1407 599 1450 stimulum
629 1406 813 1450 libertas
842 1407 1048 1450 ueritatis
1078 1407 1239 1452 educit.
1298 1407 1426 1451 Vnde
1449 1422 1554 1465 ergo
1574 1421 1693 1451 noua

171 1494 196 1524 c
214 1479 259 1520 et
302 1480 457 1520 uetera
495 1477 726 1534 proferent
765 1477 843 1535 qui
883 1492 1058 1535 semper
1096 1492 1236 1535 aeque
1282 1493 1401 1521 noua
1447 1481 1493 1521 et
1539 1481 1694 1521 uetera

213 1548 603 1605 contempserunt?
677 1547 772 1591 Nec
804 1550 873 1591 est
907 1548 1026 1605 quod
1061 1563 1185 1592 error
1215 1548 1575 1593 concurrentium
1610 1548 1694 1591 sub

213 1620 452 1675 praetextu
487 1617 792 1662 multitudinis
830 1622 1078 1670 excusetur,
1112 1619 1217 1676 quia
1256 1618 1441 1662 uiuendi
1481 1617 1627 1662 forma
1665 1632 1694 1661 a

212 1688 549 1745 conuiuentium
570 1688 864 1731 similitudine
887 1703 1169 1746 nequaquam
1189 1689 1399 1740 trahitur,
1414 1688 1492 1732 sed
1512 1703 1540 1732 a
1554 1688 1692 1732 uerbo
1713 1711 1757 1736 ιο

215 1757 310 1809 Dei,
342 1759 391 1801 in
425 1758 551 1802 cuius
580 1758 657 1802 uia
688 1758 808 1802 beati
842 1759 1075 1803 ambulant
1110 1761 1156 1803 et
1185 1763 1306 1803 recto
1333 1758 1444 1803 calle
1474 1759 1532 1802 ad
1561 1773 1694 1802 uerae

213 1828 444 1872 felicitatis
482 1829 677 1886 patriam
711 1832 917 1887 pergunt.
977 1829 1135 1887 Neque
1174 1830 1294 1873 enim
1326 1829 1446 1887 quod
1480 1845 1508 1873 a
1539 1829 1696 1873 multis

212 1901 420 1956 peccatur
439 1902 669 1957 peccatum
696 1914 787 1943 non
807 1902 898 1953 est3
928 1899 1006 1943 sed
1033 1899 1134 1943 ideo
1153 1900 1338 1958 grauius
1359 1899 1467 1957 quia
1489 1899 1695 1943 multum.

212 1969 307 2013 Nec
327 1969 627 2027 delinquentis
647 1970 824 2027 culpam
845 1969 964 2014 socia
992 1970 1158 2014 minuit
1188 1970 1434 2014 multitudo
1460 1969 1538 2014 sed
1567 1984 1694 2028 prae-

213 2042 388 2098 gmuat,
427 2054 479 2084 eo
518 2040 637 2097 quod
675 2040 850 2084 uiribus
888 2040 982 2084 suis
1020 2055 1077 2084 ne
1115 2041 1367 2098 corrigatur
1400 2039 1563 2084 obstat.
1623 2039 1694 2084 Ne
1715 2065 1755 2099 ²5

215 2112 368 2154 tamen
407 2110 622 2154 aduersus
661 2110 882 2155 iustitiam
933 2110 1018 2155 Dei
1066 2111 1404 2155 ambitiosorum
1453 2110 1697 2155 multitudo

215 2181 485 2239 praeualeat,
514 2196 604 2224 non
633 2181 765 2225 modo
796 2181 953 2224 diuina
986 2181 1064 2225 sed
1094 2181 1292 2225 humana
1323 2181 1424 2224 iura
1452 2183 1698 2225 armantur.

217 2251 312 2295 Lex
352 2253 398 2295 et
436 2251 692 2310 prophetae,
722 2251 1019 2309 Euangelium
1050 2254 1096 2295 et
1124 2266 1278 2295 omnes
1307 2251 1487 2309 regulae
1518 2253 1701 2309 patrum

218 2322 396 2365 illorum
436 2321 719 2366 detestantur
758 2322 1001 2366 audaciam.
1062 2322 1392 2365 Nichilominus
1431 2324 1584 2365 tamen
1623 2321 1699 2365 ad·

173 2397 202 2438 d
219 2407 375 2435 uersus
407 2391 651 2435 Dominum
683 2391 930 2450 eriguntur.
991 2391 1223 2443 Erubesce,
1253 2391 1422 2450 Sydon,
1451 2391 1518 2435 ait
1551 2405 1674 2435 mare
1690 2404 1700 2445 ;
1719 2415 1763 2450 30

224 2547 237 2572 1
268 2535 424 2573 uirtutis
438 2535 529 2572 dum
546 2537 656 2572 taxat
668 2534 702 2570 A
811 2545 829 2583 5
856 2535 1160 2584 Verumptamen
1176 2535 1211 2571 A
1316 2538 1338 2574 8
1362 2536 1488 2573 Vdum
1505 2535 1546 2572 M
1617 2547 1702 2584 agn

218 2583 357 2620 CBAS¹
527 2594 570 2630 13
588 2589 674 2631 post
691 2583 774 2621 Hoc
789 2586 875 2620 add.
893 2585 1003 2621 modo
1021 2584 1098 2621 ClA
1266 2594 1310 2630 23
1337 2584 1515 2632 multum]
1532 2583 1702 2621 inultum

220 2631 388 2669 BA²SM²
530 2633 576 2668 28
601 2631 873 2680 euuangelium
890 2632 998 2669 ΒΑΜ
1141 2642 1189 2678 30
1213 2631 1330 2670 Sidon
1345 2633 1405 2670 AS

270 2767 291 2803 8
316 2767 470 2802 Hudum
487 2767 581 2803 etc.:
605 2765 706 2804 Pers.
724 2767 799 2803 Sat.
818 2764 873 2802 111.
892 2776 952 2813 23,
970 2776 1029 2811 24.
1171 2767 1270 2802 iam:
1294 2778 1394 2803 nunc
1410 2765 1512 2803 Pers.
1660 2775 1704 2802 10

226 2815 307 2850 Tibi
328 2816 421 2850 etc.:
449 2814 550 2851 Pers.
566 2816 642 2851 Sat.
659 2813 718 2850 iii.
736 2825 792 2857 20,
812 2824 868 2852 22.
1040 2814 1094 2858 16,
1117 2822 1158 2859 17
1184 2825 1283 2850 noua
1304 2820 1338 2850 et
1356 2819 1481 2850 uetera
1493 2814 1701 2861 proferent:

221 2874 256 2898 v.
274 2862 386 2898 Matt.
403 2861 486 2898 xiii.
507 2871 564 2909 52.
736 2871 780 2899 21
808 2864 850 2897 in
873 2863 979 2898 cuius
1002 2862 1097 2898 etc.:
1123 2873 1157 2900 v.
1175 2861 1233 2898 ΡΒ.
1252 2861 1390 2900 cxxvii.
1411 2873 1442 2909 1,
1460 2861 1532 2900 Iso..
1550 2861 1650 2898 xxvi.
1668 2871 1701 2907 7.

225 2920 272 2956 30
296 2911 483 2957 Erubesce,
500 2912 634 2958 Sydon,
651 2911 707 2947 ait
721 2921 840 2947 mare:
867 2909 938 2947 Isa.
955 2908 1061 2946 xxiii.
1078 2919 1112 2955 4.

338 2982 401 3017 180
