1846 3262
108 227 179 269 751
196 226 227 262 a
572 212 834 259 IOANNIS
874 211 1389 257 SARESBERIENSIS
1489 210 1601 272 [Lm.
1617 223 1712 256 v111

242 339 424 395 propter
472 335 845 393 dispensationem
893 333 1050 377 domus
1098 335 1144 376 et
1191 332 1420 391 languoris
1459 333 1619 377 solatia
1663 337 1710 379 et

241 407 397 465 fugam
417 405 671 450 solitudinis
691 405 916 447 ducuntur
935 418 1108 455 uxores,
1128 403 1271 446 multo
1295 403 1453 447 melius
1479 404 1708 462 dispensat

241 492 396 522 seruus
423 477 577 527 fidelis,
597 475 806 519 obediens
830 473 1088 518 auctoritati
1117 473 1285 517 domini
1313 476 1359 517 et
1387 473 1708 531 dispensationi

242 548 336 592 eius
375 548 694 604 obtemperans,
735 559 869 602 quam
907 558 1034 595 uxor,
1077 558 1190 601 quae
1238 544 1287 587 in
1335 558 1387 588 eo
1435 559 1483 588 se
1531 546 1711 590 estimat

240 617 466 660 dominam
495 616 533 659 si
562 616 776 659 aduersus
802 614 890 658 uiri
920 613 1077 658 fecerit
1106 606 1397 666 uoluntatem,
1416 614 1463 658 id
1492 617 1562 658 est
1591 615 1748 672 quod⁵

238 687 396 745 placet,
414 702 505 730 non
524 686 644 744 quod
663 685 853 728 iubetur.
913 684 1119 728 Assidere
1140 687 1290 728 autem
1317 684 1540 742 egrotanti
1566 686 1710 744 magis

238 760 426 815 possunt
444 756 575 800 amici
595 759 640 800 et
659 755 872 799 uernulae
891 754 1115 798 beneficiis
1135 754 1321 812 obligati
1343 770 1477 812 quam
1496 755 1576 799 illa
1595 771 1709 814 quae

238 824 366 867 nobis
406 824 599 881 imputet
636 823 841 867 lacrimas
879 837 983 865 suas
1029 824 1075 865 et
1123 822 1387 866 hereditatis
1425 837 1502 880 spe
1541 824 1710 869 uendat

237 894 440 938 illuuiem
489 897 535 937 et
584 892 926 937 sollicitudinem
976 892 1147 935 iactans
1201 892 1456 950 languentis
1509 894 1709 939 animum

193 964 222 1004 b
239 963 546 1021 desperatione
573 962 820 1007 conturbet.
882 961 1013 1015 Quod
1038 961 1076 1005 si
1103 962 1341 1020 languerit,
1362 956 1708 1021 coegrotandum
1729 974 1771 1000 10

238 1036 307 1077 est
327 1036 372 1077 et
398 1047 642 1090 numquam
662 1032 720 1075 ab
740 1032 835 1075 eius
854 1031 1016 1075 lectulo
1035 1032 1341 1077 recedendum.
1399 1032 1508 1086 Aut,
1529 1033 1569 1078 si
1591 1033 1710 1080 bona

237 1103 377 1146 fuerit
416 1105 462 1146 et
501 1101 652 1145 suauis
692 1115 818 1153 uxor,
857 1115 972 1158 quae
1017 1103 1169 1161 tamen
1209 1116 1311 1144 rara
1351 1102 1449 1145 auis
1487 1104 1566 1153 est,
1606 1117 1708 1147 cum

235 1173 513 1231 parturiente
533 1172 762 1230 gemimus,
782 1185 883 1215 cum
903 1171 1187 1228 periclitante
1204 1174 1475 1229 torquemur.
1515 1172 1704 1231 Sapiens

236 1245 386 1285 autem
416 1256 660 1299 numquam
690 1241 809 1284 solus
838 1255 932 1284 esse
970 1243 1128 1298 potest.
1189 1241 1341 1284 Habet
1374 1256 1522 1286 secum
1552 1257 1705 1289 omnes

237 1311 315 1368 qui
335 1314 441 1355 sunt
461 1312 625 1368 quique
644 1325 857 1367 umquam
877 1310 1063 1353 fuerunt
1092 1310 1210 1362 boni,
1230 1314 1276 1353 et
1296 1311 1496 1355 animum
1515 1311 1704 1357 liberum
1726 1321 1768 1362 15

236 1395 512 1438 quocumque
560 1381 662 1424 uult
708 1379 937 1424 transfert.
1019 1380 1149 1433 Quod
1197 1395 1377 1438 corpore
1416 1396 1507 1424 non
1545 1385 1705 1439 potest,

235 1451 504 1508 cogitatione
542 1450 872 1507 complectitur3
912 1452 968 1501 et,
1008 1449 1046 1493 si
1086 1450 1319 1494 hominum
1359 1450 1512 1508 inopia
1550 1450 1702 1504 fuerit,

234 1518 442 1576 loquetur
461 1535 562 1563 cum
582 1520 687 1564 Deo.
747 1520 1005 1577 Numquam
1024 1519 1172 1562 minus
1192 1519 1312 1563 solus
1332 1519 1419 1563 erit
1445 1534 1579 1577 quam
1602 1535 1705 1565 cum

234 1589 354 1632 solus
374 1589 524 1634 fuerit.
584 1590 720 1633 Porro
739 1590 979 1633 liberorum
999 1603 1133 1633 causa
1153 1604 1339 1634 uxorem
1360 1589 1532 1642 ducere,
1550 1593 1604 1634 ut
1629 1591 1703 1635 uel

232 1673 394 1703 nomen
443 1663 646 1705 nostrum
691 1674 782 1703 non
830 1660 1023 1703 intereat
1071 1659 1144 1703 uel
1193 1659 1435 1703 habeamus
1482 1660 1704 1717 praesidia
1722 1675 1767 1702 πο

230 1730 471 1772 senectutis
500 1733 546 1773 et
574 1730 707 1773 certis
741 1732 924 1773 utamur
957 1729 1205 1781 heredibus,
1240 1729 1578 1773 stolidissimum
1617 1734 1700 1776 est.

232 1798 352 1852 Quid
379 1799 497 1842 enim
517 1799 575 1842 ad
600 1814 681 1842 nos
707 1799 903 1857 pertinet
929 1798 1181 1843 recedentes
1209 1813 1233 1842 e
1259 1798 1426 1842 mundo
1455 1799 1493 1842 si
1522 1800 1703 1845 nomine

231 1871 384 1912 nostro
413 1869 528 1914 alius
557 1884 648 1912 non
678 1872 874 1920 uocetur,
893 1882 995 1912 cum
1025 1871 1072 1912 et
1102 1868 1222 1911 filius
1253 1883 1343 1911 non
1375 1868 1530 1912 statim
1559 1870 1704 1927 patris

191 1942 218 1974 0
232 1939 498 1982 uocabulum
537 1938 704 1982 referat
743 1942 789 1982 et
820 1938 1164 1982 innumerabiles
1193 1938 1285 1982 sint
1314 1938 1391 1996 qui
1421 1938 1703 1996 appellentur

232 2009 385 2053 eodem
404 2010 612 2055 nomine?
672 2009 767 2052 Aut
794 2023 907 2066 quae
927 2008 1167 2052 senectutis
1186 2008 1356 2052 auxilia
1381 2009 1554 2053 nutrire
1580 2009 1702 2054 domi
1720 2022 1763 2062 ²5

232 2079 310 2136 qui
330 2082 410 2123 aut
435 2079 558 2137 prior
577 2082 623 2122 te
644 2078 762 2124 forte
781 2079 1000 2122 moriatur
1026 2080 1108 2122 aut
1134 2078 1478 2136 peruersissimis
1504 2079 1704 2125 moribus

231 2149 292 2192 sit
321 2151 402 2192 aut
433 2152 563 2201 certe,
599 2164 700 2193 cum
740 2148 798 2192 ad
829 2151 1053 2191 maturam
1084 2151 1249 2192 etatem
1281 2148 1468 2201 uenerit,
1502 2149 1630 2193 tarde
1662 2150 1704 2197 ei

231 2218 425 2262 uidearis
444 2219 586 2263 mori'l
646 2218 844 2262 Heredes
870 2221 1022 2262 autem
1049 2218 1252 2262 meliores
1283 2221 1328 2262 et
1357 2218 1565 2263 certiores
1594 2222 1703 2264 sunt

230 2289 361 2332 amici
397 2292 443 2332 et
475 2289 728 2346 propinqui,
757 2303 867 2346 quos
898 2288 1062 2332 iudicio
1095 2288 1244 2346 eligas,
1277 2302 1411 2345 quam
1447 2303 1557 2346 quos
1587 2289 1702 2333 uelis

230 2358 345 2402 nolis
394 2359 557 2404 habere
606 2358 790 2416 cogaris.
867 2358 992 2402 Licet
1040 2361 1163 2402 certa
1209 2357 1433 2401 hereditas
1482 2357 1554 2410 sit,
1592 2358 1702 2403 dum
1719 2375 1762 2410 30

229 2428 419 2480 aduiuis,
440 2429 551 2472 bene
577 2429 647 2471 uti
675 2427 928 2472 substantia
953 2429 1035 2482 tua
1055 2442 1196 2485 ,quam
1222 2429 1302 2471 tuo
1328 2427 1479 2470 labore
1498 2428 1701 2485 quaesita

229 2497 278 2540 in
316 2498 508 2542 incertos
536 2502 655 2542 ’usus
694 2498 955 2555 relinquere.
1007 2497 1138 2559 ¹Haec
1178 2500 1224 2541 et
1262 2497 1517 2541 huiusmodi
1555 2497 1699 2542 Theo-

228 2567 439 2624 phrastus
498 2582 612 2624 quae
671 2568 744 2612 uel
792 2559 914 2612 solam
927 2559 1326 2613 ”matrimoniorum
1375 2567 1608 2626 angustias
1654 2571 1702 2617 et

229 2644 696 2711 md.
714 2675 802 2702 suae
820 2664 861 2700 M
1026 2674 1073 2710 24
1096 2663 1312 2712 apellentur
1329 2662 1418 2703 GBS
1575 2675 1698 2713 3233

228 2711 463 2748 theofrantus
481 2712 645 2748 CBASM
1691 2713 1698 2717 ”

279 2794 322 2828 18
346 2795 555 2840 Numquam
578 2795 672 2830 ete:
706 2793 753 2830 cf.
781 2792 857 2830 Cic.
882 2795 926 2830 de
952 2793 1022 2841 Off.
1047 2792 1104 2830 iii.
1131 2803 1147 2830 1
1177 2792 1195 2840 ξ
1226 2803 1256 2839 1,
1282 2795 1325 2830 de
1348 2794 1483 2840 Repub.
1505 2792 1533 2831 i.
1561 2801 1615 2839 17.
1640 2802 1697 2838 27.

228 2847 271 2884 25
299 2842 462 2877 auxilia:
487 2846 575 2877 sunt
599 2841 686 2877 add.
713 2841 870 2879 Hieron.
919 2843 1083 2877 nutrire:
1109 2843 1269 2877 enutrire
1294 2841 1449 2878 Hieron.
1649 2851 1698 2887 30

228 2891 344 2923 certa:
369 2890 502 2925 certior
515 2888 673 2926 Hieron.
816 2899 859 2936 31
886 2891 963 2926 uti:
988 2890 1092 2926 abuti
1116 2888 1273 2926 Hieron.

341 2944 405 2986 ²98
