1846 3262
79 233 162 275 592
180 234 213 264 a
554 216 818 263 IOANNIS
848 209 1365 260 SARESBERIENSIS
1528 205 1641 267 [ΜΒ.
1654 214 1709 249 VI·

229 346 275 387 et
302 357 392 387 non
416 340 573 399 implet
598 339 676 384 sed
700 339 888 382 euacuat
906 336 1061 394 legem,
1080 334 1185 378 licet
1210 332 1416 377 nonnulli
1443 344 1550 375 seua
1579 341 1704 387 prae-

229 413 436 472 rogatiua
446 412 684 455 uerborum
697 409 910 452 aduersus
922 409 1117 448 mentem
1129 404 1241 462 legis
1253 418 1384 447 suum
1397 401 1707 460 fraudulenter

182 490 212 529 b
229 485 443 527 tueantur
477 494 690 533 errorem3
730 478 951 535 sapientes
986 475 1105 519 enim
1141 476 1250 517 sunt
1283 476 1337 517 ut
1371 472 1542 516 faciant
1575 468 1706 513 mala.

229 551 345 598 Cum
378 566 485 595 uero
516 548 863 608 prouincialibus
896 546 957 590 sit
986 546 1095 588 haec
1129 544 1269 602 pestis
1303 538 1563 600 perniciosa,
1591 538 1706 583 nulli

227 622 513 681 perniciosior
531 622 679 678 potest
699 634 791 662 esse
813 632 948 675 quam
967 615 1182 674 principi3
1211 614 1330 657 bona
1356 612 1576 671 siquidem
1605 625 1705 669 pro·
1723 621 1744 658 5

228 692 487 751 uincialium
506 689 719 748 principis
735 691 841 732 sunt
854 701 864 741 ;
894 687 951 730 ad
964 686 1273 730 necessitatem
1286 687 1332 728 et
1346 698 1479 727 usum
1494 681 1708 740 principis

229 763 377 807 omnia
401 776 513 819 quae
536 759 879 818 prouincialium
905 759 1023 807 sunt,
1045 756 1100 799 de
1123 756 1220 799 iure
1242 757 1540 813 exponuntur.
1601 752 1706 795 Pro-

228 833 376 877 uincia
387 835 485 876 tota
500 831 627 888 quasi
642 830 778 874 archa
792 828 1008 887 principis
1024 830 1103 878 est,
1116 841 1250 884 quam
1267 825 1468 883 quisquis
1484 823 1705 874 exhaurit,

228 901 490 959 grauissime
509 900 731 958 delinquit
750 900 798 942 in
818 898 1064 956 principem
1085 896 1210 940 cuius
1226 898 1443 939 extenuat
1458 894 1709 938 facultates.

230 971 348 1014 Nam
364 970 657 1028 prouinciales
673 969 799 1026 quasi
813 968 995 1025 quidam
1008 966 1299 1024 superficiarii
1312 968 1419 1008 sunt
1431 967 1488 1017 et,
1502 964 1706 1022 quotiens
1727 976 1769 1002 10

228 1055 335 1084 usus
355 1040 497 1098 exigit
516 1039 763 1097 potestatis,
783 1053 932 1082 rerum
959 1051 1141 1080 suarum
1167 1050 1258 1079 non
1284 1038 1379 1079 tam
1406 1035 1575 1078 domini
1603 1036 1709 1078 sunt

229 1126 363 1168 quam
383 1110 599 1154 custodes.
646 1108 696 1152 Si
716 1123 823 1151 uero
843 1107 1119 1151 necessitatis
1138 1121 1229 1150 non
1249 1105 1469 1149 incumbit
1483 1105 1708 1155 articulus,

231 1194 312 1223 sua
341 1179 434 1222 sint
462 1178 803 1236 prouincialium
830 1178 947 1221 bona
974 1192 1067 1227 sua,
1089 1176 1251 1234 quibus
1277 1191 1358 1219 nec
1383 1175 1478 1233 ipse
1503 1174 1709 1232 princeps

231 1249 416 1293 licenter
439 1249 653 1292 abutitur.
713 1248 764 1291 Si
788 1248 907 1291 enim
935 1247 1117 1305 expedit
1143 1246 1208 1290 rei
1228 1246 1431 1304 publicae
1457 1242 1514 1289 ne
1535 1245 1634 1303 quis
1659 1260 1707 1288 re

191 1332 216 1361 c
233 1334 315 1363 sua
340 1319 455 1362 male
482 1322 649 1370 utatur,
670 1318 796 1361 abuti
827 1319 973 1361 aliena
1001 1332 1319 1375 usquequaque
1348 1332 1439 1360 non
1470 1317 1585 1361 licet.
1644 1316 1708 1359 At
1728 1330 1768 1367 15

232 1404 333 1433 cum
345 1404 424 1446 per
435 1388 663 1431 ministros
674 1388 927 1445 iniquitatis
940 1389 985 1431 et
998 1387 1172 1431 sceleris
1186 1390 1231 1430 et
1243 1387 1458 1430 satellites
1472 1387 1709 1438 Sathanae,

232 1459 354 1501 uiros
384 1458 673 1509 Herodianos‚
704 1457 844 1500 fuerit
874 1459 1093 1501 exhausta
1124 1458 1367 1515 prouincia,
1398 1458 1436 1501 si
1470 1458 1709 1501 necessitas

233 1527 447 1579 imminet,
480 1527 641 1584 quibus
680 1530 835 1570 utetur
872 1528 1108 1585 princeps'ss
1182 1527 1385 1581 Proinde,
1418 1528 1456 1571 si
1496 1527 1627 1585 sapit,
1662 1527 1710 1570 in

233 1612 357 1642 camo
378 1600 424 1641 et
443 1597 571 1641 freno
591 1597 796 1640 maxillas
813 1612 964 1641 eorum
984 1598 1270 1656 constringet,
1286 1614 1343 1642 ne
1362 1613 1484 1642 more
1503 1598 1709 1656 luporum

234 1682 344 1724 quos
363 1667 565 1724 improba
584 1667 756 1710 uentris
776 1668 872 1726 agit
891 1668 1125 1726 ingluuies,
1140 1671 1319 1712 uastare
1339 1669 1512 1727 possint
1532 1671 1578 1712 et
1597 1669 1707 1712 lace-
1729 1684 1774 1709 πο

233 1752 331 1780 rare
352 1737 627 1794 prouinciam
647 1739 693 1780 et
718 1737 767 1780 in
793 1738 1004 1780 iniuriam
1030 1739 1245 1796 principis
1271 1739 1399 1796 quasi
1424 1739 1544 1783 uires
1570 1739 1711 1783 totius

233 1807 298 1850 rei
316 1807 518 1864 publicae
547 1807 796 1852 exhaurire.
853 1807 1068 1865 Alioquin
1095 1811 1141 1852 et
1170 1809 1264 1866 ipse
1294 1809 1343 1851 in
1370 1812 1614 1867 egestatem
1643 1809 1712 1852 in-

233 1876 362 1927 cidet,
382 1876 728 1933 prouincialibus
756 1877 962 1921 omnibus
988 1878 1177 1930 odiosus,
1198 1879 1455 1922 redditurus
1476 1894 1556 1923 suo
1576 1879 1712 1923 iudici

235 1946 453 1989 rationem
473 1946 521 1988 in
541 1946 744 1990 districto
765 1948 969 1991 examine
989 1948 1043 1992 de
1063 1949 1271 2006 operibus
1291 1965 1506 1993 manuum
1528 1965 1710 1993 suarum

235 2018 281 2059 et
295 2016 350 2058 de
365 2016 528 2059 lesione
542 2017 894 2074 prouincialium,
908 2033 1017 2075 quos
1032 2018 1197 2063 iniuste
1213 2023 1259 2063 et
1274 2020 1401 2077 quasi
1413 2035 1493 2077 per
1505 2019 1710 2064 fraudem
1730 2033 1771 2070 25

235 2086 318 2128 sub
338 2086 497 2129 umbra
515 2087 721 2130 tuitionis
740 2102 877 2131 manu
896 2089 1108 2146 spoliauit
1123 2092 1168 2133 et
1188 2090 1403 2134 lacerauit
1422 2090 1594 2134 inermi.

310 2194 415 2253 Cap.
449 2208 488 2239 2⁶
547 2196 676 2250 Quod
705 2197 879 2242 militia
908 2199 1126 2242 delectum
1156 2200 1305 2257 eaeiyit,
1334 2201 1574 2245 scient-iam
1602 2204 1643 2246 et

786 2269 1162 2313 exercitationem.

188 2367 218 2416 (1
295 2357 453 2401 Restat
482 2361 656 2402 armata
685 2374 844 2404 manus
873 2376 986 2418 quae
1013 2366 1282 2407 castrensem
1310 2367 1356 2408 et
1384 2368 1616 2409 cruentam
1645 2366 1715 2423 (ut

237 2426 406 2470 dictum
426 2428 510 2484 est)
531 2432 707 2472 exercet
726 2430 946 2475 militiam.
1006 2432 1062 2476 In
1082 2434 1217 2478 huius
1237 2438 1388 2478 autem
1409 2436 1712 2481 moderatione
1731 2452 1774 2486 30

241 2547 256 2591 ,¹
285 2538 444 2574 nonnuli
461 2539 501 2575 M
642 2551 665 2585 4
691 2540 884 2587 pernicior
901 2541 928 2579 G
1085 2545 1106 2580 8
1131 2556 1221 2581 arca
1237 2544 1296 2581 AS
1445 2556 1490 2592 19
1514 2545 1650 2585 chamo
1673 2548 1714 2585 M

238 2596 279 2620 111
292 2597 354 2622 ore
371 2586 433 2622 02:
459 2586 499 2622 M
516 2600 632 2634 supra
648 2590 783 2625 lineam
799 2591 903 2626 habet
918 2590 982 2628 uel
998 2590 1050 2635 in,
1067 2593 1108 2628 id
1124 2598 1175 2629 est
1190 2592 1232 2628 in
1249 2604 1313 2630 ore
1325 2605 1398 2640 pro
1414 2604 1518 2631 more

287 2694 309 2740 3
333 2686 513 2730 sapientes
529 2688 623 2724 etc.:
649 2687 781 2725 Ierem.
799 2687 846 2724 iv.
866 2699 922 2725 22.
1104 2701 1149 2727 10
1172 2694 1439 2738 superficiarii:
1464 2694 1505 2728 id
1521 2698 1571 2729 est
1592 2697 1656 2741 qui
1671 2697 1715 2732 in

239 2732 358 2767 alieno
373 2734 445 2768 solo
461 2736 686 2780 supevficiem
702 2738 755 2771 ita
771 2737 884 2779 habet,
902 2741 944 2772 ut
963 2742 1096 2774 certam
1108 2742 1320 2784 pensionem
1333 2746 1492 2786 praestet
1509 2741 1594 2789 Dig.
1611 2742 1660 2778 vi.
1682 2754 1713 2781 1.

241 2787 298 2823 74.
492 2791 534 2826 14
558 2785 700 2828 expedit
716 2785 809 2820 etc.:
837 2784 928 2821 Inst.
945 2783 973 2821 i.
991 2786 1012 2821 8
1033 2784 1050 2832 ξ
1071 2797 1105 2824 2.
1299 2789 1354 2834 18,
1377 2799 1419 2834 19
1444 2791 1486 2824 in
1502 2802 1601 2827 camo
1618 2793 1714 2828 etc.:

240 2838 273 2862 v.
292 2826 348 2862 Ps.
366 2826 469 2884 xxxi.
486 2838 520 2874 9.
640 2841 683 2876 19
707 2833 878 2877 luporum
895 2834 988 2869 etc.:
1014 2845 1047 2869 v.
1065 2833 1176 2881 Verg.
1195 2836 1288 2872 Aen.
1306 2835 1347 2872 ii.
1365 2845 1407 2884 35
1414 2845 1481 2884 5-3
1487 2846 1542 2883 57.
1655 2850 1711 2886 29,

242 2884 289 2920 30
305 2879 344 2910 ut
361 2876 497 2911 dvctum
513 2881 586 2914 est:
610 2890 645 2915 v.
662 2890 776 2925 supra
793 2880 862 2927 589
873 2888 915 2917 A.

351 2945 371 2978 8
