1846 3262
168 237 270 277 ou.
284 229 378 293 111]
699 231 1104 280 POLICRATICV
1106 230 1145 279 S
1655 234 1738 285 756
1755 232 1787 275 b

167 351 247 395 sed
299 355 512 410 panterae
569 355 652 397 aut
698 353 849 407 satiro,
893 354 971 398 sed
1019 353 1185 412 pauoni
1237 353 1516 412 philomenae
1560 356 1642 397 aut

165 421 349 479 psitaco‚
370 422 447 466 sed
466 422 727 480 cuicumque
748 423 982 467 brutorum
1005 427 1086 467 aut
1112 424 1436 468 insensibilium
1460 423 1641 467 studeat

164 492 412 549 coaequari.
480 492 711 550 Siquidem
741 493 799 536 ad
830 494 1076 551 angelicam
1104 494 1348 552 puritatem
1375 493 1539 537 rectius
1569 507 1640 537 as-

164 559 334 618 pirabit
353 562 431 619 qui
451 562 499 604 in
520 577 572 606 ea
591 566 766 607 creatus
782 567 850 607 est
870 563 1091 622 dignitate
1106 563 1302 621 originis,
1321 566 1375 607 ut
1394 563 1443 606 in
1462 563 1639 607 cumulo

126 645 147 684 5
164 645 298 675 uerae
327 635 374 675 et
402 635 582 676 eternae
612 633 904 677 beatitudinis
933 633 1196 691 perfectioni
1235 634 1460 692 angelicae
1498 633 1639 691 possit

163 715 258 745 esse
289 701 541 747 conformis.
621 702 741 746 Nam
779 707 825 747 et
860 707 1041 763 patrum
1075 703 1334 747 inconcussa
1368 703 1521 747 sanxit
1558 717 1635 746 au·
1654 716 1681 748 c

162 771 348 815 etot-itas
361 772 469 829 quia
487 775 651 816 natura
670 773 892 816 humanae
911 773 1076 817 mentis
1090 773 1210 816 solus
1224 773 1346 817 Deus
1363 773 1543 831 dignior
1557 775 1636 824 est,

161 844 209 885 et
248 842 367 899 quod
406 843 557 886 omnia
604 843 724 894 haec,
765 857 879 900 quae
918 844 1142 887 humanus
1179 843 1371 886 miratur
1409 857 1543 896 error,
1583 845 1638 886 ut

162 911 332 954 homini
366 912 567 955 seruiant
608 912 666 955 ab
702 927 754 956 eo
785 912 907 956 facta
940 915 1048 956 sunt
1079 913 1157 970 qui
1190 913 1415 956 hominem
1446 912 1555 956 fecit
1582 915 1636 956 ut

101 997 146 1023 10
161 981 414 1025 eternitatis
448 985 495 1025 et
528 982 820 1025 beatitudinis
851 996 958 1026 suae
988 982 1251 1039 participem
1283 981 1462 1026 faceret.
1523 981 1637 1035 Quis

159 1064 266 1108 ergo
284 1051 578 1108 praesidentis
603 1051 785 1095 Domini
804 1066 895 1095 non
914 1052 1166 1109 uilipendat
1184 1051 1421 1095 arbitrium
1448 1052 1487 1095 si
1514 1052 1632 1095 serui

158 1120 294 1164 uilem
314 1124 360 1164 et
379 1121 598 1165 abiectam
617 1122 798 1165 affectat
822 1121 1152 1166 conditionem?
1210 1121 1315 1164 Non
1334 1124 1486 1164 tamen
1513 1121 1632 1178 quod

156 1203 310 1234 seruos
349 1190 494 1234 dicam
542 1191 770 1235 habendos
809 1206 903 1235 esse
941 1190 1229 1249 contemptui,
1267 1191 1355 1234 nisi
1391 1191 1631 1235 seruilibus

157 1259 284 1303 uitiis
303 1260 475 1305 uiuant.
538 1261 666 1305 Sicut
685 1261 804 1304 enim
824 1275 934 1304 uera
953 1264 999 1305 et
1018 1261 1151 1305 unica
1169 1261 1353 1304 libertas
1372 1263 1442 1304 est
1460 1261 1630 1305 seruire

97 1340 139 1380 15
155 1329 318 1372 uirtuti
353 1332 401 1373 et
433 1330 575 1387 ipsius
609 1345 813 1374 exercere
842 1330 998 1383 officia,
1029 1331 1097 1374 ita
1133 1331 1267 1374 unica
1304 1333 1353 1373 et
1389 1330 1629 1388 singularis

154 1398 349 1442 seruitus
369 1402 437 1443 est
455 1400 582 1443 uitiis
608 1400 850 1458 subiugari.
911 1400 1046 1444 Errat
1071 1400 1203 1458 plane
1227 1400 1428 1457 quisquis
1447 1399 1628 1443 aliunde

153 1467 452 1512 conditionem
472 1469 736 1513 alterutram
756 1470 969 1528 opinatur
999 1470 1222 1523 accidere3
1251 1469 1470 1527 siquidem
1496 1455 1658 1512 omn?

151 1537 384 1582 hominum
422 1553 565 1597 genus
603 1539 652 1582 in
694 1539 826 1583 terris
865 1538 1001 1583 simili
1039 1539 1098 1582 ab
1135 1541 1239 1582 ortu
1270 1539 1427 1596 surgit,
1459 1538 1625 1581 eisdem

150 1611 328 1652 constat
350 1611 400 1652 et
422 1609 562 1653 alitur
587 1609 827 1660 elementis,
849 1608 1125 1666 eundemque
1151 1608 1359 1666 spiritum
1386 1608 1444 1651 ab
1467 1608 1623 1651 eodem
1640 1610 1670 1651 d

89 1692 137 1722 »ο
151 1677 372 1736 principio
409 1679 565 1736 carpit,
604 1678 845 1736 eodemque
888 1678 1059 1723 fruitur
1106 1678 1211 1730 celo,
1240 1693 1380 1736 aeque
1421 1679 1624 1730 moritur,

149 1761 290 1805 aeque
308 1748 440 1791 uiuit.
499 1748 628 1792 Vnde
647 1751 696 1792 et
714 1748 1029 1792 Praetextatus
1043 1749 1091 1791 in
1111 1748 1426 1792 Saturnalibus
1441 1748 1628 1791 Euuan-

148 1817 299 1875 gelum
352 1817 599 1875 reprimens
637 1818 709 1862 his
747 1818 895 1862 utitur
933 1819 1233 1877 argumentis:
1282 1818 1424 1869 Serui,
1462 1818 1629 1875 inquit,

148 1889 267 1938 sunt,
288 1887 425 1931 immo
445 1887 659 1931 homines.
718 1887 849 1932 Seru-i
868 1891 988 1941 sunt,
1007 1888 1144 1931 immo
1163 1888 1376 1939 conserui,
1396 1888 1435 1931 si
1454 1888 1621 1945 cogita-

148 1956 268 1999 ueris
286 1957 553 2000 tantundem
573 1957 621 2000 in
641 1960 854 2015 utrosque
874 1957 1004 2002 licere
1029 1957 1276 2010 Fortunae3
1306 1960 1400 2000 tam
1420 1960 1472 2000 tu
1492 1957 1622 2000 illum

88 2035 133 2074 25
148 2025 302 2068 uidere
335 2026 526 2069 liberum
556 2030 683 2084 potes
713 2041 848 2084 quam
882 2027 958 2071 ille
997 2029 1044 2070 te
1075 2041 1269 2070 seruum.
1342 2027 1500 2070 Nescis
1531 2041 1623 2084 qua

148 2097 268 2138 etate
296 2094 448 2138 Ecuba
473 2095 641 2139 semite
666 2096 871 2153 coeperit,
891 2111 980 2153 qua
1006 2096 1180 2147 Cresus‚
1200 2111 1290 2154 qua
1315 2095 1443 2140 Darii
1463 2099 1621 2149 mater,

151 2178 242 2222 qua
260 2163 496 2222 Diogenes,
516 2179 607 2222 qua
633 2164 761 2209 Plato
790 2166 915 2223 ipse?
974 2165 1201 2210 Postremo
1225 2166 1336 2223 quid
1362 2166 1428 2209 ita
1456 2180 1619 2210 nomen

149 2233 388 2277 seruitutis
411 2233 674 2279 horremus?
734 2234 902 2278 Seruus
928 2238 997 2279 est
1023 2235 1214 2293 quidem,
1227 2235 1304 2279 sed
1329 2235 1618 2288 necessitate3

144 2302 223 2346 sed
252 2302 443 2346 fortasse
471 2302 611 2347 libero
638 2304 789 2348 animo
817 2319 973 2348 seruus
1002 2308 1083 2350 est.
1141 2304 1239 2348 Hoc
1267 2304 1335 2347 illi
1363 2304 1552 2356 nocebit,
1577 2305 1622 2348 si

83 2389 131 2424 3⁰
145 2372 391 2416 ostenderis
406 2372 506 2429 quis
521 2387 612 2416 non
631 2373 702 2417 sit.
750 2374 881 2418 Alius
900 2374 1077 2417 libidini
1096 2374 1248 2426 seruit,
1259 2374 1375 2417 alius
1388 2374 1622 2426 auaritiae,

145 2442 262 2486 alius
291 2441 539 2496 ambitioni,
557 2457 713 2487 omnes
738 2443 846 2501 spei,
864 2458 1017 2487 omnes
1042 2443 1209 2487 timori.
1268 2443 1330 2487 Et
1354 2446 1473 2487 certe
1491 2443 1616 2488 nulla
1634 2461 1712 2505 757
1736 2463 1767 2493 a

146 2587 164 2616 1
191 2577 401 2633 philomele
418 2576 444 2614 S
626 2587 649 2614 2
672 2575 848 2631 psithaco
871 2575 927 2614 A:
956 2576 1108 2615 eithaco
1125 2576 1258 2614 GBSM
1447 2586 1469 2622 7
1494 2577 1616 2625 Deus]

143 2626 321 2663 dominus
338 2625 366 2662 C
591 2635 632 2664 11
653 2625 799 2662 domini
814 2624 1045 2672 presidentis
1061 2625 1088 2662 S
1318 2633 1361 2670 17
1386 2624 1614 2664 alterutram

143 2673 405 2711 conditionem
421 2671 500 2710 c¹A
645 2683 690 2720 19
713 2683 788 2720 que
802 2685 871 2710 om.
887 2671 921 2708 B
1065 2681 1112 2709 20
1134 2683 1208 2720 que
1223 2684 1294 2710 om.
1311 2672 1368 2710 CS
1490 2683 1548 2718 21,
1566 2683 1613 2711 22

141 2721 372 2768 euangelum
390 2720 431 2756 M

188 2852 213 2890 9
236 2843 283 2879 ab
307 2852 366 2879 eo:
392 2852 442 2879 sc.
458 2840 552 2878 Deo.
734 2849 780 2877 22
803 2839 912 2876 Serus·
933 2841 1006 2876 etc.
1031 2850 1152 2887 usque
1173 2839 1224 2878 ad
1249 2840 1413 2877 tacebant
1438 2839 1524 2890 (757
1537 2841 1615 2889 n).-

140 2889 310 2928 Maerob.
325 2891 403 2927 Sat.
421 2889 448 2926 i.
467 2899 507 2927 11
527 2887 570 2937 ἕξ
590 2895 685 2936 7-15
699 2887 764 2935 (ex
781 2887 867 2926 Seu.
884 2888 957 2935 Ep.
973 2886 1051 2935 47).

1435 2966 1504 3004 307
