1846 3262
127 237 229 272 oar.
243 225 359 287 xxv]
653 224 1059 272 POLICRATICV
1063 225 1097 270 S
1622 226 1706 280 708
1727 237 1754 268 e

129 347 285 392 Puella
314 348 446 400 enim,
470 363 570 392 cum
601 363 787 406 grauem
816 347 1046 391 tirannum
1076 346 1352 397 haberemus,
1376 361 1526 391 carere
1555 361 1609 390 eo

127 419 372 476 cupiebam.
433 418 533 473 Quo
563 418 813 469 interfecto,
843 418 1075 475 aliquanto
1110 417 1270 461 tetrior
1303 432 1449 461 arcem
1481 431 1607 460 oocu-

127 488 284 546 pauit;
314 489 410 532 eius
437 504 612 546 quoque
638 488 759 531 finiri
788 488 1136 531 dominationem
1157 487 1310 545 magni
1331 487 1607 531 estimabam.

128 558 330 602 Tertium
364 562 411 603 te
442 559 744 617 superioribus
783 559 1151 616 importuniorem
1190 558 1415 615 coepimus
1445 557 1610 600 habere

90 645 111 680 5
128 633 359 673 rectorem.
419 630 599 674 Timens
638 630 790 687 itaque
825 645 893 682 ne,
928 629 966 672 si
1001 633 1047 672 et
1080 632 1133 672 tu
1168 632 1424 686 assumptus
1459 627 1612 679 fueris,

129 700 267 743 etiam
300 701 386 744 tibi
421 701 628 744 succedat
660 700 865 751 deterior,
898 703 1034 757 caput
1065 714 1214 742 meum
1245 714 1327 757 pro
1355 701 1437 742 tua
1466 698 1611 742 salute

129 770 340 814 deuoueo.
390 771 500 814 Tam
516 770 731 814 fascetam
746 770 977 813 audaciam
999 770 1229 813 Dionisius
1249 770 1334 813 etsi
1353 771 1612 813 teterrimus

129 841 291 899 punire
321 844 473 884 tamen
500 841 692 885 erubuit.
752 841 872 893 Quid
900 840 1018 883 enim
1045 855 1249 883 securum
1276 840 1376 891 erit,
1405 840 1443 883 si
1473 840 1611 883 etiam
1629 842 1660 883 d

131 911 337 962 uirtutes,
357 911 477 954 inter
496 926 607 968 quas
626 911 914 968 praecipuum
935 910 1029 953 fere
1053 910 1198 954 locum
1222 910 1408 953 libertas
1426 910 1613 968 optinet,

73 994 116 1019 10
131 981 414 1039 puniuntur?
474 981 664 1024 Romani
688 995 794 1038 ergo
821 980 937 1023 sicut
966 980 1068 1023 aliis
1098 980 1445 1038 praestantiores
1472 981 1539 1023 ita
1568 983 1615 1023 et

131 1051 488 1109 reprehensionis
527 1050 820 1108 patientiores
859 1050 1112 1093 extiterunt
1124 1064 1135 1103 ;
1179 1050 1290 1093 adeo
1330 1050 1511 1107 quidem
1550 1053 1615 1101 ut,

132 1120 373 1164 dummodo
411 1121 460 1163 in
503 1120 726 1164 conuiuiis
764 1123 811 1163 et
855 1119 963 1162 locis
1002 1119 1152 1163 minus
1191 1119 1351 1163 sobriis
1390 1123 1616 1171 caueatur,

133 1190 335 1248 quisquis
366 1205 464 1234 eam
494 1190 659 1233 iustam
691 1193 844 1232 tamen
875 1189 1031 1232 horret
1064 1203 1116 1233 ac
1146 1189 1330 1247 refugit,
1360 1190 1616 1236 sobrietatis

132 1260 343 1304 uideatur
355 1260 551 1318 ignarus.
602 1260 735 1310 Nam,
750 1259 837 1302 etsi
851 1259 1166 1303 contumeliam
1182 1259 1347 1302 habeat
1362 1260 1616 1303 euidentem

71 1344 116 1381 ιε
133 1330 208 1374 uel
241 1330 560 1382 absconditam,
594 1330 818 1387 patientia
852 1329 1209 1387 reprehensionis
1241 1330 1362 1387 apud
1394 1330 1619 1387 sapientes

133 1400 267 1459 longe
314 1400 549 1458 gloriosior
597 1403 667 1443 est
716 1415 851 1457 quam
899 1414 1027 1457 pena.
1089 1399 1202 1442 Inde
1250 1399 1522 1448 ledoriarum
1571 1403 1619 1444 et

134 1473 381 1516 aoomatum
407 1471 544 1514 etiam
571 1470 786 1514 aduersus
813 1470 935 1513 uiros
955 1485 1130 1513 summa
1148 1473 1371 1528 potestate
1390 1470 1618 1527 praeditos

134 1541 398 1585 exercitium
413 1540 694 1584 licentiosum
708 1541 852 1598 magis
873 1555 1007 1598 quam
1027 1540 1201 1584 licitum
1221 1543 1301 1583 est.
1352 1540 1435 1584 Est
1453 1544 1617 1592 autem,

135 1613 191 1655 ut
218 1611 268 1654 in
297 1611 412 1654 libro
439 1610 800 1654 Saturnaliorum
831 1610 1102 1654 Eustachius
1130 1610 1271 1661 docet,
1300 1610 1471 1654 ledoria
1502 1626 1616 1668 quae
1634 1618 1722 1658 709
1742 1619 1773 1648 a

78 1699 123 1725 ao
138 1681 527 1739 exprobrationem
548 1684 595 1724 et
613 1681 829 1724 directam
849 1680 1165 1724 contumeliam
1185 1681 1396 1724 continet.
1458 1681 1619 1724 Scoma

137 1751 318 1810 quidem
357 1765 531 1794 morsus
571 1754 639 1794 est
669 1751 903 1809 figuratus,
937 1751 1044 1808 quia
1078 1765 1209 1808 saepe
1243 1750 1317 1794 uel
1352 1751 1512 1795 fraude
1546 1752 1620 1795 uel

136 1821 395 1865 urbanitate
434 1821 606 1879 tegitur
644 1824 698 1864 ut
737 1820 862 1863 aliud
900 1824 1040 1871 sonet,
1079 1821 1203 1864 aliud
1242 1821 1495 1880 intelligas;
1538 1837 1621 1866 nec

137 1894 291 1936 tamen
318 1906 494 1949 semper
522 1891 580 1934 ad
609 1891 957 1935 amaritudinem
983 1891 1145 1949 pergit,
1174 1892 1252 1935 sed
1282 1907 1620 1950 nonnumquam

138 1962 212 2005 his
233 1961 283 2004 in
306 1977 418 2020 quos
441 1962 606 2005 iacitur
630 1965 678 2005 et
704 1961 833 2005 dulce
860 1965 939 2004 est.
1001 1961 1132 2015 Quod
1158 1977 1301 2019 genus
1327 1963 1525 2006 maxime
1543 1962 1619 2006 uel

81 2051 124 2087 ¹5
139 2032 317 2090 sapiens
345 2032 419 2075 uel
448 2032 560 2075 alias
588 2032 788 2075 urbanus
818 2035 1006 2083 exercet,
1033 2032 1270 2089 praecipue
1296 2033 1417 2075 inter
1444 2048 1621 2077 mensas

140 2106 188 2146 et
213 2102 384 2160 pocula,
403 2102 482 2144 ubi
509 2101 655 2145 facilis
681 2105 750 2145 est
778 2102 837 2144 ad
861 2102 1139 2145 iracundiam
1159 2103 1428 2159 prouocatio.
1488 2103 1622 2154 Nam,

140 2173 259 2216 sicut
276 2172 326 2215 in
345 2172 580 2230 praecipiti
601 2173 796 2215 stantem
811 2172 884 2215 uel
905 2172 1018 2215 leuis
1037 2176 1187 2216 tactus
1206 2172 1409 2230 impellit,
1429 2174 1495 2216 ita
1514 2174 1623 2217 uino

141 2242 216 2286 uel
239 2241 441 2285 infusum
470 2242 545 2285 uel
571 2257 801 2300 aspersum
827 2257 996 2300 paruus
1024 2258 1199 2300 quoque
1229 2243 1356 2287 dolor
1384 2244 1545 2288 incitat
1574 2244 1623 2287 in

145 2345 161 2373 1
188 2335 408 2372 tirrannum
425 2335 454 2372 C
596 2335 620 2372 6
642 2335 767 2372 salute
782 2337 851 2371 tua
865 2334 908 2370 M
1050 2346 1074 2382 9
1098 2335 1248 2373 obtinet
1265 2335 1363 2373 CSM

192 2427 211 2474 5
239 2423 469 2464 assumptus:
493 2419 624 2464 potius
640 2418 874 2463 absumptus-33
910 2416 953 2452 in
971 2417 1052 2454 cod.
1069 2419 1200 2455 autem
1217 2417 1301 2454 val.
1321 2418 1421 2455 Max.
1439 2419 1626 2457 Bemensi

142 2477 269 2550 Blgma
284 2477 420 2502 manus
437 2466 496 2511 (ut
512 2465 629 2503 refert
643 2465 838 2511 Kempfius
854 2465 897 2501 in
913 2477 1000 2511 app.
1019 2464 1121 2510 crit.)
1140 2467 1359 2512 adsumptus
1373 2466 1549 2514 scripsit;
1572 2468 1622 2504 cf.

205 2525 329 2560 cange
347 2513 406 2550 ed.
430 2514 520 2559 1883
538 2526 566 2550 s.
578 2525 611 2549 v.
627 2524 821 2549 assumere.
971 2513 1024 2559 16,
1046 2524 1090 2559 17
1116 2515 1340 2550 ledor-iarum
1356 2520 1389 2550 et
1404 2521 1626 2552 scomatum:

142 2562 207 2598 Ita
221 2561 430 2598 loedoriam
449 2564 490 2598 et
512 2572 690 2603 scomma,
708 2559 903 2597 macrobio
925 2563 1095 2606 auctore,
1120 2560 1328 2608 distinguit
1355 2565 1400 2599 ut
1434 2562 1555 2599 etiam
1584 2563 1627 2600 in

142 2611 217 2656 Ep.
235 2619 315 2656 251,
331 2609 381 2645 ad
397 2608 606 2645 Radulfum
630 2609 679 2645 de
699 2608 866 2645 Arundel
888 2609 1118 2645 monachum
1141 2609 1469 2653 Gantuariensem,
1487 2611 1555 2647 ubi
1577 2611 1626 2648 de

142 2657 291 2694 Thoma
306 2656 595 2703 archiepiscopo
612 2657 668 2692 ait
682 2669 691 2692 :
716 2658 766 2692 In
777 2669 814 2692 se
822 2658 1003 2702 poeticum
1011 2659 1235 2693 scommatice
1243 2663 1388 2704 poterut
1401 2664 1602 2706 retorquere
1611 2673 1625 2696 .-

142 2707 306 2742 Actaeon
319 2717 379 2751 eqo
391 2717 471 2741 sum
478 2719 491 2749 ,·
516 2707 705 2741 dominum
716 2707 911 2750 cognoscite
922 2710 1107 2749 uestrum5
1123 2710 1156 2740 et
1166 2708 1205 2740 in
1217 2711 1407 2742 uenatore-3
1416 2708 1627 2744 huiusmodi

144 2754 392 2800 euangelicam
419 2754 615 2789 loedoriam
639 2765 749 2799 quam
774 2754 815 2787 in
831 2753 987 2789 Iudaeos
1006 2753 1174 2789 Christus
1194 2755 1363 2789 intorsit:
1386 2756 1509 2790 Multa
1532 2757 1626 2792 bona

144 2813 256 2848 opem
278 2806 450 2847 operatus
469 2813 550 2837 aum
573 2802 678 2836 uobis
695 2813 720 2836 a
735 2801 846 2836 Patre
866 2802 968 2844 Deo‚·
985 2806 1140 2847 propter
1157 2803 1253 2847 quod
1276 2803 1406 2838 horum
1431 2815 1486 2838 me
1508 2805 1627 2840 uultis

145 2851 335 2945 οςςίἀοέξ
358 2897 405 2934 -6
495 2851 539 2886 18
562 2850 632 2885 Est
647 2853 769 2885 autem
786 2849 920 2896 (usque
936 2849 986 2885 ad
993 2849 1171 2896 fiqumto)
1189 2851 1286 2887 etc.:
1311 2861 1343 2887 v.
1361 2849 1529 2888 Macrob.
1546 2853 1626 2889 Sat.

146 2909 213 2935 vn.
230 2908 253 2944 3
335 2907 356 2934 2
406 2923 417 2934 .

1453 2979 1519 3013 223
