1846 3262
123 217 227 263 m.
243 216 298 279 x]
667 216 1113 263 PomoRAnovs
1265 199 1269 202 ’
1635 219 1715 260 σοι
1733 218 1763 259 d

123 339 285 383 testari
313 342 503 398 possunt
533 342 580 383 et
609 354 666 382 ex
695 339 876 397 publica
904 338 1199 390 solicitudine,
1220 339 1340 396 quod
1366 339 1617 382 maximum

125 413 206 462 est,
236 425 328 454 non
356 410 687 468 permittamur
718 425 860 467 egere,
891 413 937 453 et
971 410 1020 452 in
1055 410 1175 453 hunc
1209 409 1392 453 modum
1422 410 1619 467 plurima

126 494 242 538 quae
260 479 446 538 longum
467 484 536 524 est
560 495 780 523 enarrare.
841 479 967 523 Licet
995 483 1148 523 autem
1178 480 1271 523 sint
1301 480 1379 537 qui
1409 480 1496 524 sibi
1526 495 1618 524 non

124 550 272 594 teneri
302 550 518 593 uidentur
548 550 770 594 Ecclesiae
799 565 858 594 ex
887 554 1165 594 sacramento
1192 551 1376 602 solenni,
1397 551 1504 609 quia
1526 551 1618 594 iam

85 638 108 673 5
127 634 186 663 ex
214 621 538 664 consuetudine
566 620 830 679 plerumque
859 635 951 664 non
980 624 1250 678 praestatur,
1278 621 1431 665 nullus
1465 625 1619 664 tamen

125 695 197 735 est
215 691 295 748 qui
314 694 594 735 sacramento
613 691 753 734 tacito
773 691 846 734 uel
867 705 1077 748 expresso
1102 691 1322 734 Ecclesiae
1346 706 1438 735 non
1467 694 1618 735 tenea-

125 764 205 805 tur
237 761 471 805 obnoxius.
534 761 595 805 Et
629 760 748 805 forte
780 761 881 804 ideo
915 765 1060 805 cessat
1090 761 1335 805 solennitas
1364 762 1620 813 iuramenti,

126 833 235 890 quia
268 833 327 876 ad
356 833 440 876 hoc
471 847 624 876 omnes
657 832 826 875 inuitat
858 834 905 875 et
936 835 1111 875 coartat
1139 833 1380 877 necessitas
1409 833 1542 876 officii
1573 837 1619 877 et

126 903 361 947 sinceritas
379 902 498 947 fidei.
555 901 686 945 Vnde
713 902 804 944 iam
831 902 1022 945 inoleuit
1045 903 1320 947 consuetudo
1343 903 1539 947 solennis
1565 907 1619 947 ut
1636 909 1725 948 602
1745 920 1777 948 a

66 989 110 1015 ιο
128 988 182 1017 ea
200 973 300 1032 ipsa
314 973 398 1024 die,
414 987 505 1030 qua
520 972 709 1030 quisque
724 972 914 1015 militari
929 973 1111 1030 cingulo
1126 972 1374 1024 decoratur,
1389 974 1620 1018 ecclesiam

125 1043 371 1088 solenniter
409 1043 543 1086 adeat
581 1042 821 1101 gladioque
861 1056 997 1100 super
1027 1042 1170 1086 altare
1204 1043 1352 1101 posito
1388 1048 1434 1087 et
1468 1044 1620 1088 oblato

126 1113 255 1172 quasi
294 1113 458 1157 celebri
498 1113 774 1170 professione
814 1112 937 1156 facta
973 1113 1170 1170 seipsum
1210 1113 1423 1171 obsequio
1463 1115 1621 1158 altaris

124 1183 349 1227 deuoueat
378 1186 425 1227 et
455 1183 608 1242 gladii,
637 1183 685 1226 id
716 1186 785 1226 est
814 1183 946 1227 officii
980 1183 1063 1235 sui,
1092 1183 1244 1242 iugem
1274 1183 1372 1228 Deo
1400 1185 1620 1243 spondeat

125 1253 409 1298 famulatum.

67 1343 109 1379 15
185 1323 345 1382 Neque
363 1339 540 1368 necesse
560 1327 629 1368 est
648 1327 703 1367 ut
721 1324 805 1368 hoc
829 1323 1096 1382 profiteatur
1115 1324 1265 1376 uerbo,
1285 1339 1388 1369 cum
1415 1325 1620 1383 legitima

125 1394 345 1453 professio
374 1394 564 1438 militiae
593 1393 715 1438 facto
745 1394 842 1438 eius
870 1393 1082 1437 uideatur
1112 1394 1294 1439 inserta.
1356 1394 1468 1448 Quis
1498 1396 1619 1439 enim

125 1465 175 1508 in
194 1465 376 1508 homine
394 1465 632 1508 illitterato
653 1467 699 1508 et
719 1464 797 1522 qui
817 1464 962 1522 magis
982 1480 1109 1508 arma
1135 1465 1296 1508 debeat
1323 1480 1452 1509 nosse
1481 1481 1618 1524 quam

124 1534 303 1578 litteras
340 1534 663 1593 professionem
704 1534 859 1592 exigat
896 1534 1179 1579 litteratam}
1254 1534 1375 1578 Nam
1422 1537 1618 1594 episcopi

126 1608 175 1649 et
203 1605 391 1649 abbates
419 1604 696 1663 professione
731 1605 900 1663 scripta
928 1604 1003 1648 uel
1032 1604 1154 1648 dicta
1182 1605 1241 1648 ad
1270 1606 1406 1649 fidem
1437 1611 1483 1650 et
1514 1607 1618 1650 obe-

65 1697 111 1722 20
129 1675 347 1720 dientiam
386 1675 603 1719 uidentur
642 1675 808 1729 artari;
853 1678 899 1719 et
933 1690 1093 1719 reuera
1126 1679 1348 1728 artantur,
1379 1677 1486 1734 quia
1522 1677 1619 1722 Deo

126 1745 312 1790 mentiri
340 1760 431 1790 non
461 1745 579 1790 licet.

185 1816 306 1860 Sane
336 1819 419 1859 aut
453 1815 556 1873 plus
586 1818 655 1859 est
683 1819 765 1859 aut
793 1830 885 1859 non
914 1816 1064 1860 minus
1094 1816 1214 1874 quod
1244 1817 1412 1861 milites
1443 1817 1620 1862 faciunt

125 1886 205 1945 qui
236 1901 329 1931 non
358 1886 563 1930 cedulam
593 1886 671 1930 sed
700 1886 903 1944 gladium
932 1887 1129 1930 offerunt
1159 1890 1205 1931 et
1235 1888 1363 1945 quasi
1394 1888 1618 1946 primitias

126 1957 260 2001 officii
294 1957 524 2001 redimunt
557 1957 617 2000 ab
655 1956 815 2010 altari3
854 1957 975 2000 unde
1012 1957 1233 2001 Ecclesiae
1268 1958 1317 2000 in
1349 1963 1616 2016 perpetuum
1634 1964 1664 2002 b

66 2048 109 2083 ²5
130 2027 435 2080 famulentur3
474 2042 592 2078 nam,
634 2027 751 2071 sicut
790 2027 855 2070 eis
898 2043 980 2086 pro
1022 2028 1219 2072 Ecclesia
1258 2028 1515 2086 plurimum,
1553 2029 1621 2072 ita

127 2101 286 2142 contra
316 2097 559 2142 Ecclesiam
589 2097 694 2142 licet
723 2097 874 2141 nichil.
937 2098 1095 2141 Refert
1127 2098 1271 2142 Lucas
1303 2099 1423 2156 quod
1453 2099 1621 2142 milites

125 2171 181 2212 ut
211 2168 552 2226 baptizarentur
582 2171 864 2211 accesserunt
892 2168 951 2211 ad
981 2168 1231 2212 Iohannem
1262 2169 1619 2227 interrogantes:

126 2238 356 2297 Magister,
376 2238 486 2296 quid
520 2236 737 2281 faciemus
772 2241 819 2281 et
853 2239 968 2282 11031
1030 2238 1089 2281 Et
1124 2238 1191 2281 ait
1223 2238 1339 2281 illis:
1379 2238 1618 2282 Neminem

126 2308 395 2353 concutiatis
424 2322 569 2364 neque
599 2307 902 2366 calumpniam
927 2307 1130 2361 faciatis;
1166 2312 1212 2351 et
1242 2309 1443 2352 contenti
1475 2312 1617 2353 estote

65 2401 112 2435 ³0
126 2378 364 2437 stipendiis
381 2377 558 2422 uestris.

126 2511 153 2546 4
175 2499 383 2546 sollempni
399 2498 515 2534 GBS:
542 2496 707 2534 sollenni
724 2497 758 2533 A
927 2506 949 2542 7
976 2498 1206 2534 sollennitas
1222 2499 1255 2533 A
1272 2510 1281 2534 :
1309 2498 1576 2546 sollempnitas
1594 2499 1620 2536 S

127 2558 152 2595 9
175 2546 363 2584 sollennia
378 2546 433 2582 A:
460 2545 687 2591 sollempnis
705 2545 730 2581 S
914 2556 928 2582 1
939 2556 952 2581 1
982 2546 1214 2583 sollenniter
1228 2548 1284 2582 A:
1311 2547 1579 2594 sollempniter
1595 2548 1621 2586 S

132 2605 174 2643 15
200 2594 401 2642 legittima
418 2593 484 2630 SM
585 2595 641 2636 18,
653 2603 696 2639 19
722 2591 893 2639 episcopi
912 2593 971 2640 et]
985 2598 1025 2630 et
1041 2593 1118 2641 ipsi
1135 2594 1165 2630 P
1261 2605 1306 2641 23
1332 2595 1527 2633 scedulam
1544 2595 1621 2632 AM

177 2716 202 2752 9
231 2707 333 2742 Vnde
348 2707 426 2741 iam
442 2706 541 2741 etc.:
567 2716 601 2739 v.
618 2703 724 2740 Petri
748 2703 938 2740 Blesensis
963 2703 1035 2741 loc.
1061 2704 1127 2742 cit.
1151 2717 1267 2753 supra
1286 2718 1320 2743 c.
1337 2709 1359 2745 8
1379 2707 1466 2753 (600
1475 2708 1544 2753 D);
1570 2708 1619 2746 cf.

129 2753 304 2790 Catalan.
321 2755 457 2799 Pontis.
475 2754 629 2788 Roman.
647 2754 917 2789 commentariis
932 2754 1065 2790 illustr.
1083 2753 1108 2791 i.
1125 2764 1207 2799 421.
1389 2766 1448 2801 20,
1466 2766 1508 2793 21
1538 2758 1620 2793 Dea

128 2804 281 2838 manin·
294 2813 369 2838 mm
386 2803 490 2838 lica:
514 2812 551 2836 v.
570 2799 641 2836 Ios.
658 2799 758 2836 xxiv.
775 2809 836 2845 27.
953 2811 999 2847 ²3
1025 2804 1190 2838 cedulam
1205 2815 1214 2838 :
1239 2801 1264 2839 i.
1277 2814 1309 2839 e.
1325 2804 1559 2849 schedulam;
1584 2817 1618 2841 v.

130 2849 195 2886 Du
210 2849 340 2897 Gange
357 2862 385 2886 s.
395 2861 431 2887 v.
448 2849 619 2885 schedula
635 2850 918 2885 testamentum:
955 2850 965 2866 ‘
977 2849 1114 2886 charta
1130 2862 1206 2895 qua
1223 2850 1381 2888 donatio
1396 2856 1467 2889 aut
1487 2853 1619 2900 pactio

129 2898 338 2935 asseritur:
479 2897 526 2933 26
549 2897 677 2942 Refert
690 2898 814 2933 Lucas
829 2899 928 2934 etc.:
952 2908 986 2932 v.
1005 2897 1093 2935 Luc.
1109 2897 1165 2936 111.
1187 2908 1241 2944 14.

199 2971 318 2991 mn
858 2976 884 3003 B
1462 2983 1505 3018 ²5
