1846 3262
118 195 226 235 mr.
240 189 366 251 xm]
659 189 1063 236 POLICRATICV
1066 190 1100 235 S
1617 194 1699 244 '184
1718 194 1748 233 b

123 316 304 357 terrena
322 327 403 370 per
428 312 662 372 superbiae
684 312 848 356 scalam
875 312 1133 356 ambitionis
1152 314 1199 356 et
1217 312 1433 356 uitiorum
1452 312 1601 370 gradi-

122 376 210 426 bus
228 381 495 426 innitentem
516 382 564 425 in
590 382 708 425 ouile
738 382 938 426 ascendit
967 381 1148 426 Christo
1176 385 1443 440 contempto,
1462 382 1510 425 id
1534 386 1602 426 est
1620 392 1646 422 c

126 452 330 511 neglecta
355 456 477 496 recta
501 452 579 495 uia
605 454 651 495 et
676 452 812 510 plana
837 452 1028 496 sinuosis
1055 452 1349 496 amfractibus
1377 452 1603 495 liminaria

125 522 310 566 suffodit
343 526 424 566 aut
455 522 676 580 parietum
702 523 932 566 iuncturas
961 523 1172 581 irrumpit
1203 527 1284 566 aut
1315 538 1395 581 per
1427 522 1604 580 tegulas

88 609 109 643 5
125 591 305 636 infusus
323 591 536 643 illabitur,
548 591 749 650 profecto
768 591 846 635 fur
861 595 929 635 est
943 596 990 635 et
1009 592 1136 636 latro.
1186 592 1275 646 Qui
1294 607 1403 636 uero
1423 591 1605 635 Christo

124 661 355 720 aperiente
393 661 571 712 ostium,
600 661 647 704 id
686 665 755 706 est
795 661 990 706 Ecclesia
1028 666 1228 714 uoeante,
1263 662 1526 721 ingreditur,
1559 664 1606 705 et

125 731 409 790 postmodum
441 731 526 774 sub
556 730 717 774 umbra
740 732 932 789 pastoris
962 731 1151 776 efficitur
1177 735 1442 790 persecutor,
1462 731 1509 774 id
1537 734 1606 774 est

126 801 292 859 spoliat
321 803 491 845 mactat
521 801 683 845 occidit
714 805 761 844 et
791 802 952 859 perdit,
973 802 1049 845 fur
1079 802 1363 846 indubitatus
1394 805 1475 846 est.
1535 801 1604 844 Tu

125 870 231 915 uide
266 871 315 914 in
347 886 436 929 quo
461 871 606 929 gradu
634 872 829 929 ponendi
859 872 1101 916 uideantur
1130 872 1292 930 quibus
1321 888 1412 916 non
1441 872 1605 916 sufficit

70 958 109 983 ιο
127 940 272 984 diuini
293 940 405 984 iuris
423 940 606 985 licentia
626 940 810 984 tondere
837 944 884 985 et
913 941 1127 985 deuorare
1156 956 1291 999 pecus
1319 942 1407 985 nisi
1437 941 1604 986 secula-

55 1065 59 1070 ·
129 1010 248 1053 rium
274 1009 424 1069 legum
447 1010 688 1068 implorent
710 1009 882 1054 auxilia
908 1014 954 1054 et
977 1010 1185 1055 officiales
1211 1012 1463 1070 principum
1492 1010 1604 1054 facti

127 1095 182 1125 ea
219 1080 496 1124 committere
535 1095 626 1123 non
668 1084 884 1124 uerentur
926 1096 1040 1139 quae
1080 1080 1212 1125 facile
1251 1081 1367 1125 alius
1416 1081 1606 1139 quilibet

125 1149 391 1209 publicanus
439 1149 683 1194 erubescat.
763 1150 953 1194 Interim
1002 1151 1228 1209 uoluptati
1277 1151 1476 1195 seruient
1524 1154 1606 1194 aut

126 1220 356 1272 auaritiae,
377 1223 423 1264 et
443 1220 520 1278 qui
541 1235 615 1264 eos
634 1220 865 1278 elegerunt
884 1220 957 1264 uel
980 1220 1259 1264 admiserunt
1284 1221 1332 1264 in
1356 1221 1603 1265 custodiam

69 1313 110 1347 ¹5
126 1289 198 1334 sui
217 1289 549 1348 depopulantur
567 1293 613 1334 et
632 1294 855 1348 premunt,
874 1294 1151 1348 mortemque
1176 1306 1327 1334 eorum
1349 1291 1604 1335 desiderant
1620 1293 1650 1333 d

60 1412 62 1414 q
126 1374 239 1418 quos
257 1359 403 1403 foueri
429 1360 664 1418 oportebat
692 1360 741 1402 in
761 1375 892 1404 carne
913 1363 959 1404 et
978 1360 1153 1418 spiritu
1212 1361 1385 1404 Tenent
1403 1350 1605 1419 profecto

55 1447 58 1448 ⁷
126 1429 384 1474 memoriter
427 1430 541 1473 illud
590 1430 926 1488 propheticumt
977 1430 1087 1474 Eece
1126 1431 1340 1475 constitui
1379 1435 1426 1474 te
1474 1446 1608 1489 super

125 1503 284 1559 gentes
321 1502 368 1543 et
406 1515 545 1558 regna
583 1504 637 1543 ut
676 1499 841 1544 euellas
879 1495 939 1544 et'
964 1500 1169 1544 destruas
1208 1504 1254 1545 et
1292 1501 1523 1559 disperdas
1562 1504 1608 1544 et

128 1569 306 1614 edifices
332 1572 380 1614 et
407 1570 595 1628 plantes.
656 1570 781 1625 Quae
801 1585 907 1629 ergo
926 1570 1132 1628 plantata
1151 1571 1434 1622 inuenerunt,
1453 1571 1606 1614 nitun-

69 1662 114 1688 20
130 1643 210 1683 tur
233 1639 438 1692 auellere,
457 1643 511 1683 ut
529 1640 736 1684 edificent
762 1640 848 1684 sibi
872 1641 1054 1684 domum
1074 1641 1256 1684 Domini
1277 1641 1325 1684 in
1345 1641 1606 1684 muneribus

58 1768 62 1773 .
130 1723 291 1753 manus
321 1713 403 1754 aut
435 1710 616 1769 linguae
647 1714 729 1754 aut
758 1711 971 1768 obsequii,
1000 1714 1082 1754 aut
1113 1726 1187 1754 eos
1217 1711 1496 1755 substituant
1526 1727 1604 1754 ex-

127 1779 346 1838 plantatis
369 1795 481 1838 quos
507 1780 635 1841 eligit
654 1781 830 1824 affectio
848 1781 1007 1834 carnis,
1027 1781 1075 1824 id
1103 1785 1171 1825 est
1197 1785 1278 1824 aut
1303 1782 1479 1839 genitos
1505 1796 1533 1824 a
1559 1797 1607 1825 se

128 1853 211 1895 aut
229 1849 315 1894 sibi
334 1850 394 1893 ab
412 1851 513 1894 aliis
531 1851 771 1895 carnaliter
789 1851 975 1909 genitos.
1018 1851 1293 1894 Immensum
1313 1851 1386 1895 hic
1406 1852 1608 1909 aperitur

129 1934 243 1978 opus
261 1923 309 1963 et
326 1919 404 1963 uia
423 1919 593 1964 calamo
612 1920 856 1973 dilatatur3
883 1920 961 1963 sed
981 1920 1187 1973 subsisto,
1201 1935 1386 1978 parcens
1405 1921 1608 1965 articulis

70 2008 114 2042 ²5
131 1989 210 2047 qui
248 1989 438 2048 publicis
477 1990 728 2047 aspectibus
766 1990 1046 2047 ingeruntur.
1118 1990 1168 2033 Si
1200 1991 1301 2047 quis
1342 1993 1494 2034 autem
1534 1991 1607 2034 hic

133 2059 364 2118 quippiam
394 2059 482 2103 dici
509 2059 665 2102 durius
693 2059 1036 2117 calumpniatur,
1055 2060 1094 2103 si
1125 2075 1176 2104 ea
1203 2075 1317 2118 quae
1344 2075 1372 2103 a
1401 2061 1606 2118 patribus

130 2129 253 2173 dicta
271 2132 379 2173 sunt
397 2129 567 2187 legerit,
588 2129 723 2172 michi
745 2129 875 2172 facile
895 2130 1074 2173 ueniam
1093 2130 1357 2188 indulgebit.
1417 2131 1467 2174 Si
1487 2131 1604 2174 enim
1625 2141 1704 2192 785
1722 2152 1752 2180 a

130 2199 339 2243 tirannus
371 2199 582 2243 secularis
612 2199 709 2242 iure
743 2199 898 2242 diuino
933 2202 979 2242 et
1007 2199 1204 2243 humano
1233 2200 1480 2258 perimitur,
1508 2201 1609 2258 quis

131 2269 362 2314 tirannum
392 2269 441 2311 in
469 2268 716 2312 sacerdotio
742 2268 1018 2327 diligendum
1042 2273 1219 2313 censeat
1239 2272 1320 2313 aut
1346 2270 1608 2315 colendum'l

68 2351 115 2384 30
133 2339 265 2394 Quod
295 2339 334 2382 si
365 2338 489 2382 istud
521 2338 704 2381 uidetur
734 2338 954 2390 acerbum,
984 2339 1112 2382 illum
1147 2339 1225 2396 qui
1259 2354 1350 2383 non
1382 2340 1469 2383 nisi
1500 2355 1610 2384 uera

131 2408 398 2467 loquebatur
426 2410 473 2452 et
501 2407 649 2451 dulcia
677 2407 726 2450 in
763 2408 1061 2466 patrocinium
1090 2408 1259 2452 aduoco
1286 2408 1469 2452 beatum
1499 2409 1607 2454 Gre-

131 2479 320 2537 gorium‚
335 2478 414 2536 qui
432 2478 635 2522 acerbius
654 2478 742 2521 ista
761 2478 1053 2536 persequitur.
1104 2478 1175 2530 Et,
1187 2481 1240 2522 ut
1258 2482 1406 2523 cetera
1425 2482 1608 2531 taceam,

134 2605 156 2641 3
181 2593 459 2631 amsi-auctibus
474 2593 526 2631 C:
552 2593 790 2631 anfractibus
805 2593 860 2630 A:
885 2593 1152 2632 anfranctibus
1168 2594 1194 2632 S
1352 2596 1376 2633 6
1399 2594 1568 2633 hostium
1585 2595 1611 2633 S

132 2652 179 2679 22
205 2642 324 2688 elegit
340 2642 366 2678 S
508 2650 553 2687 27
577 2641 710 2688 legent
727 2641 806 2678 ΟΒι

181 2757 204 2784 2
229 2749 270 2783 t'n
287 2748 384 2783 ovile
398 2748 561 2783 ascendit
577 2748 672 2783 etc.:
698 2758 732 2783 v.
750 2745 883 2783 Ioann.
899 2758 935 2782 x.
958 2755 989 2782 1.
1159 2755 1213 2789 ιο,
1233 2756 1272 2783 11
1300 2747 1379 2783 πίω·
1391 2749 1612 2784 nazar-'um

132 2797 252 2842 layum
267 2796 482 2842 implam-e:
508 2793 631 2831 minio
646 2793 795 2831 notavit
807 2794 1005 2830 Parkerus.
1153 2803 1196 2840 17
1220 2795 1312 2831 Em
1326 2797 1497 2832 constitui
1511 2799 1584 2834 etc.
1601 2808 1613 2832 ε

134 2842 210 2880 Ier.
227 2842 252 2879 i.
274 2853 328 2880 10.
471 2853 520 2879 20
543 2843 708 2888 edificent
725 2844 819 2879 etc..:
843 2853 878 2878 v.
895 2841 942 2880 Is.
960 2841 1034 2878 xlv.
1054 2851 1110 2888 13.

1435 2920 1503 2959 3⁵7
