1846 3262
789 190 1105 235 APPENDIX
1146 191 1172 236 I

353 311 478 355 fatua.
528 307 656 345 Stulta
671 308 882 354 decensque
899 307 1014 344 simul
1031 307 1172 345 mulier
1187 307 1295 355 quasi
1308 306 1471 346 circulus
1486 307 1572 346 auri
1611 308 1720 346 =Be.

364 368 435 405 001.
456 378 547 405 1220
563 366 582 415 §
599 369 668 413 48:
695 367 762 404 Bo.
779 367 851 404 001.
872 377 958 413 1271
981 366 1000 414 ξ
1020 369 1076 412 48.

242 430 299 475 38.
323 430 415 465 Item
430 430 524 475 quod
548 429 687 464 dicitur
707 429 750 463 in
775 428 947 463 canticis:
963 428 1048 472 filie
1072 428 1265 463 ierusalem
1281 428 1401 463 uenite
1421 432 1455 464 et
1469 428 1589 464 uidete
1603 438 1722 473 reyem

360 489 579 524 salomonem
602 488 644 522 in
668 489 871 523 tuademate
896 486 938 531 (1.
963 484 1180 532 diademate)
1198 498 1267 534 quo
1291 488 1479 523 coronauit
1502 499 1584 523 eum
1608 491 1726 523 mater

361 559 441 583 sua.
489 545 685 591 Quomodo
705 544 872 592 suscepit
889 544 1060 581 salomon
1076 556 1100 581 a.
1116 547 1238 582 matre
1256 556 1436 583 eoronam
1448 546 1470 582 ‘2
1514 561 1551 575 =
1567 544 1634 583 Be.
1651 544 1722 582 001.

366 616 453 643 1221
477 605 495 653 §
514 616 582 652 49:
608 604 676 641 Bo.
694 603 765 642 col.
788 613 877 649 1272
896 602 915 652 ξ
933 613 992 650 49.

245 677 301 713 39.
329 667 424 711 Quid
439 677 552 702 causa
567 667 661 712 quod
679 665 977 710 nabuyodonosor
997 674 1064 699 rex
1087 664 1266 700 babilonis
1290 674 1413 699 muros
1434 664 1628 699 ierusalem
1650 674 1726 700 non

355 726 479 771 potuit
503 725 686 760 destruere
712 725 790 759 nisi
810 735 883 770 per
905 724 1147 759 nabuzardan
1176 724 1386 769 principem
1418 733 1591 759 cocorum.
1652 722 1726 759 Per

360 784 605 820 nabuzardan
630 782 819 820 destruxit
843 794 911 820 rex
935 781 1125 819 babilonis
1182 798 1219 813 ==
1235 782 1303 819 Be.
1320 781 1392 819 001.
1414 782 1503 819 1218
1523 780 1543 830 ξ
1562 790 1630 828 37:
1657 781 1725 820 Bo.

363 842 450 879 0011.
471 844 573 889 1269,
595 852 688 888 1270
705 841 725 890 ξ
743 852 802 888 37.

329 911 363 950 5.
385 902 497 939 Vnde
513 904 669 948 petrus:
695 901 787 938 Viui
803 900 954 948 lapides
971 913 1036 938 uos
1053 899 1165 943 estis;
1191 901 1231 937 et
1255 899 1349 937 istos
1373 901 1447 937 cod.
1465 911 1587 936 meus:
1611 899 1722 937 Vnde

363 962 515 998 Petrus:
539 961 654 998 Vivos
670 960 818 1008 lapides
834 972 898 997 vos
912 959 1141 998 aedificatos.
1161 961 1238 1004 Be„
1255 961 1321 996 Bo.
1435 956 1437 959 ’

244 1032 301 1066 4ο.
330 1023 427 1066 Quid
457 1023 643 1067 siqnificat
674 1022 767 1057 liber
795 1022 861 1068 qui
892 1022 1002 1057 datus
1037 1025 1088 1056 est
1120 1020 1286 1056 ezechieli
1313 1020 1356 1055 in
1384 1030 1452 1065 quo
1480 1019 1612 1065 scripte
1639 1024 1726 1054 sunt

364 1082 636 1117 lamentationes
651 1085 685 1116 et
701 1092 847 1117 carmen
863 1085 897 1116 et
912 1091 960 1116 ve.
1009 1077 1154 1115 Mentis
1170 1077 1212 1114 in
1230 1089 1399 1116 excessus
1416 1077 1528 1114 datus
1550 1078 1609 1115 est
1627 1077 1727 1114 liber

365 1139 564 1183 esechieli3
610 1155 646 1169 =
661 1139 728 1177 Be.
746 1139 820 1176 001.
841 1149 932 1186 1219
949 1137 969 1186 ξ
987 1149 1058 1184 43:
1083 1137 1152 1174 Bo.
1171 1137 1242 1175 001.
1262 1146 1354 1183 1270
1374 1135 1392 1185 §
1411 1147 1471 1183 43.

330 1209 362 1236 1.
389 1210 560 1236 excessus
576 1201 651 1236 cod.
669 1211 768 1236 meus
785 1211 794 1236 :
823 1209 979 1236 excessu
996 1199 1073 1241 Be„
1094 1199 1161 1234 Bo.

243 1268 301 1304 41.
330 1259 426 1304 Quid
455 1260 638 1304 siqnificat
662 1260 758 1305 quod
783 1259 840 1295 iob
870 1263 959 1294 testa
984 1258 1124 1293 saniem
1147 1256 1310 1293 radebat.
1357 1255 1563 1292 Peccatum
1578 1254 1725 1297 sanies3

364 1317 489 1354 sanies
511 1316 583 1354 hec
608 1317 741 1354 defluit
766 1319 877 1355 extra
934 1332 965 1346 =
984 1316 1050 1353 Be.
1078 1315 1148 1354 001.
1179 1317 1270 1354 1218
1295 1313 1315 1363 §
1340 1316 1409 1361 38:
1441 1314 1507 1352 Bo.
1532 1314 1604 1352 001.
1634 1322 1726 1360 1270

363 1375 382 1425 ἕ
405 1378 461 1423 38-

327 1447 360 1482 4.
389 1435 454 1472 iob
484 1437 589 1472 testa
618 1435 764 1472 saniem
795 1433 897 1472 radit
930 1436 1005 1471 cod.
1037 1446 1159 1470 meus:
1201 1433 1270 1470 Iob
1305 1431 1451 1470 saniem
1488 1431 1592 1470 radit
1624 1434 1725 1470 testa

364 1497 440 1538 Be„
458 1496 525 1531 Bo.

245 1566 302 1601 42.
330 1556 425 1599 Quid
440 1555 626 1600 siqnificat
640 1555 736 1601 quod
755 1554 894 1590 dicitur
907 1554 949 1589 in
964 1553 1046 1590 iob:
1071 1552 1226 1589 beemoth
1245 1552 1441 1588 absorbebit
1457 1556 1491 1588 et
1510 1563 1587 1588 non
1610 1552 1724 1588 mira-

365 1615 473 1660 bitur,
483 1615 545 1649 sed
557 1614 661 1649 habet
667 1615 850 1658 fiduciam
860 1614 955 1660 quod
967 1614 1103 1659 influat
1114 1612 1281 1648 iordanis
1297 1612 1339 1647 in
1354 1623 1394 1648 os
1408 1612 1497 1648 eius.
1535 1610 1725 1648 Absorbet

365 1672 545 1724 beemoth
562 1672 721 1708 fluuium
742 1674 944 1719 speratque
965 1671 1066 1718 quod
1083 1671 1140 1708 ori
1189 1687 1226 1701 =
1241 1670 1308 1707 Be.
1326 1668 1398 1707 001.
1420 1679 1512 1717 1219
1528 1668 1547 1718 ξ
1564 1679 1630 1717 39:
1657 1669 1725 1707 Bo.

364 1732 433 1768 001.
456 1725 547 1777 127'0
564 1730 582 1779 ξ
601 1742 659 1778 39.

245 1804 268 1839 4
272 1803 302 1839 3.
332 1793 427 1837 Quid
439 1793 624 1837 siqniflcat
638 1792 734 1837 quod
742 1791 923 1837 propheta
938 1791 1027 1826 dicit
1038 1794 1109 1825 tres
1121 1791 1223 1826 uiros
1230 1789 1429 1825 saluandos
1441 1793 1584 1824 tantum
1594 1789 1727 1825 scilicet

363 1863 430 1887 noe
454 1851 512 1887 iob
531 1851 666 1886 daniel.
714 1850 782 1886 Iob
807 1861 881 1886 noe
909 1848 1040 1887 daniel
1066 1850 1155 1885 sunt
1181 1847 1359 1885 saluandi
1385 1850 1484 1886 teste
1507 1847 1702 1896 propheta
1715 1859 1724 1889 ;

369 1926 406 1940 =
425 1909 490 1947 Be.
507 1909 578 1946 001.
600 1919 692 1954 1230
709 1908 728 1956 ξ
750 1919 814 1946 11:
839 1909 905 1945 Bo.
924 1908 1012 1946 0011.
1031 1909 1133 1952 1281,
1156 1909 1244 1945 1282
1262 1906 1282 1956 §
1302 1917 1357 1945 11.

330 1971 366 2007 6.
391 1969 603 2005 Pistrinum
620 1971 695 2005 cod.
714 1979 836 2005 meus:
863 1967 1074 2004 Pristinum
1092 1969 1168 2011 Be„
1186 1968 1254 2004 Bo.

330 2031 362 2066 8.
388 2027 536 2075 sponsis
553 2029 629 2066 cod.
647 2039 770 2064 meus.-
796 2029 860 2064 Be.
876 2027 919 2074 (v.
932 2029 985 2072 L),
1002 2028 1068 2064 Bo.
1088 2027 1132 2074 (v.
1147 2026 1204 2072 l.):
1230 2037 1386 2073 sponsus
1402 2027 1478 2069 Be„
1493 2027 1560 2062 Bo.

328 2099 362 2135 9.
389 2087 465 2124 Hic
482 2088 612 2124 manet
628 2087 677 2123 ad
694 2098 856 2134 penam3
881 2086 976 2124 felix
993 2086 1099 2133 capit
1121 2085 1188 2122 ille
1208 2097 1387 2123 coronam
1406 2087 1481 2122 cod.
1505 2097 1627 2122 meus:
1653 2084 1726 2122 Hic

365 2148 496 2184 manet
513 2146 562 2182 ad
577 2157 742 2192 poenam
760 2148 915 2192 raptus3
942 2145 1048 2192 capit
1063 2144 1129 2180 ille
1147 2156 1327 2182 eoronam
1344 2146 1422 2190 Be„
1437 2146 1504 2181 Bo.

245 2220 304 2255 44.
331 2209 423 2244 Item
437 2208 532 2253 quod
548 2207 706 2242 dicitur.-
733 2207 848 2242 Cuius
863 2207 961 2251 iynis
976 2207 1018 2241 in
1034 2217 1124 2251 syon
1140 2209 1174 2241 et
1190 2206 1356 2241 caminus
1371 2206 1413 2241 in
1427 2205 1630 2240 ierusalem.
1681 2203 1727 2239 In

365 2277 460 2313 syon
475 2264 577 2312 ignis
593 2264 636 2300 in
652 2263 928 2311 ierusalemque
945 2263 1138 2307 oaminus;
1184 2280 1221 2294 =
1236 2263 1304 2301 Be.
1322 2263 1395 2300 001.
1417 2272 1509 2309 1219
1527 2261 1546 2310 §
1564 2271 1632 2308 41:
1657 2261 1725 2299 Bo.

365 2325 436 2362 001.
459 2322 588 2371 127οξ
608 2333 666 2369 41.

329 2394 364 2430 4.
390 2385 608 2431 spectatur:
635 2384 674 2419 et
689 2381 756 2419 isti
773 2384 846 2420 cod.
865 2394 983 2419 meus:
1008 2381 1250 2429 speculatum
1275 2380 1318 2417 in
1332 2380 1410 2418 ista
1425 2381 1500 2424 Be„
1517 2381 1585 2418 Bo.

330 2454 364 2491 5.
391 2443 457 2481 sed
473 2442 645 2478 nondum
662 2441 822 2489 plenus;
846 2441 889 2478 in
904 2441 989 2489 ipsa
1005 2444 1081 2479 cod.
1094 2453 1213 2478 meus:
1238 2440 1304 2478 sed.
1321 2452 1402 2478 non
1417 2439 1576 2487 plenus;
1601 2438 1667 2477 sed
1683 2437 1726 2475 in

364 2502 434 2539 illa
451 2503 527 2547 Be„
544 2503 611 2538 Bo.

329 2564 363 2600 6.
388 2572 539 2609 paxque
557 2562 630 2597 cod.
648 2573 767 2597 meus:
792 2571 956 2608 parsque
976 2560 1018 2606 (s.
1037 2558 1200 2607 paxque)
1219 2560 1296 2605 Be„
1312 2559 1378 2596 Bo.

246 2634 303 2670 45.
332 2624 422 2658 Item
446 2622 488 2656 in
506 2621 651 2666 psalmo
667 2621 716 2656 In
740 2622 935 2657 salicibus:
959 2621 1142 2656 tenebrosa
1165 2631 1272 2666 aqua,
1289 2619 1330 2654 in
1353 2618 1508 2654 nubibus
1529 2629 1604 2654 aer.
1652 2615 1725 2654 Do-

365 2679 530 2718 ctrinam
548 2691 619 2726 per
634 2691 783 2726 aquam,
803 2691 871 2727 per
887 2680 1006 2717 nubes
1022 2690 1129 2716 sume
1147 2677 1365 2726 prophetas.
1402 2693 1440 2707 =
1456 2678 1521 2715 Be.
1540 2676 1611 2715 001.
1632 2686 1726 2723 1219

367 2740 384 2787 ξ
405 2749 473 2784 44:
501 2738 567 2775 Bo.
587 2738 656 2775 001.
678 2749 770 2785 1270
788 2738 807 2787 ξ
826 2750 887 2784 44.

245 2802 304 2846 46.
329 2801 421 2836 Item
436 2800 477 2834 in
490 2799 656 2843 psalmo:
681 2800 730 2834 In
745 2799 918 2835 salicibus
933 2799 976 2834 in
995 2799 1112 2834 medio
1129 2798 1217 2833 eius.
1266 2795 1319 2833 Vt
1340 2795 1466 2833 fertur
1488 2793 1621 2831 salices
1635 2795 1725 2831 sunt

365 2858 407 2894 in
425 2856 550 2895 medio
567 2857 770 2895 babilonis.
814 2874 850 2889 =
869 2857 935 2895 Be.
953 2857 1024 2895 eol.
1046 2867 1138 2895 1220
1156 2855 1176 2905 ᾗ
1194 2865 1264 2905 45:
1291 2854 1359 2894 Βο.
1377 2854 1451 2893 001.
1471 2864 1564 2901 1270
1581 2853 1600 2903 ξ
1619 2862 1678 2902 45.

355 2939 424 2973 432
