1846 3262
108 223 186 273 787
206 223 246 262 b·
584 219 847 265 IOANNIS
888 219 1406 264 SARESBERIENSIS
1511 218 1622 280 [LIB.
1638 231 1742 264 v11t:

254 342 421 386 ciuium
442 357 552 400 quos
572 341 706 385 morti
730 341 1059 394 destinauerat;
1090 344 1273 399 eratque
1299 341 1485 386 alterius
1503 341 1737 400 inscriptio

253 411 441 469 gladius,
463 412 593 454 alteri
629 411 776 468 pugio.
837 411 988 454 Archa
1020 425 1194 468 quoque
1229 411 1388 469 ingens
1418 411 1735 469 multiplicium

212 496 235 526 c
255 497 528 525 uenenorum
568 481 756 524 inuenta
795 484 875 534 est,
916 481 1078 538 quibus
1124 480 1313 525 Claudio
1353 481 1514 526 Cesare
1553 481 1742 525 iubente⁴

255 551 467 594 demersis
516 551 660 593 maria
708 551 806 609 ipsa
851 565 1015 609 magno
1053 550 1242 608 piscium
1282 551 1422 594 exitio
1460 554 1737 608 protestante

254 621 500 665 traduntur
529 620 710 664 infecta.
773 620 995 664 Successit
1024 621 1248 664 auunculo
1277 620 1509 678 Caligulae
1531 619 1737 676 (Claudio
1756 635 1778 669 5

254 696 405 734 tamen
433 691 714 748 interposito)
738 690 860 734 Nero
882 690 1019 735 Cesar
1031 705 1040 744 3
1071 705 1220 733 rerum
1247 690 1550 748 uitiorumque
1569 704 1737 734 succes-

254 775 338 813 sor,
374 760 512 803 immo
551 763 865 817 transgressor,
900 760 1198 817 petulantiam
1238 759 1470 803 libidinem
1510 759 1738 802 luxuriam

254 830 494 873 auaritiam
526 830 926 887 crudelitatemque
960 830 1123 873 scelere
1151 830 1311 887 quouis
1336 829 1547 873 exercuit.
1607 829 1738 873 Teste

253 914 447 957 namque
478 899 637 942 Orosio
664 899 860 956 percitus
888 899 1152 957 petulantia,
1172 899 1324 942 omnia
1350 913 1490 956 paene
1510 898 1672 942 Italiae
1691 902 1739 942 et

253 970 466 1013 Graeciae
486 970 666 1013 theatra
692 970 979 1027 perlustrans,
1002 972 1231 1027 assumpto
1251 969 1388 1013 etiam
1407 968 1524 1012 uarii
1544 969 1738 1012 uestitus
1757 987 1801 1012 ιο

253 1040 476 1092 dedecore,
504 1040 667 1083 cericas
690 1039 753 1095 (id
784 1043 853 1084 est
882 1040 1143 1098 cornicines)
1165 1039 1423 1084 citharistas
1452 1039 1661 1098 tragedos
1691 1041 1738 1083 et

254 1111 435 1168 aurigas
475 1125 606 1167 saepe
645 1110 771 1154 uisus
811 1114 879 1154 est
919 1125 1161 1168 superasse.
1241 1110 1524 1154 Libidinibus
1562 1124 1738 1167 quoque

254 1180 396 1223 tantis
427 1180 684 1237 exagitatus
725 1183 793 1224 est
828 1183 882 1224 ut
913 1196 970 1223 ne
1006 1195 1034 1223 a
1072 1183 1216 1224 matre
1257 1180 1437 1237 quidem
1477 1179 1550 1224 uel
1589 1194 1737 1223 sorore

254 1250 404 1293 ullaue
450 1251 854 1308 consanguinitatis
901 1251 1153 1294 reuerentia
1201 1250 1470 1294 abstinuisse
1504 1249 1740 1301 referatur,

254 1320 403 1363 uirum
432 1320 479 1363 in
507 1335 693 1363 uxorem
720 1320 914 1373 duxerit,
934 1321 1029 1377 ipse
1056 1335 1084 1363 a
1107 1320 1206 1363 uiro
1226 1323 1280 1363 ut
1306 1335 1422 1363 uxor
1441 1322 1647 1377 acceptus
1666 1319 1739 1364 sit.
1759 1340 1800 1374 ¹5

208 1394 236 1434 d
256 1389 482 1433 Luxuriae
511 1392 606 1433 tam
637 1390 875 1433 effrenatae
905 1389 997 1434 fuit
1025 1393 1079 1433 ut
1109 1390 1280 1433 retibus
1307 1390 1454 1433 aureis
1478 1389 1738 1447 piscaretur,

255 1459 492 1517 purpureis
528 1458 737 1512 funibus3
780 1459 959 1518 frigidis
989 1463 1035 1503 et
1066 1459 1223 1504 calidis
1262 1460 1437 1503 lauaret
1471 1459 1715 1517 unguentis
1729 1473 1745 1512 ;«Ἰ

254 1530 425 1572 nullam
446 1531 616 1572 uestem
638 1529 706 1572 bis
727 1529 887 1581 induit,
902 1545 983 1573 nec
1002 1545 1215 1587 umquam
1236 1529 1385 1572 minus
1403 1529 1526 1572 mille
1544 1529 1744 1573 carrucis·

254 1599 494 1644 confecisse
521 1599 719 1642 traditur
743 1600 840 1643 iter.
901 1599 1104 1657 Denique
1133 1600 1258 1643 urbis
1287 1600 1454 1643 Romae
1480 1599 1736 1643 incendium

254 1669 502 1726 uoluptatis
526 1683 632 1712 suae
661 1670 961 1727 spectaculum
983 1669 1113 1723 fecit3
1143 1684 1223 1727 per
1248 1685 1328 1712 sex
1355 1669 1450 1712 dies
1477 1672 1735 1727 septemque
1758 1688 1801 1712 20

254 1742 406 1783 noctes
426 1739 586 1782 ardens
606 1739 768 1783 ciuitas
787 1740 933 1797 regios
957 1740 1086 1797 pauit
1106 1743 1324 1797 aspectus.
1370 1739 1545 1783 Horrea
1565 1739 1736 1797 quadro

254 1811 426 1852 structa
456 1809 604 1866 lapide
634 1824 910 1867 magnaeque
939 1809 1043 1852 illae
1073 1813 1277 1853 ueterum
1307 1809 1491 1861 insulae,
1512 1824 1622 1867 quas
1649 1809 1738 1853 dis-

254 1894 436 1922 currens
450 1880 630 1922 flamma
647 1880 771 1923 adire
786 1895 876 1923 non
891 1883 1080 1937 poterat,
1093 1880 1268 1937 magnis
1283 1880 1501 1923 machinis
1514 1881 1739 1938 quondam

254 1949 312 1992 ad
340 1952 527 1992 externa
553 1940 670 1992 bella
696 1950 973 2007 praeparatis
1000 1949 1248 1993 labefactae
1272 1953 1408 2007 atque
1434 1950 1738 1995 inflammatae

254 2022 372 2070 sunt,
402 2019 460 2062 ad
494 2019 718 2062 aditorum
748 2020 1001 2063 mansiones
1034 2020 1356 2077 bustorumque
1390 2020 1635 2065 diuersoria
1668 2020 1736 2064 in·
1756 2035 1801 2069 ²5

255 2089 375 2133 felici
399 2089 526 2147 plebe
546 2089 783 2147 compulsa.
845 2090 975 2143 Quod
995 2090 1089 2147 ipse
1110 2105 1166 2133 ex
1186 2090 1404 2134 altissima
1431 2091 1740 2134 Mecenatiana

108 2165 186 2215 788
207 2175 237 2205 a
253 2162 379 2203 turre
409 2162 707 2217 prospectans,
732 2159 937 2217 letusque
966 2160 1172 2203 flammae
1201 2161 1270 2216 (ut
1297 2159 1462 2218 aiebat)
1489 2161 1741 2218 pulchritu-

253 2229 369 2281 dine,
409 2229 580 2287 tragico
615 2229 775 2273 habitu
816 2229 1059 2273 Heleifeles
1093 2229 1224 2273 odam
1264 2233 1406 2281 sonat,
1445 2230 1742 2276 sacerdotales

252 2300 445 2356 hymnos
478 2299 678 2343 ciuitatis
708 2299 756 2342 in
780 2314 870 2357 qua
899 2299 1004 2343 solis
1031 2299 1240 2358 splendor
1269 2300 1432 2344 colitur
1458 2300 1739 2347 decantabat.

252 2399 276 2435 9
299 2388 436 2426 ithalie
454 2388 500 2425 S:
525 2388 686 2425 ithaliae
704 2389 745 2424 M
915 2399 959 2426 10
977 2389 1103 2444 ‘etiam
1120 2401 1187 2426 om.
1207 2388 1247 2426 S1
1406 2398 1452 2435 27
1476 2389 1738 2437 pulcritudine

250 2436 312 2473 AS
454 2438 500 2473 28
525 2436 729 2474 helerfeles
745 2437 776 2472 B
875 2447 922 2483 29
945 2437 1099 2474 hunnos
1115 2437 1198 2474 AS:
1222 2449 1360 2484 ymnos
1378 2437 1418 2473 M

303 2526 321 2564 5
348 2518 520 2553 Successit
536 2519 609 2554 etc.
625 2529 633 2553 :
661 2529 694 2553 v.
712 2516 817 2553 Oros.
835 2515 897 2552 vii.
916 2525 937 2561 7
957 2516 999 2563 ἐξ
1022 2526 1125 2554 1-12.
1243 2525 1287 2563 25
1315 2518 1498 2553 aditorum
1513 2518 1738 2554 mansiones:

253 2570 568 2602 monumentorum
584 2565 689 2601 Oros.
799 2566 844 2600 28
870 2565 1064 2611 Helelfeles
1080 2567 1175 2601 etc.:
1201 2566 1366 2601 Iliadam
1381 2566 1595 2601 decantabat
1610 2564 1714 2602 Oros.
1728 2577 1738 2608 ;

252 2615 412 2649 Halosin
426 2614 496 2649 Ilii
511 2614 717 2648 decantauit
735 2612 837 2649 Suet.
852 2612 955 2658 (Ner.
971 2613 1043 2658 38).
1078 2611 1260 2658 Suspicor
1275 2611 1316 2648 in
1333 2612 1462 2649 codice
1480 2611 1609 2659 aliquo
1626 2611 1739 2649 exsti·

253 2661 346 2697 tisse
375 2659 514 2706 (verbis
539 2659 660 2696 Orosii
685 2662 725 2697 et
750 2659 935 2703 Suetonii,
963 2662 1007 2696 ut
1030 2659 1086 2696 ita
1111 2659 1247 2704 dicam,
1272 2659 1561 2708 contaminatis)
1590 2661 1737 2697 halosin

251 2711 431 2753 iliadam;
457 2708 531 2744 hoc
548 2711 678 2745 autem
695 2707 737 2743 in
754 2707 794 2743 id
812 2708 912 2754 quod
937 2707 999 2744 hic
1016 2707 1181 2754 legimus
1204 2710 1425 2754 corruptum
1440 2719 1523 2745 esse
1539 2720 1549 2753 ;
1577 2708 1735 2745 taudem

250 2758 446 2802 Heleifeles
469 2758 586 2800 odam,
604 2755 714 2802 quasi
739 2758 837 2792 esset
858 2756 1061 2801 Heliopolis
1085 2757 1203 2798 odam,
1221 2756 1267 2792 de
1290 2756 1571 2792 sacerdotalibus
1590 2757 1738 2801 hymnis

251 2806 416 2840 ciuitatis
435 2805 478 2840 in
498 2817 570 2849 qua
587 2805 676 2839 solis
698 2805 871 2849 splendor
884 2804 1018 2839 colitur
1033 2803 1096 2849 (cf.
1117 2803 1283 2839 Macrob.
1302 2804 1378 2840 Sat.
1394 2803 1420 2840 i.
1437 2814 1483 2849 23
1503 2802 1522 2846 δ
1546 2806 1603 2848 ιο)
1621 2802 1737 2840 inter·

251 2854 448 2898 pretatum
466 2863 545 2888 esse
562 2853 631 2887 aut
644 2851 825 2888 Ioannem
839 2850 966 2897 ipsum
983 2853 1050 2888 aut
1069 2850 1195 2889 Orosii
1211 2849 1339 2889 nescio
1357 2862 1470 2898 quem
1482 2842 1740 2898 glossatorem-

253 2910 366 2945 quem
382 2899 451 2935 sub
468 2899 588 2936 oculis
605 2898 772 2936 habebat
789 2898 963 2936 Ioannes.

365 2955 427 2995 362
