1846 3262
135 228 234 262 CAP.
251 220 374 276 xxn]
660 218 1103 264 POLICRATICVS
1638 220 1725 271 697
1745 232 1768 261 e

132 342 317 385 castrati
358 344 411 385 ut
450 341 497 383 in
538 341 656 400 regis
695 341 865 399 palatio
912 341 1155 385 secundum
1202 355 1369 384 morem
1414 340 1618 398 gentium

132 412 466 465 ministrarent3
501 412 587 456 nisi
622 412 740 455 forte
775 414 995 470 repugnet
1020 412 1137 469 quod
1167 412 1295 469 pueri
1320 412 1416 455 sine
1442 411 1619 454 macula

132 497 160 525 a
187 497 291 541 rege
315 482 529 526 iubentur
556 482 779 526 introduci
801 486 854 525 ut
873 482 1074 540 linguam
1095 482 1317 526 discerent
1337 481 1617 533 Caldeorum,

132 554 179 595 et
213 556 387 596 constet
418 552 536 609 quod
571 566 661 595 non
696 552 828 595 modo
858 551 1058 595 thesauri
1088 551 1206 609 regis
1236 551 1374 594 Iudae
1404 550 1453 593 in
1483 550 1616 594 Babi—

94 637 113 670 5
131 622 300 666 Ioniam
339 622 549 666 translati
589 625 696 665 sunt
734 622 812 665 sed
852 637 1017 679 magna
1060 636 1164 679 pars
1210 636 1420 665 uasorum
1461 620 1620 678 templi

132 693 315 736 Domini
359 693 407 736 in
455 693 697 736 Ierusalem
744 695 975 749 asportata
1014 692 1191 750 legatur
1234 695 1280 735 et
1323 691 1618 749 prophanata.

133 763 375 821 Eleganter
394 766 558 815 tamen,
579 777 680 806 cum
702 762 923 806 Dominus
947 762 1042 820 regi
1063 762 1328 806 miraculum
1348 761 1620 811 indulsisset,

132 833 468 877 Babiloniorum
504 833 717 878 dicuntur
751 832 901 876 nuntii
938 847 1039 876 cum
1079 832 1340 875 muneribus
1375 831 1618 875 accessisse.

133 904 252 957 Quia
277 907 386 947 tunc
412 903 647 960 praecipue
675 902 776 960 quis
802 902 1071 945 sollicitatur
1090 917 1118 944 a
1137 902 1311 945 nuntiis
1331 901 1618 952 confusionis,

74 995 116 1019 ιο
133 974 312 1031 quando
332 989 412 1031 per
431 973 739 1017 admirabilem
763 972 1047 1016 clementiam
1067 972 1152 1015 Dei
1172 972 1320 1015 uirtus
1341 972 1437 1015 eius
1455 971 1619 1015 clarius

131 1043 384 1088 innotescit.
445 1043 533 1087 Sed
554 1046 662 1086 tunc
682 1042 982 1100 imprudentis
1009 1045 1076 1085 est
1096 1041 1312 1092 exultare,
1333 1042 1440 1099 quia
1459 1042 1507 1084 hi
1528 1056 1619 1086 non

130 1114 262 1158 modo
283 1114 476 1171 suspecti
498 1113 693 1156 habendi
713 1115 820 1156 sunt
840 1112 918 1155 sed
939 1112 1066 1169 quasi
1086 1112 1237 1155 hostes
1256 1111 1618 1169 perniciosissimi
1635 1116 1665 1156 d

130 1184 374 1227 studiosius
409 1183 655 1235 deuitandi,
688 1182 796 1240 quia
829 1182 1019 1225 timendi
1054 1184 1162 1226 sunt
1196 1182 1334 1225 etiam
1366 1196 1468 1225 cum
1501 1181 1619 1225 dona

130 1253 296 1298 ferunt.
348 1253 436 1307 Qm’
452 1268 558 1311 ergo
578 1256 781 1296 aromata
796 1253 1015 1296 bonorum
1030 1267 1226 1310 operum,
1239 1251 1426 1295 uirtutis
1446 1266 1619 1303 aurum,

72 1347 113 1383 ¹5
131 1327 369 1383 argentum
416 1324 708 1382 eloquentiae,
742 1323 1068 1382 cogitationum
1108 1323 1351 1380 pigmenta,
1386 1325 1620 1380 unguenta

131 1394 459 1439 misericordiae
492 1397 539 1438 et
572 1393 834 1437 utensilium
866 1408 1049 1436 suorum
1083 1392 1385 1450 aptitudinem
1419 1395 1620 1436 ostentat

130 1469 176 1510 et
197 1466 409 1516 decorem,
426 1468 472 1509 et
487 1464 526 1508 si
542 1479 631 1522 qua
651 1464 699 1507 in
719 1464 944 1507 thesauris
964 1464 1107 1507 bonae
1126 1463 1422 1507 conscientiae
1442 1454 1619 1507 cautius

128 1540 176 1580 et
198 1536 357 1580 utilius
384 1537 675 1593 reponuntur,
700 1534 857 1578 audiat
882 1534 1073 1578 uerbum
1098 1534 1281 1578 Domini
1309 1533 1509 1591 sciatque
1536 1548 1618 1591 pro

128 1611 251 1651 certo
270 1606 378 1664 quia
396 1606 558 1656 omnia,
571 1620 685 1663 quae
705 1605 901 1648 militare
921 1605 1195 1648 uidebantur
1213 1604 1271 1648 ad
1291 1605 1495 1662 gloriam,
1515 1619 1617 1648 con—

70 1699 114 1722 20
130 1678 330 1722 fusionis·
360 1678 633 1736 stipendium
674 1680 721 1721 et
758 1677 918 1721 mortis
956 1681 1194 1735 acceptura
1233 1680 1352 1720 sunt.
1424 1676 1618 1735 Ipsaque

129 1749 266 1793 etiam
303 1748 500 1792 filiorum
534 1748 751 1792 successio
787 1748 1125 1791 Babiloniorum
1159 1750 1384 1791 castratur
1412 1747 1618 1805 principi,

128 1819 236 1877 quia
273 1833 327 1862 ea
362 1833 475 1876 quae
509 1818 622 1861 alias
652 1818 864 1861 meritum
899 1817 1087 1861 uirtutis
1121 1817 1290 1861 habent
1325 1820 1372 1860 et
1406 1816 1620 1868 fructum,

128 1889 237 1933 dum
257 1889 406 1932 inanis
425 1888 594 1947 gloriae
618 1903 753 1932 causa
772 1889 900 1939 fiunt,
921 1888 1102 1931 inutilia
1122 1890 1230 1931 sunt
1250 1888 1403 1931 actori.
1463 1887 1619 1931 Iustus

129 1959 250 2003 enim
281 1962 589 2002 remunerator
620 1959 847 2016 ypocritas
879 1958 1052 2016 spernit
1084 1960 1131 2002 et
1162 1958 1299 2001 solius
1330 1957 1539 2001 ueritatis
1570 1958 1618 2000 in

72 2047 112 2080 25
130 2030 247 2074 bono
266 2030 439 2073 cultum
459 2031 683 2087 acceptat;
714 2029 840 2072 cuius
867 2029 984 2072 oculi
1010 2028 1135 2072 nullo
1162 2028 1266 2072 fuco
1291 2029 1417 2071 nulla
1443 2028 1619 2072 malitia
1635 2040 1723 2088 698
1745 2049 1775 2078 a

130 2100 401 2158 praestringi
430 2102 628 2157 possunt,
649 2102 757 2157 quia
785 2099 912 2143 uidet
941 2099 990 2142 in
1019 2099 1186 2142 abditis
1213 2102 1259 2142 et
1286 2099 1487 2142 cordium
1514 2113 1616 2156 pro-

130 2170 275 2214 funda
293 2173 532 2214 scrutatur.
592 2169 771 2227 Species
790 2169 1004 2213 discernit
1023 2184 1051 2212 a
1070 2169 1204 2212 rebus

132 2308 154 2344 3
179 2297 427 2334 chaldeorum
444 2297 485 2332 M
647 2296 670 2332 6
694 2295 926 2333 iherusalem
946 2295 970 2332 S
1132 2305 1178 2341 23
1203 2294 1352 2332 auctori
1368 2294 1410 2330 M
1571 2305 1617 2340 24

131 2345 342 2392 hipocritas
359 2346 414 2381 A:
440 2343 662 2391 hypocritas
687 2343 776 2380 GBS
897 2342 1065 2390 spernit]
1092 2346 1323 2390 aspernatur
1347 2342 1402 2379 OS

253 2464 333 2498 ueri
349 2464 446 2499 etc.:
475 2474 507 2498 v.
524 2461 620 2498 Dan.
640 2460 666 2498 i.
683 2471 822 2507 3seqq.
966 2471 989 2505 4
1014 2461 1178 2496 thesauri
1194 2462 1290 2497 etc.:
1317 2472 1350 2497 v.
1368 2459 1498 2506 4Reg.
1515 2460 1615 2497 xxiv.

135 2521 200 2556 13
313 2509 364 2546 .i.
387 2520 421 2564 ²⁹.
439 2522 472 2546 v.
495 2520 530 2546 2.
722 2519 745 2555 9
770 2509 1016 2554 confusionis·
1041 2508 1218 2554 Babylon
1234 2507 1336 2545 enim
1353 2519 1376 2544 a
1393 2507 1616 2546 confusione

131 2568 274 2595 nomen
289 2537 464 2605 accepim
488 2569 520 2594 v.
541 2556 634 2594 Gen.
650 2555 701 2593 xi.
719 2566 942 2603 9.13
968 2559 1122 2592 timendi
1138 2558 1211 2593 etc.
1229 2569 1238 2593 ε
1265 2568 1298 2593 v.
1316 2556 1428 2604 Verg.
1455 2557 1548 2593 Aen.
1572 2555 1614 2594 ii.

130 2616 190 2652 49.
319 2616 363 2650 14
386 2611 554 2641 aromata
572 2606 646 2642 etc.
660 2617 669 2640 ε
695 2617 727 2640 v.
745 2615 767 2649 4
785 2603 1145 2650 Regxx.13;1sa„
1164 2603 1292 2640 xxxix.
1312 2615 1345 2641 2.
1443 2604 1617 2641 bonorum

130 2665 305 2700 operum:
332 2653 379 2690 cf.
399 2652 646 2700 pseudo-Bed.
666 2654 809 2697 Quaest.
827 2654 867 2687 in
884 2653 1009 2699 4Req.
1026 2663 1059 2688 c.
1077 2661 1097 2697 7
1113 2651 1260 2700 (Migne
1277 2653 1318 2688 P.
1331 2653 1376 2688 L.
1393 2651 1499 2688 xciii.
1515 2652 1615 2699 449).

132 2713 179 2738 20
201 2703 428 2749 stipendium
443 2702 594 2738 moni-s:
621 2712 655 2736 v.
673 2699 781 2736 Rom.
798 2698 846 2736 vi.
867 2710 924 2746 23.
1100 2711 1148 2745 24
1172 2705 1442 2736 remunerator:
1467 2712 1500 2736 v.
1517 2699 1615 2737 Heb.

130 2748 183 2786 xi.
200 2751 234 2787 6.
332 2750 447 2785 solius
461 2750 631 2785 ueritatis
643 2750 713 2785 etc.
730 2761 738 2784 :
764 2747 814 2784 cf.
833 2747 967 2785 Ioann.
980 2747 1029 2784 iv.
1049 2758 1106 2794 23.
1222 2749 1269 2785 26
1292 2749 1419 2784 uidet·
1404 2760 1445 2784 m
1461 2749 1615 2785 abditis:

131 2810 164 2835 v.
183 2797 295 2834 Matt.
314 2796 364 2833 vi.
382 2798 416 2840 6,
438 2798 502 2840 18;
527 2796 594 2832 ubi
617 2796 664 2832 ad
687 2796 815 2832 locum
839 2795 1006 2833 alterum
1023 2794 1230 2833 lectionem
1249 2797 1389 2832 abedito
1411 2807 1483 2842 pro
1500 2795 1614 2843 Vulg.

131 2846 340 2882 abscondito
357 2856 378 2882 e
396 2844 526 2882 codice
544 2843 753 2880 Harleiano
770 2843 941 2880 referunt
957 2844 1215 2881 Wordsworth
1227 2845 1260 2880 ἀ
1278 2843 1422 2882 White.
1543 2856 1606 2882 cor

133 2892 238 2942 dium
254 2895 353 2931 etc.z
379 2905 413 2930 v.
431 2892 566 2930 Ierem.
582 2891 671 2928 xvii.
690 2903 755 2936 103
789 2903 804 2929 1
825 2891 908 2929 Cor.
926 2890 967 2929 ii.
988 2902 1042 2929 10.

1441 2973 1507 3008 ²03
