1846 3262
769 210 1085 256 APPENDIX
1125 209 1178 253 II

368 330 457 368 Non
483 332 542 368 est
566 329 631 366 hic
656 328 854 375 quisquam
879 326 1033 374 triplici
1057 337 1210 364 securus
1236 325 1285 363 ab
1309 323 1433 370 hoste,

420 389 492 435 Qui
516 388 631 432 fallit,
657 388 809 425 blandis
834 387 1003 433 undique
1028 386 1132 423 bella
1156 396 1324 422 mouens.

372 449 536 486 Mundus
561 447 724 492 diuiciis,
751 446 862 483 uiciis
887 457 984 489 caro,
1011 444 1167 492 spiritus
1190 444 1275 482 istis

421 507 645 544 Immundus
669 508 830 554 pugnat,
859 505 1036 542 omnibus
1061 516 1148 540 usus
1173 503 1239 541 eis.

373 568 444 605 His
469 566 535 604 uia
559 566 677 613 plena
701 565 824 609 malis,
850 565 912 601 his
935 564 1137 601 turbamur
1160 562 1365 611 peregrini,

422 626 593 663 Exilium
617 637 686 662 nos
709 624 770 660 his
793 623 967 662 hostibus
993 635 1113 670 usque
1139 622 1291 670 premit.

372 687 455 724 Hec
480 686 571 733 quia
596 685 803 728 delectant,
829 682 890 719 his
915 682 1089 720 irretitus
1113 681 1288 724 amando,

422 746 496 783 Hic
521 744 652 793 grauis
677 745 727 780 ad
750 742 919 790 patriam
942 742 1090 779 tardius
1114 741 1169 779 ire
1194 741 1313 779 uolet.

375 805 546 843 Exilium
570 803 679 841 nobis
703 804 761 840 est
786 801 964 846 mundus,
990 801 1117 848 patria
1142 801 1288 844 celum3

422 864 496 902 Hic
521 864 600 901 iter
624 864 693 908 est,
718 862 775 898 ibi
799 873 868 898 nos
893 860 1042 898 mansio
1068 862 1175 898 certa
1198 862 1343 898 manet.

375 924 459 960 Hoc
483 925 571 971 post
594 921 753 959 exilium
779 920 908 967 patria
932 919 996 958 uel
1021 931 1173 957 carcere
1198 919 1358 968 dignum

424 981 571 1019 Scimus
594 992 663 1028 pro
689 979 839 1017 meritis
864 978 1078 1026 quemlibet
1104 990 1182 1016 esse
1208 979 1296 1018 suis.

375 1040 557 1079 Exclusos
582 1039 712 1086 patria
737 1051 869 1076 carcer
893 1038 1096 1075 concludet
1119 1037 1266 1082 auerni,

422 1101 566 1138 Luctus
590 1099 656 1136 ubi
681 1109 832 1146 prepes,
857 1097 955 1144 iugis
980 1099 1021 1134 et
1044 1097 1180 1134 horror
1203 1097 1288 1134 erit.

376 1161 468 1197 Post
493 1159 629 1196 mundi
654 1170 817 1202 cursum,
842 1169 930 1194 cum
955 1157 1030 1194 celi
1054 1157 1154 1194 celsa
1178 1157 1377 1203 patebunt,

421 1219 572 1256 Gaudia
596 1217 815 1265 percipiens
841 1228 989 1253 summa
1012 1216 1151 1253 beatus
1177 1215 1262 1253 erit.

376 1275 530 1314 Premia
554 1275 715 1312 diuersis
739 1273 885 1311 meritis
910 1273 1063 1310 diuersa
1086 1272 1294 1318 dabuntur,

424 1333 529 1370 Mors
554 1334 688 1369 eterna
711 1330 836 1376 malis,
859 1329 943 1366 uita
967 1330 1079 1366 beata
1101 1329 1222 1366 bonis.

375 1393 478 1430 Dum
502 1391 605 1435 licet,
633 1402 722 1439 ergo
748 1390 822 1427 sibi
845 1389 1001 1426 studeat
1025 1388 1099 1425 sibi
1124 1388 1281 1435 quisque
1307 1388 1458 1433 mereri,

425 1448 492 1490 Ne,
521 1460 608 1484 cum
631 1459 711 1484 non
735 1446 865 1490 liceat,
893 1447 1027 1492 postea
1051 1456 1136 1482 sero
1160 1445 1268 1482 uelit.

379 1507 471 1545 Sero
496 1506 601 1543 uolet
624 1506 758 1543 fecisse
782 1505 927 1541 bonum
954 1516 1040 1541 cum
1066 1505 1170 1541 meta
1194 1504 1370 1542 merendi

425 1566 578 1603 Nullius
601 1564 764 1612 imperio
790 1575 893 1601 mors
919 1563 1164 1611 reprimenda
1187 1563 1310 1600 uenit.

379 1627 437 1665 Ex
461 1638 501 1663 se
526 1637 640 1663 nemo
665 1627 799 1662 tamen
824 1625 981 1671 reputet
1004 1624 1107 1660 bona
1132 1623 1305 1670 quelibet
1329 1634 1433 1670 esse3

424 1686 603 1723 Ascribat
627 1684 778 1722 meritis
802 1684 951 1731 premia
974 1694 1089 1720 nemo
1114 1682 1202 1720 suis.

377 1747 486 1784 Velle
509 1746 653 1783 bonum
677 1755 790 1781 nemo
815 1742 970 1790 poterit,
996 1741 1073 1778 nisi
1097 1742 1226 1789 gratia
1251 1742 1389 1786 donet3

427 1805 591 1842 Inchoat
615 1805 655 1841 et
680 1803 834 1850 peragit
858 1802 985 1850 gratia
1007 1802 1087 1839 sola
1109 1801 1264 1838 bonum.

379 1864 512 1902 Gratia
535 1863 634 1900 uelle
659 1863 802 1907 mouet,
827 1862 974 1898 motum
998 1860 1108 1897 iuuat
1132 1860 1232 1897 unde
1257 1862 1450 1907 meretur3

427 1924 512 1960 Hec<
533 1921 662 1960 reddit
686 1921 836 1959 meritis
858 1920 1009 1968 premia
1033 1922 1147 1967 grata
1171 1921 1260 1957 suis.

380 1983 517 2021 Gratia
542 1983 610 2019 dat
634 1980 785 2025 merita,
810 1980 940 2028 gratia
964 1980 1033 2017 dat
1057 1979 1208 2027 premia
1232 1979 1338 2025 sola;

426 2042 663 2080 Preueniens
687 2040 758 2077 illa
781 2040 900 2076 donat
926 2042 966 2076 et
991 2039 1067 2075 ista.
1091 2049 1263 2085 sequens.

379 2103 462 2140 Hec
488 2101 563 2139 nisi
588 2099 801 2148 preueniat,
826 2099 903 2136 nisi
927 2099 960 2136 si
985 2098 1191 2136 comitetur
1216 2099 1258 2135 et
1281 2098 1361 2143 illa,

425 2162 491 2198 Nil
516 2161 626 2197 labor
648 2162 718 2197 aut
741 2159 937 2203 meritum,
965 2158 1024 2194 nil
1048 2158 1155 2195 ualet
1179 2158 1403 2204 arbitrium3

381 2221 508 2269 Erigit
532 2218 745 2264 arbitrium,
772 2218 939 2255 multum
963 2217 1066 2264 regit
1090 2219 1206 2264 atque
1231 2218 1402 2255 laborem

427 2279 583 2327 Dirigit,
611 2281 653 2316 et
678 2277 826 2315 claudit
851 2276 983 2314 omnia
1007 2277 1084 2314 fine
1109 2277 1233 2320 bon0;

381 2341 465 2378 Hac
490 2339 573 2376 sine
597 2338 707 2375 nulla
730 2337 874 2382 ualent,
897 2337 969 2374 hec
994 2336 1088 2374 assit
1113 2335 1242 2373 omnia
1265 2337 1437 2383 prosunt,

430 2400 593 2446 Solaque
619 2398 652 2435 si
676 2397 775 2435 desit
800 2399 927 2434 cetera
952 2407 1100 2443 queque
1125 2398 1282 2434 nocent.

381 2459 482 2496 Dum
506 2458 812 2506 peregrinamur,
837 2457 929 2493 dum
954 2456 1119 2492 mundus
1143 2455 1224 2493 abit
1249 2454 1448 2504 fugitiuus,

430 2519 511 2555 Hec
536 2516 647 2555 nobis
672 2517 775 2562 assit,
799 2517 871 2553 hec
895 2516 996 2553 bona
1020 2517 1152 2552 nostra
1175 2517 1297 2563 regat.

381 2578 557 2616 Confidat
582 2588 696 2614 nemo
721 2576 767 2613 de
792 2587 920 2613 rerum
944 2575 1222 2623 prosperitate3

431 2638 616 2685 Prospera
639 2637 868 2684 pretereunt
892 2634 1110 2672 mobilitate
1135 2633 1224 2678 leui,

383 2697 534 2735 Diuicie
559 2695 731 2744 fugiunt,
755 2706 826 2732 nec
851 2695 1054 2743 permanet
1078 2693 1159 2730 ulla
1183 2694 1414 2740 potestas,—

431 2757 503 2803 Qui
527 2757 639 2794 modo
665 2766 813 2792 summa
836 2756 957 2801 tenet,
982 2753 1120 2791 ultima
1143 2755 1248 2791 terra
1270 2752 1382 2799 tegit.

838 2893 894 2925 61.
919 2894 941 2925 l.
957 2891 1136 2924 meritum

352 2962 420 3005 436

1668 395 1716 431 30

1670 989 1720 1023 40

1676 1573 1722 1611 50

1681 2760 1726 2797 70
