1846 3262
80 231 159 281 783
178 228 208 271 d
494 225 498 228 ’
550 226 814 272 IOANNIS
855 226 1375 272 SARESBERIENSIS
1460 223 1700 289 [mavul

223 353 386 403 mento,
418 350 490 394 cui
524 350 729 394 resistere
759 352 806 393 et
840 348 1142 393 contradicere
1171 364 1262 392 non
1292 349 1522 394 audebunt
1551 364 1703 395 omnes

224 421 469 466 aduersarii
491 420 644 463 nostri.
705 419 838 473 Quo?
867 419 1028 476 inquis.
1089 419 1248 476 Opera,
1268 419 1463 476 inquam,
1484 434 1597 478 quae
1617 420 1703 477 ipsi

226 492 412 541 faciunt,
438 489 744 533 testimonium
774 488 1012 546 perhibent
1041 488 1097 532 de
1127 489 1202 532 eis.
1263 489 1313 532 Si
1342 489 1487 533 locum
1517 489 1706 547 quaeris,

226 561 431 603 effectum
462 573 550 616 quo
580 558 635 601 de
666 573 824 601 causae
854 557 1110 602 sinceritate
1139 561 1312 602 constet
1341 559 1550 611 attende;
1579 559 1706 603 cuius

227 631 346 674 enim
386 644 497 687 opus
546 629 713 672 bonum
763 630 842 680 est,
882 628 1030 685 ipsum
1078 643 1252 686 quoque
1292 629 1458 671 bonum
1498 632 1578 673 est.
1656 628 1706 672 Si
1726 643 1745 678 5

208 694 466 750 auctorem,
487 713 588 742 eum
617 698 694 755 qui
715 698 803 741 ait:
834 698 876 740 A
897 697 1120 741 fructibus
1140 713 1294 742 eorum
1315 698 1588 757 cognoscetis
1607 712 1709 749 eos;

229 785 321 813 non
368 769 486 813 enim
529 771 678 826 potest
717 768 850 811 arbor
889 768 1007 811 mala
1047 767 1222 811 fructus
1263 769 1402 812 bonos
1442 768 1589 812 facere
1629 770 1710 811 aut

84 845 165 895 784
184 855 214 885 a
231 839 479 884 conuersim
515 838 648 881 arbor
681 838 797 881 bona
829 837 1004 881 fructus
1035 838 1188 882 malos.
1250 839 1435 882 Possent
1465 853 1547 896 pro
1577 838 1652 889 eis,
1672 837 1710 880 si

232 910 332 968 quis
356 913 509 953 tamen
529 911 597 951 est
617 908 695 966 qui
716 908 779 951 eis
799 911 977 952 censeat
997 907 1335 959 detrahendum,
1349 909 1480 966 plura
1499 907 1711 966 proponi;

230 980 308 1024 sed
328 980 376 1022 in
397 979 654 1022 defensione
674 993 827 1022 eorum
857 978 940 1022 hoc
959 992 1100 1021 unum
1121 978 1324 1023 sufficiat.
1382 978 1572 1023 Constat
1592 978 1711 1021 enim
1733 995 1773 1020 10

230 1051 338 1108 quia
364 1050 679 1108 Apostolorum
707 1051 883 1106 oportet
909 1048 1095 1091 adorare
1122 1049 1315 1107 uestigia
1341 1051 1387 1092 et
1413 1049 1513 1092 illos
1538 1063 1632 1092 esse
1659 1050 1713 1091 ut

231 1124 382 1179 patres
401 1119 694 1170 honorandos,
707 1118 912 1162 colendos
924 1121 977 1161 ut
996 1118 1210 1170 dominos,
1224 1119 1301 1176 qui
1318 1133 1470 1162 eorum
1485 1117 1715 1177 possident

231 1191 381 1235 sedem
397 1193 442 1233 et
462 1190 701 1233 imitantur
715 1189 869 1231 uitam.
922 1188 1031 1232 Illos
1051 1189 1202 1246 potius
1220 1189 1329 1233 haec
1348 1189 1515 1247 pagina
1534 1187 1715 1246 respicit

233 1262 310 1319 qui
343 1261 507 1319 plumis
534 1261 765 1303 uehuntur
790 1259 1048 1317 pensilibus,
1068 1259 1116 1302 in
1138 1259 1377 1303 saturitate
1397 1259 1632 1317 disputant
1659 1257 1714 1301 de

233 1331 424 1382 ieiuniis,
456 1334 502 1374 et
542 1330 660 1388 quod
695 1330 846 1373 uerbis
878 1332 1090 1373 astruunt
1122 1330 1330 1387 operibus
1362 1329 1601 1373 destruunt
1613 1342 1623 1382 ;
1665 1329 1714 1371 in
1733 1343 1774 1378 15

233 1417 368 1446 curru
399 1400 591 1444 eunuchi
620 1400 801 1458 reginae
831 1400 1076 1457 Ethiopum
1105 1399 1268 1443 clausis
1293 1399 1432 1444 oculis
1459 1399 1716 1456 Scripturas

234 1472 444 1516 locuntur
470 1473 516 1514 et
543 1470 760 1520 lectitant,
791 1472 836 1513 et
866 1484 967 1513 eum
998 1469 1076 1527 qui
1103 1470 1219 1513 sicut
1246 1470 1344 1513 ouis
1368 1469 1424 1512 ad
1455 1469 1716 1513 occisionem

236 1543 397 1586 ductus
438 1543 506 1584 est
540 1543 586 1583 et
627 1554 676 1583 os
715 1554 846 1583 suum
886 1553 1033 1583 coram
1071 1555 1118 1583 se
1158 1540 1371 1584 tondente
1411 1554 1502 1583 non
1541 1539 1719 1597 aperuit

236 1612 453 1669 respicere
468 1610 770 1667 dedignantur
782 1613 863 1652 aut
876 1613 1116 1667 nequeunt,
1130 1625 1211 1654 nec
1225 1610 1492 1668 discipulum
1512 1610 1719 1653 ueritatis

189 1683 219 1722 b
239 1683 540 1739 interpretem,
561 1680 700 1724 donec
727 1680 997 1723 descendant
1025 1680 1083 1723 ad
1103 1695 1242 1737 aquas
1262 1680 1424 1738 quibus
1444 1680 1719 1723 mundentur
1737 1693 1781 1718 20

239 1751 297 1794 ab
335 1750 543 1808 operibus
589 1749 789 1800 mortuis,
830 1749 1076 1808 dignantur
1114 1749 1333 1808 colligere.
1410 1749 1583 1807 Vtique,
1615 1749 1720 1793 licet

241 1821 575 1879 Scripturarum
623 1820 848 1863 insideant
888 1820 999 1863 rotis
1038 1823 1084 1863 et
1123 1823 1419 1877 pennatorum
1459 1819 1720 1863 animalium

240 1891 412 1948 impetu
451 1890 750 1947 perferantur,
789 1889 946 1947 lingua
985 1904 1149 1940 eorum,
1185 1904 1286 1945 cum
1326 1889 1381 1932 de
1420 1889 1722 1946 superioribus

240 1960 554 2017 disputauerit,
569 1962 740 2003 terram
761 1959 919 2018 lingit3
948 1974 1029 2002 nec
1050 1958 1308 2016 Scripturas
1328 1958 1602 2016 intelligunt,
1617 1959 1723 2016 quia

241 2045 317 2074 cor
349 2045 502 2073 eorum
534 2045 624 2073 non
656 2030 802 2088 aperit
837 2029 1124 2073 scientiarum
1157 2028 1377 2072 Dominus
1418 2029 1495 2086 qui
1535 2029 1724 2086 aperuit,
1743 2046 1782 2080 ²5

242 2100 358 2143 sicut
397 2099 445 2142 in
489 2099 679 2143 Actibus
718 2099 1037 2156 Apostolorum
1077 2098 1294 2155 scriptum
1334 2101 1413 2149 est,
1456 2112 1532 2142 cor
1571 2098 1725 2142 Lidiae

242 2169 537 2228 purpurariae
567 2172 620 2212 ut
650 2169 828 2213 audiret
858 2184 911 2212 ea
940 2183 1053 2226 quae
1084 2169 1348 2212 dicebantur
1381 2183 1409 2212 a
1442 2168 1591 2220 Paulo,
1612 2183 1726 2226 quae

244 2240 420 2283 fidelius
448 2239 608 2282 humili
635 2239 891 2282 obedientia
915 2238 1230 2282 mandatorum
1258 2253 1393 2295 quam
1423 2238 1727 2296 disputatione

245 2310 434 2353 uerbosa
454 2310 599 2352 Deum
621 2309 884 2352 timentibus
905 2309 1201 2351 innotescunt.
1263 2307 1356 2351 Fur
1374 2311 1526 2351 autem
1547 2308 1647 2365 quis
1667 2308 1728 2352 sit

246 2379 413 2436 duplici
441 2378 615 2422 ratione
641 2378 878 2436 colligitur.
940 2377 1060 2420 Nam
1091 2378 1166 2420 ille
1201 2377 1278 2434 qui
1309 2377 1364 2421 de
1393 2377 1728 2442 conuersatione
1747 2394 1790 2428 30

246 2488 269 2523 4
295 2478 343 2515 de
361 2477 514 2523 causae]
531 2478 658 2514 deesse
676 2476 773 2514 CBA
937 2485 977 2522 17
1004 2476 1216 2523 loquuntur
1231 2475 1265 2510 A
1425 2485 1473 2522 30
1496 2474 1672 2523 dupplici
1687 2475 1729 2511 M

247 2525 494 2563 conuersione
511 2525 572 2562 CB

298 2617 320 2643 2
348 2609 466 2654 Opera
482 2609 580 2644 etc.=
605 2619 638 2642 v.
659 2606 790 2643 Ioann.
810 2618 842 2642 v.
862 2606 918 2652 36.
1106 2615 1127 2651 3
1153 2606 1292 2642 locum:
1318 2604 1374 2641 De
1389 2604 1567 2642 hocloco
1584 2603 1633 2641 cf.
1651 2603 1730 2642 Cic.

253 2657 342 2701 Top.
365 2657 406 2692 18
425 2654 443 2702 ξ
462 2655 520 2700 67.
640 2655 663 2691 6
688 2656 722 2690 A
730 2655 918 2701 fructibus
935 2655 1035 2691 etc.:
1059 2652 1170 2690 Matt.
1188 2652 1252 2689 vii.
1273 2653 1327 2698 16,
1351 2662 1406 2698 17.
1529 2663 1572 2697 14
1589 2654 1732 2699 plumis

250 2705 344 2740 etc.:
369 2715 402 2739 v.
423 2703 502 2740 Iuv.
522 2704 598 2740 Sat.
616 2701 642 2739 i.
663 2704 740 2750 158,
762 2711 839 2749 159.
1020 2710 1075 2748 15,
1096 2701 1139 2737 16
1164 2702 1205 2736 in
1222 2713 1335 2737 curru
1351 2702 1449 2738 etc.:
1475 2711 1512 2736 ν.
1528 2699 1612 2737 Act.
1630 2699 1729 2747 App.

251 2750 330 2787 viii.
357 2760 401 2795 27
415 2762 520 2797 seqq.
626 2760 684 2794 20,
706 2760 748 2786 21
777 2751 1001 2785 mundentur
1015 2751 1112 2786 etc.:
1140 2760 1174 2784 v.
1194 2748 1310 2785 Hebr.
1327 2747 1380 2786 ix.
1403 2758 1457 2793 14.
1564 2758 1609 2784 22
1633 2748 1731 2784 Sors·-

249 2804 449 2844 pturarum
470 2801 564 2835 etc.:
596 2809 628 2834 v.
656 2796 790 2834 Ezech.
806 2796 832 2834 i.
851 2805 869 2844 5
888 2809 993 2843 seqq.
1010 2808 1096 2833 cum
1119 2795 1233 2843 Greg.
1255 2795 1308 2832 M.
1334 2796 1438 2831 Hom.
1457 2797 1499 2831 in
1516 2796 1645 2832 Ezech.
1667 2794 1732 2832 vii.

255 2846 280 2900 ᾗ.
294 2847 315 2882 8
335 2846 483 2892 (Migne
500 2846 542 2881 P.
559 2847 606 2881 L.
623 2844 736 2882 lxxvi.
756 2846 837 2891 843,
854 2846 953 2890 844).
1048 2854 1068 2880 2
1073 2852 1091 2890 5
1117 2845 1354 2898 scientiarum
1369 2844 1570 2880 Dominus:
1599 2852 1614 2880 1
1635 2841 1731 2890 Reg.

254 2905 294 2930 11.
313 2904 345 2939 3.
490 2895 553 2941 qui
568 2895 714 2940 aperuit
730 2895 826 2930 etc.:
852 2905 885 2928 v.
901 2893 984 2932 Act.
1005 2891 1102 2938 App.
1119 2903 1194 2928 xvi.
1216 2901 1270 2937 14.

366 2964 433 3007 356
