1846 3262
173 219 276 256 cAP.
288 208 395 271 XXI]
702 209 1115 256 POLICRATICV
1117 210 1150 256 S
1689 214 1772 264 619
1792 225 1824 254 a

172 332 477 390 amplificandi
517 331 701 384 formae,
741 347 856 391 quae
896 348 978 377 nec
1018 333 1076 377 ad
1116 333 1400 392 praesidendi
1440 333 1672 392 pertinent

171 403 489 447 auctoritatem
540 408 587 447 et
635 404 926 447 uniuersitati
977 404 1043 448 rei
1093 404 1299 463 publicae
1349 419 1672 463 usquequaque

170 474 426 533 proficiunt.
506 474 632 519 Haec
671 478 825 518 autem
865 478 937 519 tot
976 478 1084 519 sunt
1134 479 1188 519 ut
1228 490 1301 519 res
1348 476 1531 534 publica
1579 490 1672 519 non

171 545 399 603 octipedes
438 560 621 590 cancros
656 546 735 589 sed
772 549 819 589 et
852 546 1110 604 centipedes
1143 546 1309 605 pedum
1344 547 1671 590 numerositate

131 633 151 668 ⁵
171 616 475 667 transcendat,
516 620 563 660 et
602 616 784 674 quidem
824 631 933 675 prae
969 617 1264 661 multitudine
1308 617 1537 661 numerari
1578 632 1670 661 non

169 690 372 745 possunt,
403 702 506 732 cum
546 691 699 731 tamen
738 702 831 731 non
870 687 1052 731 infinita
1083 688 1178 731 sint
1215 703 1297 746 per
1330 691 1555 739 naturam,
1590 688 1670 732 sed

170 757 280 815 quia
298 761 394 802 tam
413 758 568 802 uariae
595 759 769 817 figurae
796 761 905 802 sunt
931 761 985 802 ut
1004 758 1158 802 nullus
1184 773 1400 816 umquam
1421 758 1668 802 officiorum

168 828 363 887 scriptor
400 829 450 872 in
493 829 695 887 singulas
745 829 914 887 species
964 843 1119 872 eorum
1169 829 1381 887 specialia
1430 832 1669 887 praecepta
1685 830 1716 869 b

169 898 357 943 dederit.
440 899 766 943 Verumtamen
816 899 936 956 quod
984 899 1193 957 generale
1243 902 1313 943 est
1363 899 1572 943 omnibus
1622 903 1669 943 et

106 969 361 1028 :osingulis
380 973 661 1027 procuratur,
681 972 735 1012 ut
755 969 868 1028 legis
887 969 1058 1013 scilicet
1078 969 1246 1013 limites
1266 984 1358 1013 non
1378 969 1600 1013 excedant
1620 974 1668 1014 et

167 1039 228 1084 ad
262 1039 489 1098 publicam
518 1039 767 1083 utilitatem
794 1039 948 1083 omnia
977 1039 1246 1083 referantur.
1307 1040 1487 1084 Debent
1514 1044 1669 1084 autem

167 1109 432 1168 obsequium
482 1110 699 1154 inferiora
756 1110 1064 1168 superioribus
1118 1125 1233 1168 quae
1290 1110 1443 1154 omnia
1500 1111 1668 1154 eisdem

166 1180 367 1225 uicissim
402 1180 569 1225 debent
602 1181 903 1224 necessarium
938 1180 1190 1224 subsidium
1225 1180 1475 1239 prouidere.
1535 1181 1667 1225 Vnde

167 1250 439 1295 Plutarchus
459 1267 513 1296 ea
532 1251 644 1296 dicit
670 1251 719 1295 in
746 1252 955 1295 omnibus
981 1250 1246 1309 exequenda
1272 1265 1387 1309 quae
1414 1251 1665 1295 humiliori-

105 1337 148 1373 15
166 1321 264 1374 bus,
303 1322 352 1366 id
392 1326 462 1366 est
500 1322 799 1376 multitudini,
833 1325 1056 1380 prosunt;
1106 1337 1213 1365 nam
1245 1322 1451 1380 paucitas
1491 1336 1668 1380 semper

91 1405 95 1408 ’
164 1392 373 1452 pluribus
402 1393 532 1437 cedit.
594 1393 661 1436 Ea
690 1408 798 1451 ergo
832 1407 968 1437 causa
996 1392 1200 1436 instituti
1230 1395 1339 1436 sunt
1368 1392 1665 1451 magistratus

164 1466 221 1507 ut
258 1479 288 1507 a
326 1463 521 1508 subditis
560 1464 754 1507 iniuriae
792 1463 1116 1522 propulsentur
1144 1463 1332 1521 ipsaque
1371 1478 1443 1507 res
1482 1463 1665 1521 publica

164 1534 295 1593 quasi
314 1534 495 1578 illorum
515 1535 694 1593 opificio
713 1535 939 1579 calcietur.
1002 1534 1085 1578 Est
1110 1534 1232 1578 enim
1254 1534 1383 1592 quasi
1404 1534 1666 1578 discalciata

165 1605 347 1663 quando
366 1605 546 1649 iniuriis
573 1606 830 1664 exponitur,
851 1620 941 1664 quo
970 1605 1110 1649 nichil
1140 1608 1291 1663 potaet
1320 1605 1664 1663 ignominiosius

104 1693 150 1718 πο
165 1690 262 1720 osse
299 1676 562 1734 gerentibus
601 1676 932 1735 magistratum.
994 1676 1204 1720 Afflictus
1239 1690 1434 1734 namque
1469 1676 1663 1734 populus
1681 1688 1708 1718 c
1736 1671 1740 1677 “

165 1747 296 1804 quasi
314 1746 531 1805 principis
550 1747 798 1806 podagram
819 1747 973 1806 arguit
992 1750 1039 1790 et
1058 1746 1299 1790 conuincit.
1355 1747 1482 1790 Tunc
1506 1752 1660 1790 autem

163 1817 306 1861 totius
341 1817 406 1860 rei
445 1817 652 1875 publicae
691 1817 814 1861 salus
854 1817 1092 1861 incolumis
1131 1817 1450 1876 praeclaraque
1491 1818 1590 1869 erit,
1622 1818 1663 1862 si

162 1888 396 1947 superiora
430 1889 632 1932 membra
665 1904 713 1932 se
743 1888 1010 1947 impendant
1044 1887 1338 1932 inferioribus
1368 1892 1415 1932 et
1444 1888 1662 1933 inferiora
1742 1902 1759 1943 J

161 1959 468 2017 superioribus
496 1959 597 2017 pari
637 1959 736 2003 iure
765 1959 1078 2017 respondeant,
1108 1962 1163 2003 ut
1199 1959 1380 2018 singula
1409 1959 1503 2003 sint
1532 1960 1662 2017 quasi

96 2037 146 2083 '²5
161 2029 355 2074 aliorum
374 2029 434 2073 ad
453 2029 648 2074 inuicem
674 2030 878 2074 membra
898 2033 945 2074 et
972 2030 1022 2073 in
1048 2045 1101 2074 eo
1128 2030 1215 2074 sibi
1247 2030 1437 2088 quisque
1463 2031 1662 2075 maxime

161 2101 317 2146 credat
356 2115 451 2144 esse
490 2100 747 2145 consultum
785 2100 835 2143 in
875 2115 966 2158 quo
1004 2100 1107 2145 aliis
1146 2100 1306 2144 utilius
1345 2100 1525 2144 nouerit
1565 2115 1660 2145 oese

160 2173 459 2229 prospectum·

162 2303 273 2363 Cap.
291 2317 363 2350 21.
402 2303 520 2348 Rem
542 2302 787 2362 publicam
815 2304 880 2348 ad
906 2308 1110 2348 naturae
1135 2303 1502 2348 similitudinem
1532 2304 1658 2349 ordi-

308 2375 539 2426 nandam,
568 2378 607 2418 et
639 2374 852 2418 ordinem
883 2373 941 2418 ab
972 2374 1143 2432 apibus
1176 2374 1515 2418 mutuandum.

100 2490 145 2525 30
221 2466 510 2526 Scripserunt
538 2466 595 2510 de
624 2481 674 2509 re
708 2466 890 2524 publica
919 2467 1005 2510 etsi
1034 2466 1215 2510 diuerso
1250 2466 1383 2509 modo
1418 2465 1575 2510 Cicero
1611 2470 1658 2511 et

162 2538 303 2590 Plato,
323 2553 426 2582 cum
451 2537 569 2580 alter
588 2536 735 2594 qualis
762 2551 857 2580 esse
884 2536 1047 2580 debeat
1073 2536 1347 2587 disseruerit,
1367 2536 1484 2580 alter
1509 2537 1656 2594 qualis

160 2607 303 2652 fuerit
331 2622 360 2650 a
388 2607 634 2650 maioribus
662 2606 890 2651 instituta.
949 2606 1082 2651 Hanc
1107 2610 1261 2650 tamen
1290 2610 1481 2664 uterque
1510 2611 1558 2650 et
1586 2607 1654 2650 in—

160 2679 351 2723 stitutae
399 2680 447 2721 et
492 2677 800 2720 instituendae
839 2677 1129 2735 praescripsit
1169 2676 1424 2728 formulam,
1463 2680 1517 2720 ut
1555 2678 1655 2722 uita

209 2811 235 2847 4
257 2802 435 2847 octipedes
450 2812 621 2837 canor-os·
645 2811 678 2836 v.
697 2798 764 2836 Ov.
783 2800 885 2836 Fast.
901 2798 929 2836 i.
948 2809 1032 2846 313.
1207 2809 1242 2847 5,
1261 2801 1285 2837 6
1305 2812 1399 2858 pfae
1418 2802 1657 2839 multitudine

160 2851 692 2935 fffflfffflwsngmg.
701 2846 805 2944 gesp-
818 2847 941 2934 {xlxii
963 2858 1019 2886 12.
1180 2858 1229 2895 30
1250 2850 1486 2896 Scnpsemnt
1501 2852 1597 2887 etc.:
1622 2863 1655 2888 v.

1498 2980 1542 3015 59
