1846 3262
158 222 259 257 cn.
271 209 377 272 xx1]
675 212 1078 260 POLICRATICV
1080 214 1114 258 S
1658 213 1742 264 805
1760 214 1790 255 d

157 347 277 378 nunc
316 334 383 378 ilh·
418 339 704 380 uerterentur
737 337 784 380 in
814 336 983 395 fugam.
1044 337 1181 381 Porro
1216 337 1419 380 Iulianus
1452 336 1500 379 in
1531 350 1643 393 equo

157 404 355 449 residens
384 406 629 449 exercitum
655 406 951 461 confortabat,
978 408 1160 451 inermis
1183 407 1375 465 quidem,
1396 421 1474 464 spe
1502 406 1641 450 felici·

156 473 267 518 tatis
279 489 385 519 suae
398 490 684 533 praesumens
698 491 707 529 ;
727 481 883 521 contra
895 493 1026 535 quem
1039 478 1233 522 iaculum
1246 480 1427 535 repente
1439 477 1638 520 delatum

155 543 409 589 discurrens
428 560 509 603 per
531 547 762 590 brachium
790 547 838 590 in
868 548 964 591 eius
993 547 1112 591 latus
1141 548 1399 591 immersum
1429 549 1508 590 est.
1568 546 1638 589 Ex
1656 546 1743 586 806
1765 557 1795 586 a

119 630 140 665 5
156 613 240 658 hoc
259 615 446 659 uulnere
461 617 656 674 suscepit
670 618 912 661 terminum
928 618 1064 661 uitae.
1113 617 1202 671 Qui
1217 632 1325 661 uero
1343 617 1639 661 iustissimum

157 683 316 728 intulit
354 686 532 737 uulnus,
571 687 787 730 hactenus
827 687 1074 746 ignoratur.
1154 687 1243 731 Sed
1290 687 1368 730 alii
1414 687 1637 745 quendam

156 754 451 798 inuisibilium
498 757 580 800 hoc
630 757 835 800 intulisse
885 756 1051 808 ferunt,
1090 758 1168 800 alii
1217 773 1359 800 unum
1406 761 1638 815 pastorum

156 823 534 877 Ismahelitarum,
554 826 631 869 alii
652 826 840 869 militem
862 826 982 870 fame
1002 831 1048 870 et
1067 828 1227 870 itinere
1248 827 1516 885 fatigatum;
1546 827 1637 882 sed,

155 893 252 937 siue
271 894 405 938 homo
424 895 519 938 siue
539 895 725 953 angelus
745 895 896 947 fuerit,
915 899 1042 954 patet
1060 897 1167 954 quia
1181 897 1348 940 diuinis
1367 897 1639 941 iussionibus

97 984 141 1009 10
155 963 444 1010 ministrauit,
504 965 648 1008 Aiunt
668 966 786 1009 enim
807 966 925 1024 quia,
945 982 1046 1010 cum
1067 966 1228 1010 fuisset
1242 967 1517 1019 uulneratus,
1531 982 1637 1011 mox

155 1049 339 1078 manum
359 1035 600 1093 compleuit
618 1036 835 1094 sanguine
856 1051 936 1080 suo
957 1040 1003 1080 et
1022 1037 1070 1079 in
1090 1051 1238 1080 aerem
1255 1037 1442 1094 proiecit
1461 1037 1637 1081 dicens:

154 1103 327 1156 Vicisti,
342 1105 551 1156 Galilaee‚
566 1106 715 1149 vicisti
723 1121 734 1159 ;
763 1109 809 1150 et
823 1107 871 1150 in
884 1121 936 1150 eo
951 1107 1048 1164 ipso
1062 1106 1292 1151 confessus
1306 1107 1541 1150 uictoriam
1554 1112 1635 1160 est,

154 1174 240 1218 etsi
260 1174 556 1232 blasphemus.
615 1175 870 1220 Defunctus
893 1180 963 1220 est
982 1179 1133 1220 autem
1159 1177 1296 1220 tertio
1318 1192 1437 1220 anno
1459 1177 1635 1235 imperii

153 1244 237 1298 sui,
257 1244 380 1288 uitae
399 1244 623 1288 tricesimo
642 1245 811 1303 primo3
841 1246 1031 1290 nimium
1051 1250 1203 1290 tamen
1222 1246 1391 1290 uixisse
1417 1247 1542 1290 uisus
1569 1251 1638 1291 est

97 1333 136 1369 15
153 1313 308 1367 bonis;
337 1314 415 1371 qui
435 1329 526 1358 non
545 1315 677 1359 modo
692 1315 740 1358 in
761 1316 954 1360 ecclesiis
975 1316 1053 1360 sed
1073 1317 1209 1360 etiam
1230 1317 1278 1359 in
1298 1317 1488 1360 theatris
1507 1332 1637 1374 prae-

152 1383 364 1428 dicabant
411 1384 648 1429 uictoriam
697 1386 900 1431 Galilaei.
980 1387 1146 1431 Omnes
1190 1388 1309 1431 enim
1358 1388 1637 1431 clamabant:

155 1453 358 1497 Maxime
397 1453 536 1506 fatue,
575 1455 655 1498 ubi
694 1459 802 1499 sunt
840 1456 1057 1500 uaticinia
1095 1458 1208 1501 tua?
1266 1457 1389 1501 Vicit
1427 1457 1551 1500 Deus
1590 1460 1636 1500 et
1653 1454 1683 1494 b

152 1523 362 1569 Christus
396 1524 504 1567 eius
577 1524 804 1569 Defuncto
838 1526 977 1584 impio
1012 1526 1200 1570 inuenta
1230 1530 1338 1570 sunt
1372 1527 1421 1570 in
1454 1527 1636 1584 templis

151 1594 422 1638 simulachra
450 1594 672 1653 stupenda
701 1596 916 1654 principis
946 1599 993 1640 et
1021 1597 1136 1640 mira
1165 1597 1361 1655 insignia
1390 1597 1637 1655 sapientiae

93 1682 137 1712 20
151 1664 453 1708 conclamatae
499 1669 545 1709 et
585 1665 908 1710 famosissimae
946 1667 1141 1724 pietatis.
1219 1667 1339 1710 Nam
1386 1668 1434 1710 in
1482 1667 1635 1712 Carris

152 1737 309 1792 aperto
328 1735 507 1793 templo,
528 1736 647 1792 quod
667 1751 807 1793 usque
837 1737 894 1780 ad
924 1737 1120 1780 reditum
1151 1752 1282 1780 suum
1312 1737 1512 1781 clausum
1541 1753 1635 1783 esse

151 1808 447 1862 praeceperat,
475 1805 662 1848 inuenta
691 1809 760 1848 est
788 1805 949 1849 mulier
977 1821 1006 1849 a
1034 1806 1207 1863 capillis
1237 1821 1445 1864 appensa,
1474 1822 1636 1850 manus

153 1877 362 1918 extensas
381 1875 562 1926 habens,
582 1878 739 1933 aperto
758 1878 900 1927 utero,
920 1876 969 1918 in
988 1876 1116 1919 cuius
1134 1876 1277 1919 iecore
1297 1881 1510 1920 euentum
1529 1877 1635 1920 belli

155 1943 319 1987 Persici
340 1943 491 1987 fuerat
510 1945 775 2002 speculatus.
835 1945 893 1988 In
923 1946 1166 1989 Antiochia
1195 1961 1371 2003 quoque
1400 1947 1558 1990 archas
1587 1947 1635 1990 in

92 2031 136 2065 ²5
152 2013 322 2072 palatio
355 2013 571 2071 plurimas
601 2014 810 2058 humanis
838 2015 1062 2072 capitibus
1095 2015 1250 2073 plenas
1284 2016 1555 2059 inuenerunt
1588 2020 1636 2060 et

153 2083 354 2126 demersa
376 2083 525 2140 puteis
547 2083 784 2127 innumera
809 2098 994 2142 corpora
1022 2088 1315 2129 mortuorum.
1376 2085 1636 2144 Prodigiosa

152 2156 201 2196 et
233 2152 417 2196 scelesta
449 2153 583 2205 illius,
615 2168 729 2210 quae
758 2169 839 2197 nec
865 2154 1179 2211 imperatorem
1209 2169 1289 2198 nec
1319 2155 1634 2213 philomphum

151 2222 506 2274 decuerunt,‘sed
530 2222 718 2280 impium
739 2226 785 2266 et
804 2238 997 2281 magum,
1018 2223 1104 2267 Dei
1130 2224 1303 2267 hostem
1324 2228 1371 2268 et
1389 2225 1632 2276 hominum,

152 2291 403 2350 Tripartita
454 2291 592 2335 latius
647 2292 808 2350 pandit
863 2293 1083 2337 Historia.
1168 2293 1226 2336 In
1274 2298 1408 2351 gente
1458 2310 1632 2353 quoque
1651 2305 1676 2335 c

92 2378 138 2412 30
154 2361 505 2413 Britanniamm‚
535 2362 652 2405 sicut
686 2362 903 2419 quaedam
930 2366 1181 2405 nostratum
1212 2366 1408 2406 testatur
1431 2364 1634 2420 historia,

153 2432 212 2475 ad
231 2430 594 2488 compescendam
624 2434 671 2474 et
699 2431 973 2489 puniendam
1003 2432 1243 2475 tirannidis
1272 2432 1442 2476 rabiem
1471 2433 1633 2491 glorio-

152 2573 175 2609 8
198 2570 502 2608 hismaelitarum
518 2570 574 2606 A:
599 2570 874 2608 ismaelitarum
892 2570 917 2608 S
1041 2582 1085 2618 19
1108 2571 1307 2610 simulacra
1324 2572 1384 2609 BS
1510 2584 1564 2620 19,
1586 2585 1635 2611 20

152 2619 391 2656 conclamate
407 2618 595 2665 sapientie
612 2618 658 2654 A¹
835 2629 879 2655 22
905 2630 1050 2665 apensa
1066 2619 1091 2656 S
1268 2631 1315 2666 24
1339 2620 1576 2659 Anthiochia
1591 2623 1632 2658 M

151 2677 198 2714 27
222 2665 328 2703 illius
345 2668 385 2703 et
400 2666 562 2703 scelesta
577 2666 624 2702 ΑΙ
766 2676 812 2713 29
835 2666 1008 2714 hystoria
1024 2667 1064 2703 M

201 2811 223 2847 3
248 2805 375 2837 eonem
388 2811 494 2847 quem
509 2801 603 2835 etc.:
628 2810 660 2835 v.
678 2797 846 2836 Cassiod.
862 2800 960 2836 Hist.
982 2801 1086 2847 Trip.
1102 2799 1150 2837 vi.
1166 2809 1226 2846 47.
1410 2811 1451 2850 15
1476 2804 1543 2850 qui
1557 2814 1633 2840 non

151 2851 258 2886 modo
275 2849 372 2886 eta:
397 2860 431 2884 v.
448 2845 541 2884 ibim
557 2847 605 2884 vi.
622 2847 680 2893 48.

207 2928 290 2949 η..
306 2928 331 2950 ,2
800 2924 826 2966 3
853 2924 881 2953 n
1454 2929 1522 2967 393
