1846 3262
63 248 149 289 700
171 248 200 277 a

170 499 200 538 b

177 1351 201 1380 C

173 2255 203 2297 d

550 235 815 280 IOANNIS
857 235 1379 280 SARESBERIENSIS
1506 234 1618 296 [ΜΒ.
1633 246 1706 280 VII

218 360 347 417 quasi
368 360 554 404 uirtutis
575 359 779 418 egregiae
800 362 846 403 et
871 359 1113 417 singularis
1139 360 1292 404 meriti
1315 360 1543 404 hominem
1564 358 1705 404 admi-

218 432 345 472 retur
388 431 434 472 et
480 443 581 472 cum
629 428 883 471 reuerentia
928 430 1224 485 praeconetur
1269 431 1502 486 tamquam
1549 442 1707 473 reuera

219 499 511 557 apostolicum
532 499 682 541 uirum
704 502 750 542 et
770 513 1031 555 expressum
1053 498 1225 542 Christi
1246 498 1550 543 imitatorem?
1582 500 1706 543 Haec

218 572 369 612 autem
391 569 527 612 etiam
548 569 705 627 ignaui
726 583 784 612 ex
804 569 1069 612 necessitate
1086 571 1242 612 tamen
1269 569 1445 613 faciunt
1463 569 1706 613 cenobitae.

218 639 338 682 Nam
374 640 422 682 in
457 654 508 683 eo
543 654 571 683 a
604 639 818 683 studiosis
853 639 1081 691 differunt,
1114 639 1234 697 quod
1273 639 1340 682 illi
1376 655 1433 684 ex
1468 639 1707 683 dilectione
1727 654 1748 691 5

218 713 427 754 exercent
458 725 512 753 ea
546 710 603 754 ad
634 725 749 768 quae
780 710 859 753 isti
889 710 1073 754 stimulo
1101 710 1382 754 necessitatis
1411 713 1633 768 urgentur
1661 713 1708 754 et

217 795 349 838 saepe
369 781 518 826 inuiti.
568 781 688 824 Sunt
701 783 854 824 tamen
870 780 919 823 in
935 781 1095 824 habitu
1110 781 1335 825 communi
1356 796 1468 839 quos
1488 780 1708 825 seculares

217 865 308 894 non
335 850 479 895 audeo
505 851 750 903 nominare,
774 866 876 895 cum
906 851 1046 895 nichil
1077 851 1273 895 seculare
1303 852 1365 895 sit
1393 851 1633 896 dicendum
1657 851 1707 894 in

216 921 397 974 talibus,
423 921 512 964 nisi
539 921 659 979 quod
686 921 834 965 seculo
860 936 1053 979 nequam
1081 922 1247 965 amoris
1274 921 1509 966 federatur
1532 921 1706 966 affectu.

218 991 347 1035 Sicut
374 992 495 1035 enim
519 991 806 1050 praeputium
830 992 971 1035 nichil
995 995 1065 1036 est
1089 995 1135 1036 et
1162 992 1437 1036 circumcisio
1457 991 1609 1044 nichil,
1629 991 1708 1036 sed
1728 1006 1772 1033 ιο

217 1062 473 1106 obseruatio
512 1062 830 1105 mandatorum
871 1062 981 1116 Dei3
1030 1062 1106 1114 sic,
1145 1065 1199 1114 ut
1245 1063 1554 1121 religiosorum
1599 1077 1708 1121 pace

218 1133 375 1184 dicam,
396 1133 691 1177 monachatus
714 1132 854 1177 nichil
874 1137 943 1177 est
963 1135 1010 1177 et
1029 1133 1318 1178 canonicatus
1341 1134 1494 1188 nichil,
1522 1134 1707 1178 manda-

217 1210 367 1246 torum
388 1203 701 1247 obseruatione
729 1203 935 1247 deducta.
997 1203 1122 1247 Haec
1142 1204 1285 1261 igitur
1304 1204 1488 1248 tandem
1508 1207 1708 1262 prosunt,

218 1273 257 1316 si
278 1273 379 1330 quis
399 1273 542 1332 legem
563 1274 784 1317 obseruet.
847 1273 897 1317 Si
913 1288 1021 1317 uero
1041 1273 1136 1317 sine
1157 1274 1229 1318 his
1249 1274 1472 1332 quispiam
1497 1275 1708 1319 obseruat

218 1343 374 1401 legem,
402 1358 505 1387 eum
535 1358 819 1401 nequaquam
849 1343 1042 1387 dixerim
1072 1344 1326 1388 secularem.
1386 1344 1706 1389 Verumtamen
1728 1356 1768 1392 1⁵

219 1428 429 1472 geramus
443 1428 613 1457 morem
626 1414 847 1471 religiosis
861 1428 870 1468 3
906 1414 999 1458 sint
1011 1414 1230 1458 seculares
1242 1414 1425 1458 interim
1441 1430 1552 1473 quos
1567 1416 1707 1459 uestis

217 1484 343 1542 pulla
372 1484 430 1527 ab
460 1484 561 1527 aliis
590 1499 682 1527 non
711 1484 936 1528 discernit.
998 1484 1139 1528 Nulla
1166 1485 1285 1528 enim
1313 1485 1487 1529 iactura
1513 1486 1708 1530 nominis

218 1554 307 1597 nisi
347 1554 558 1598 secularis
601 1554 677 1597 sit>
701 1557 748 1598 et
786 1555 895 1598 uita.
966 1555 1272 1613 Indignantur
1311 1555 1451 1613 aliqui
1492 1556 1611 1614 quod
1652 1556 1707 1600 de

220 1624 440 1682 religiosis
460 1639 543 1683 ego
563 1625 723 1668 habitu
743 1625 955 1669 secularis
976 1628 1022 1668 et
1041 1625 1378 1669 conuersatione
1393 1629 1599 1684 peccator
1618 1627 1708 1670 ista

220 1695 476 1752 pronuntio,
496 1698 553 1747 et,
574 1695 682 1738 dum
707 1695 967 1739 commendo
993 1695 1231 1748 cenobitae,
1251 1711 1322 1740 me
1346 1696 1447 1740 aliis
1472 1696 1707 1741 detrahere
1727 1711 1773 1739 20

220 1766 528 1809 criminantur.
589 1765 820 1809 Aduersus
846 1766 927 1809 hos
955 1781 1045 1809 non
1072 1766 1281 1811 Oesarem
1311 1766 1389 1810 sed
1414 1767 1708 1811 Benedictum

221 1836 409 1894 appello,
431 1836 508 1893 qui
529 1835 646 1879 sicut
676 1836 917 1894 girouagos
947 1839 994 1880 et
1021 1837 1270 1880 sarabaitas
1298 1838 1462 1895 arguit,
1483 1838 1546 1882 sic
1565 1838 1710 1882 mani-

221 1906 337 1950 feste
366 1906 649 1951 commendat
678 1907 919 1951 cenobitas.
993 1907 1165 1951 Auctor
1199 1907 1312 1950 mihi
1347 1907 1598 1952 Ieronimus
1628 1910 1710 1962 est,

220 1977 326 2021 licet
345 1991 447 2020 eum
468 1977 674 2020 nonnulli
700 1978 1019 2021 monachorum
1046 1972 1197 2021 minus
1223 1977 1416 2036 benigne
1443 1978 1632 2022 audiant
1655 1993 1708 2023 eo

221 2047 340 2105 quod
360 2047 540 2091 clericos
561 2048 680 2105 quod
701 2048 759 2091 ad
780 2048 952 2106 aliquid
971 2048 1097 2092 uisus
1118 2051 1187 2092 est
1206 2048 1482 2106 praetulisse.
1535 2049 1708 2094 Auctor
1727 2063 1772 2099 25

221 2121 301 2170 est,
321 2118 519 2176 inquam,
540 2118 658 2175 quod
678 2118 819 2162 uestis
843 2133 1127 2176 nequaquam
1151 2118 1381 2176 religionis
1405 2118 1708 2163 differentiam

221 2188 376 2241 faciat,
405 2189 482 2231 sed
517 2188 566 2231 in
606 2188 728 2232 omni
764 2188 925 2232 habitu
960 2189 1038 2246 qui
1072 2189 1205 2232 timet
1241 2188 1387 2232 Deum
1420 2191 1467 2233 et
1498 2192 1712 2248 operatur

222 2259 443 2302 iustitiam
466 2263 673 2317 acceptus
693 2261 762 2303 est
782 2259 859 2303 illi.
921 2259 1048 2302 Idem
1071 2274 1246 2317 quoque
1266 2259 1358 2304 ait:
1390 2259 1549 2304 Vestes
1564 2261 1711 2318 pullas

220 2344 361 2386 aeque
401 2329 500 2372 uita
539 2332 593 2373 ut
633 2329 857 2373 candidas.
921 2329 1121 2373 Ornatus
1160 2333 1214 2373 ut
1253 2329 1405 2373 sordes
1445 2330 1543 2388 pari
1579 2331 1712 2376 modo

221 2399 450 2458 fugienda,
482 2400 589 2457 quia
621 2399 813 2443 alterum
854 2399 1036 2443 delicias
1076 2399 1269 2443 alterum
1303 2399 1493 2458 gloriam
1529 2401 1710 2446 redolet.
1729 2416 1774 2452 ³0

222 2470 327 2513 Non
363 2470 530 2527 absque
564 2470 683 2513 lineo
715 2469 885 2513 amictu
917 2469 1123 2513 incedere
1154 2469 1232 2513 sed
1262 2470 1459 2527 pretium
1489 2470 1711 2515 linearum

220 2541 416 2583 uestium
452 2555 542 2583 non
578 2539 743 2582 habere
778 2538 1003 2583 laudabile
1033 2541 1111 2583 est.
1173 2539 1233 2583 Et
1261 2539 1500 2586 manifeste
1529 2541 1713 2584 uidetur

222 2649 267 2675 22
294 2639 420 2684 apello
437 2638 527 2674 GBS
622 2637 826 2685 girouagas
842 2636 962 2675 ΟΑΜ1

275 2731 319 2756 ιο
341 2722 580 2767 praeputium
597 2722 692 2756 etc.:
719 2731 752 2756 ν.
773 2730 788 2756 1
810 2719 892 2756 Cor.
911 2718 973 2756 vii.
998 2729 1051 2766 19.
1279 2729 1323 2756 21
1357 2720 1546 2756 Cesarem:
1574 2732 1607 2756 v.
1625 2718 1711 2756 Act.

220 2768 319 2814 App.
338 2780 424 2805 xxv.
448 2779 501 2804 11.
631 2769 891 2804 Benedictum:
918 2779 951 2804 v.
970 2766 1114 2804 Bened.
1127 2768 1212 2813 Rey.
1230 2778 1261 2803 c.
1283 2777 1311 2804 1.
1482 2777 1527 2812 27
1553 2769 1595 2804 in
1611 2769 1714 2804 omni

223 2818 321 2852 ete:
346 2829 380 2853 v.
408 2815 496 2853 Act.
527 2815 626 2862 App.
655 2827 691 2852 x.
721 2825 776 2862 35.
973 2817 1018 2852 28
1050 2816 1166 2852 Vestes
1187 2817 1285 2852 etc.:
1311 2814 1467 2852 Hieron.
1490 2817 1562 2862 ΕΡ.
1583 2814 1628 2851 lii
1646 2815 1711 2863 (ad

224 2863 487 2909 Nepotianum
511 2864 558 2900 de
583 2863 663 2900 vita
686 2862 910 2901 clericorum
935 2865 975 2901 et
998 2862 1288 2911 monachorum)
1316 2876 1347 2901 c.
1374 2874 1398 2910 9
1425 2863 1573 2911 (Migne
1597 2864 1639 2900 P.
1664 2864 1709 2899 L.

223 2911 316 2947 xxii.
337 2912 434 2958 535).

335 2984 400 3018 208
