1846 3262
39 223 128 272 663
147 221 176 262 d

38 693 126 741 664
145 703 176 732 a

141 1610 172 1648 b

149 2535 174 2564 C

525 217 789 264 IOANNIS
830 215 1351 261 SARESBERIENSIS
1477 213 1678 276 [LIB.·VI1

193 342 317 387 Licet
338 345 488 386 autem
509 341 630 400 apud
650 341 853 398 priuatos
873 341 955 381 aut
982 338 1097 381 serio
1128 337 1335 381 uiuentes
1364 338 1497 381 homo
1524 337 1679 380 huius·

191 413 311 457 modi
343 413 586 456 rectissime
615 411 827 453 uideatur
853 408 1040 459 inutilis,
1067 409 1324 452 commodus
1354 411 1505 451 tamen
1534 410 1602 452 est
1631 408 1680 450 in

190 486 293 527 cetu
328 481 633 525 multitudinis
662 494 775 537 quae
806 478 1053 522 hilaritatis
1081 481 1126 521 et
1154 478 1363 521 iocularis
1390 478 1562 522 letitiae
1586 493 1679 521 ma-

190 554 306 596 teria
336 553 515 610 gaudet.
578 551 812 608 Optimum
844 549 963 592 enim
994 549 1346 592 instrumentum
1377 551 1445 592 est
1474 549 1533 591 ad
1562 549 1680 592 risus

191 623 490 667 conciliandos
510 626 556 665 et
577 621 794 664 efficacior
814 620 974 677 quouis
994 620 1142 663 mimo.
1184 620 1247 663 Vt
1263 634 1487 662 uenenum
1503 619 1599 663 eius
1615 618 1679 662 ef·
1700 637 1719 671 5

193 692 355 750 fugias,
375 691 641 749 patientiam
667 690 838 733 indicas
859 690 1055 741 auribus,
1076 705 1244 733 morem
1269 705 1400 748 geras
1425 690 1583 733 insano
1603 688 1681 747 qui

190 762 304 805 nulli
325 762 470 819 parcit
490 764 546 814 et,
567 761 604 804 si
627 775 729 804 eum
750 760 868 803 forte
890 760 960 803 uis
988 760 1240 817 reprimere,
1266 759 1584 817 benignissime
1604 759 1682 803 ob-

189 848 312 876 secra
331 834 385 875 ut
405 833 452 874 in
474 831 671 875 docendo
692 834 773 874 aut
794 830 1066 888 disputando
1087 830 1337 873 sententiae
1357 831 1459 888 plus
1483 833 1682 888 apponat

189 905 235 946 et
262 918 361 946 eam
391 902 632 945 uerborum
662 901 930 944 deductione
957 904 1225 958 compenset.
1288 901 1407 943 Nam
1434 900 1512 958 qui
1542 900 1681 944 uerba

189 973 322 1017 rebus
343 975 388 1016 et
408 987 479 1016 res
506 972 721 1030 temporis
747 971 1078 1029 opportunitati
1109 974 1428 1029 contemperat,
1447 971 1679 1015 modestis-
1701 986 1744 1011 10

189 1045 349 1087 simam
379 1044 521 1086 totius
553 1042 832 1100 eloquentiae
863 1043 1065 1100 regulam
1093 1045 1231 1086 tenet.
1299 1042 1386 1085 Illa
1415 1057 1523 1085 uero
1553 1041 1681 1099 copia

189 1114 367 1157 laudem
398 1113 519 1171 parit
549 1113 621 1156 cui
652 1112 821 1155 ueritas
851 1112 1015 1156 uirtuti
1047 1115 1092 1155 et
1122 1113 1330 1156 omnibus
1359 1112 1514 1156 officiis
1539 1111 1683 1155 amica

188 1184 424 1229 consentit.
483 1183 630 1226 Multa
664 1183 885 1240 siquidem
919 1186 965 1226 et
1000 1182 1223 1227 fallaciter
1262 1183 1385 1241 loqui
1425 1181 1683 1241 nugigeruli

189 1258 258 1299 est
278 1258 324 1298 et
343 1254 512 1297 famam
533 1253 714 1297 omnino
734 1253 1004 1311 negligentis
1025 1257 1071 1297 et
1091 1253 1139 1296 in
1169 1269 1216 1297 se
1240 1254 1442 1297 uirorum
1468 1253 1679 1312 grauium

188 1324 474 1382 prouocantis
526 1323 679 1367 odium
733 1326 778 1367 et
830 1326 1150 1381 contemptum.
1210 1323 1330 1366 Nam
1391 1327 1437 1367 et
1480 1323 1679 1382 Spiritus
1699 1338 1743 1374 ¹5

189 1394 436 1451 sapientiae
467 1397 624 1437 auctor
653 1395 722 1437 est
751 1393 858 1450 quia
888 1393 966 1451 qui
996 1393 1235 1451 sophistice
1270 1393 1472 1451 loquitur
1501 1393 1681 1437 odibilis

190 1468 269 1508 est.
336 1465 441 1508 Non
470 1461 705 1508 mediocris
735 1467 887 1507 tamen
916 1463 1092 1507 utilitas
1123 1466 1191 1507 est
1218 1464 1266 1506 in
1296 1463 1682 1522 deprehendendis

190 1535 610 1594 importunitatibus
642 1534 907 1592 sophisticis,
936 1534 1032 1578 sine
1063 1549 1253 1592 quarum
1283 1535 1448 1578 notitia
1478 1533 1681 1594 quisquis

191 1607 249 1649 ad
270 1605 647 1649 examinationem
668 1605 766 1649 ueri
787 1608 833 1648 et
853 1620 1003 1649 rerum
1027 1605 1369 1649 uentilationem
1393 1605 1681 1664 progreditur

190 1676 319 1735 quasi
339 1676 467 1720 miles
491 1675 667 1719 inutilis
687 1679 756 1719 est
776 1676 854 1733 qui
875 1676 1090 1719 aduersus
1121 1677 1418 1720 exercitatum
1439 1680 1485 1720 et
1512 1676 1679 1720 instru-
1700 1690 1744 1715 πο

189 1753 313 1791 ctum
334 1748 508 1791 hostem
528 1747 730 1805 procedit
750 1750 1021 1791 exarmatus.
1064 1746 1189 1790 Licet
1210 1762 1316 1805 ergo
1336 1747 1394 1790 ad
1415 1747 1680 1791 exercitium

189 1818 515 1875 colloquentem
550 1817 749 1861 uicissim
780 1817 938 1860 fallere
975 1821 1022 1861 et
1056 1817 1185 1875 quasi
1216 1818 1264 1860 in
1300 1818 1680 1876 campidoctorum

189 1888 308 1932 scola
338 1888 457 1931 inter
485 1888 606 1931 ciues
636 1887 877 1931 iocularem
907 1887 1117 1931 militiam
1147 1902 1377 1942 exercere3
1406 1888 1495 1940 sed,
1522 1888 1602 1932 ubi
1634 1904 1682 1933 se
1750 1907 1751 1910 ¹

188 1958 537 2016 colloquentium
568 1958 762 2001 intentio
788 1958 846 2001 ad
876 1958 1183 2016 philosophiae
1214 1959 1504 2003 sobrietatem
1534 1960 1681 2018 erigit,

189 2029 556 2087 importunitates
602 2029 870 2087 sophisticae
914 2029 1195 2073 delitescunt.
1269 2029 1340 2082 Et,
1379 2030 1418 2073 si
1458 2029 1577 2074 forte
1621 2030 1680 2074 ab
1701 2045 1744 2079 25

188 2099 409 2142 alterutra
443 2102 572 2157 parte
608 2099 881 2150 emerserint,
917 2098 980 2142 sic
1009 2114 1038 2142 a
1067 2099 1346 2157 sapientibus
1376 2100 1682 2158 corripiuntur

188 2171 306 2214 sicut
329 2170 378 2212 in
407 2185 454 2213 re
484 2169 665 2228 publica
694 2169 815 2213 inter
838 2170 1152 2213 contrahentes
1180 2170 1309 2214 dolus
1333 2170 1682 2229 malignantium

188 2241 461 2285 cohercetur.
537 2239 749 2284 Ceterum
789 2240 928 2283 uerba
968 2241 1112 2292 rebus,
1151 2256 1223 2284 res
1263 2241 1540 2299 temporibus
1578 2256 1683 2286 con-

189 2314 450 2368 temperare,
467 2313 513 2354 et
528 2310 882 2354 interuenientes
898 2310 1100 2355 fallacias
1119 2311 1366 2369 prudenter
1381 2327 1569 2370 arguere
1588 2327 1680 2357 non

189 2396 434 2439 paucorum
461 2381 636 2424 dierum
658 2384 727 2425 est
746 2385 827 2425 aut
851 2381 964 2425 leuis
987 2396 1135 2439 opera.
1198 2382 1327 2425 Vnde
1351 2382 1536 2440 plurimi
1560 2398 1680 2427 acce-
1699 2401 1744 2435 30

190 2452 347 2495 dentes
374 2455 620 2495 retrorsum
647 2453 817 2496 abeunt
844 2455 890 2495 et
920 2452 1118 2510 aliquam
1148 2453 1345 2496 uestium
1372 2453 1681 2513 philosophiae

191 2522 523 2580 portiunculam
543 2522 848 2580 praeferentes
863 2523 1118 2581 gloriantur
1137 2523 1257 2581 apud
1278 2523 1480 2568 indoctos
1500 2539 1552 2569 ac
1572 2525 1611 2569 si
1631 2525 1680 2569 in

191 2672 211 2698 2
239 2662 420 2699 comodus
438 2661 493 2699 OS
663 2671 684 2708 7
710 2662 811 2699 forte
830 2674 919 2699 eum
936 2662 969 2699 A
1138 2663 1160 2699 8
1186 2664 1331 2710 aponat
1349 2662 1374 2700 S
1557 2666 1600 2702 18
1625 2664 1681 2703 in·

191 2722 214 2746 o
244 2710 517 2747 ortunitatibus
534 2709 566 2745 B
745 2721 791 2756 24
815 2709 1093 2758 phylosophiae
1113 2710 1153 2746 M
1279 2711 1401 2760 exigit
1419 2712 1460 2749 M
1632 2724 1676 2761 31

191 2770 217 2804 p
245 2758 467 2805 ylosophiae
485 2758 526 2794 M

242 2892 286 2928 16
309 2893 374 2938 qui
388 2894 579 2939 sophistice
595 2894 668 2931 etc.
684 2905 693 2931 ε
721 2890 828 2930 Eccli
846 2891 986 2930 xxxvii.
1005 2903 1064 2940 23.

307 2973 370 3006 140
