1846 3262
120 223 221 259 ou.
235 213 348 271 1111]
638 213 1077 259 POLICRATICVS
1609 216 1690 265 ⁷6⁵
1709 225 1736 254 c

119 331 317 390 pupillus
337 347 394 376 ex
413 347 477 384 ea,
496 333 535 377 si
555 332 665 378 foris
694 333 860 377 mansit
886 333 1146 391 peregrinus
1175 335 1221 377 et
1243 332 1408 376 ostium
1437 346 1586 376 meum
1605 349 1631 378 c

118 416 210 445 non
228 402 379 460 patuit
406 402 583 453 uiatori,
602 403 641 446 si
670 403 852 461 despexi
882 406 1239 460 praetereuntem
1268 417 1321 446 eo
1350 401 1468 459 quod
1497 416 1588 445 non

118 470 327 515 habuerit
356 472 667 515 indumentum
697 475 744 515 et
774 473 940 530 absque
971 473 1245 530 operimento
1275 486 1527 529 pauperem,
1550 471 1589 514 si

118 555 210 584 non
229 541 555 585 benedixerunt
582 542 717 585 michi
743 542 885 586 latera
909 542 1004 585 eius
1025 546 1071 585 et
1094 542 1150 585 de
1178 541 1418 585 uelleribus
1437 541 1590 584 ouium

80 624 101 658 5
119 625 319 654 mearum
352 611 593 655 calefactus
624 615 704 655 ost.
766 612 878 655 Vter
912 612 996 655 tibi
1026 612 1234 655 uideatur
1262 611 1498 663 liberalior,
1517 611 1590 654 hic

118 694 177 722 an
210 680 446 731 Antonius,
478 681 555 738 qui
590 681 850 724 liberalitati
879 681 1086 725 satisfieri
1126 695 1253 739 posse
1282 695 1372 724 non
1400 680 1591 724 credidit

117 749 206 792 nisi
235 750 389 808 gulam
424 753 470 793 et
499 750 640 794 totius
669 750 874 793 luxuriae
904 750 1019 793 uitia
1052 750 1340 807 procuraret?
1397 749 1590 793 Videsne

118 819 225 876 quia
243 818 479 876 multiplici
507 820 583 862 uia
609 822 757 877 potest
780 820 997 863 auaritiae
1027 820 1219 877 suspicio
1249 818 1487 878 frugaliter
1515 819 1590 863 de-

117 888 308 933 clinari?
367 889 702 947 Hospitalitatis
737 889 902 932 bonum
931 889 1212 933 commendat
1239 889 1482 946 Apostolus
1510 904 1591 947 per

58 973 102 999 10
118 957 237 1015 quod
256 957 352 1001 Deo
371 958 481 1002 adeo
501 958 680 1002 officiosi
696 958 892 1015 hospites
907 958 1171 1015 placuerunt
1185 962 1238 1001 ut
1253 959 1389 1002 etiam
1408 959 1590 1017 angelos

117 1027 313 1085 hospitio
332 1027 526 1085 recipere
546 1030 837 1071 mererentur.
897 1028 1126 1070 Abraham
1147 1027 1515 1072 descendentibus
1540 1029 1589 1072 in

116 1097 195 1141 uia
212 1097 325 1140 uiris
343 1097 536 1141 occurrit
556 1099 613 1148 et,
623 1097 893 1140 exercendae
905 1097 1188 1140 liberalitatis
1203 1101 1363 1155 optans
1381 1098 1588 1155 gratiam,

116 1166 298 1225 angelos
329 1167 378 1209 in
407 1166 653 1224 hospitium
683 1166 939 1209 humilitate
968 1166 1112 1210 uictos
1142 1170 1188 1210 et
1216 1167 1420 1224 precibus
1448 1167 1587 1211 intro-

116 1234 252 1280 ducit.
311 1235 388 1278 Eis
407 1238 558 1279 tamen
583 1235 810 1279 incentiua
828 1235 960 1293 gulae
979 1250 1259 1293 nequaquam
1291 1237 1488 1294 apponit,
1507 1252 1588 1282 nec
1604 1238 1634 1278 d

57 1323 99 1358 ¹5
116 1305 324 1356 uitulum,
354 1320 485 1362 quem
515 1305 571 1348 de
600 1308 803 1348 armento
833 1305 965 1358 tollit,
994 1305 1233 1363 impendiis
1262 1321 1411 1350 rerum
1443 1310 1490 1350 et
1518 1322 1587 1351 co·

114 1389 267 1420 corum
300 1378 399 1418 arte
430 1374 539 1418 fecit
577 1389 671 1418 esse
705 1374 958 1418 Troianum.
1016 1375 1135 1418 Loth
1174 1390 1348 1433 quoque
1384 1369 1589 1420 luxuriae

114 1445 347 1504 punitores
374 1443 555 1503 angelos
582 1444 819 1487 deuotione
839 1447 1028 1502 urgente
1054 1444 1103 1487 in
1127 1444 1308 1488 domum
1329 1460 1456 1489 suam
1483 1447 1588 1505 egit,

113 1517 161 1559 et
178 1514 285 1558 licet
303 1514 367 1558 eis
386 1514 444 1558 ad
470 1513 622 1572 gulam
646 1513 838 1558 aliamue
864 1514 1091 1558 luxuriam
1114 1529 1205 1558 non
1228 1516 1428 1566 seruiret,
1449 1516 1587 1560 nichil

114 1587 267 1628 tamen
302 1583 451 1627 def-uit
484 1583 686 1636 caritati3
730 1583 840 1627 adeo
872 1584 1051 1642 quidem
1084 1588 1138 1628 ut
1169 1588 1215 1628 et
1254 1585 1586 1629 Sodomitarum

54 1667 99 1692 το
115 1653 260 1698 furori
278 1653 478 1712 uirgines
496 1653 613 1697 filias
633 1668 767 1711 quam
788 1654 985 1712 hospites
1004 1654 1158 1697 mallet
1177 1669 1410 1712 exponere.
1471 1655 1586 1700 Cum

112 1723 162 1767 in
181 1723 313 1767 domo
333 1722 497 1766 Tobiae
518 1723 613 1766 dies
632 1723 776 1767 festus
802 1726 1022 1781 ageretur,
1041 1723 1177 1775 Vade,
1197 1724 1357 1781 inquit,
1377 1728 1423 1768 et
1442 1725 1586 1768 adduc

111 1793 285 1851 aliquos
310 1792 366 1836 de
388 1792 511 1836 tribu
534 1796 688 1836 nostra
716 1793 927 1836 timentes
950 1793 1123 1846 Deum3
1151 1809 1294 1851 neque
1321 1795 1439 1837 enim
1466 1795 1585 1838 diem

112 1862 279 1907 festum
299 1862 373 1920 agi
392 1876 520 1920 posse
534 1862 726 1920 putabat
745 1862 832 1905 nisi
852 1862 1046 1920 aliquem
1061 1863 1117 1906 ad
1132 1863 1421 1907 domesticum
1436 1867 1584 1907 cetum

112 1932 277 1977 caritas
295 1931 537 1975 adiecisset.
596 1931 686 1975 Sed
706 1932 755 1974 in
774 1932 981 1975 omnibus
999 1932 1071 1975 his
1091 1932 1243 1975 eadem
1264 1936 1333 1976 est
1351 1933 1583 1977 ordinatae

53 2017 97 2052 ²⁵
113 2001 386 2060 dispensatio
415 2001 630 2046 caritatis.
699 2001 820 2055 Quos
852 2002 970 2044 enim
1004 2016 1085 2059 per
1117 2002 1239 2045 uiam
1270 2002 1584 2047 descendentes
1600 2005 1687 2054 766
1706 2016 1739 2044 a

113 2070 290 2129 aspexit
334 2070 575 2122 Abraham,
614 2070 704 2114 illis
742 2071 960 2129 potiorem
1000 2075 1232 2129 praestant
1270 2073 1584 2116 auctoritatem

111 2141 190 2200 qui
223 2141 272 2184 in
302 2140 380 2184 uia
413 2154 599 2191 morum,
620 2140 718 2198 lege
756 2140 924 2184 scilicet
958 2140 1152 2192 Domini,
1182 2141 1463 2199 gradiuntur.
1524 2143 1584 2186 Et

110 2214 229 2255 recte
248 2209 563 2253 descendentes
583 2210 841 2253 scribuntur
861 2225 971 2268 quos
990 2211 1048 2253 ad
1067 2211 1370 2254 uisitationem
1391 2215 1438 2255 et
1457 2227 1583 2270 prae-

109 2280 301 2324 bendam
319 2279 553 2322 materiam
573 2279 852 2336 promerendi
884 2279 942 2323 ad
970 2283 1251 2338 conspectum
1278 2281 1421 2324 fidelis
1440 2283 1583 2339 patris

111 2425 128 2452 1
155 2412 324 2451 hostium
340 2411 415 2449 A¹s
581 2413 603 2449 8
627 2414 756 2458 potest
770 2411 836 2448 nia
854 2411 896 2448 M
1064 2423 1108 2459 19
1130 2413 1289 2450 karitati
1305 2413 1368 2450 cs
1534 2427 1580 2462 24

108 2461 254 2499 kasta
269 2461 301 2496 B
413 2459 473 2496 his
491 2459 667 2496 omnibus
681 2460 715 2496 A
832 2459 908 2496 hiis
926 2459 951 2496 s
1114 2470 1157 2508 ας
1184 2460 1363 2498 karitatis
1379 2461 1439 2498 Bs

110 2585 278 2660 litterob.
303 2623 379 2658 Sat.
404 2620 458 2656 iii.
480 2600 521 2666 1}
543 2623 562 2666 §
586 2571 913 2675 15·3'gte'.msu{r¹algc.
938 2629 959 2664 7
985 2573 1069 2665 (732
1081 2573 1301 2667 ἰεῗεῗέἶῖδ
1337 2573 1581 2676 (189ᾳέῗέφὲ

109 2671 268 2708 talitatis
282 2670 375 2706 etc.:
400 2681 434 2704 v.
451 2667 565 2705 Hebr.
581 2679 662 2704 xm.
680 2678 714 2704 2.
869 2676 907 2704 11
936 2669 1123 2703 Abraham
1141 2670 1238 2704 eta:
1262 2681 1295 2705 v.
1320 2666 1414 2706 Gen.
1430 2681 1536 2705 xnn.
1554 2682 1576 2707 2

109 2730 212 2764 seqq.
261 2717 573 2753 descendentibus:
595 2728 629 2753 v.
646 2714 750 2751 infra
769 2714 923 2759 (766A);
948 2715 1020 2752 hoc
1037 2716 1168 2752 tamen
1184 2716 1407 2753 vocabulum
1423 2716 1465 2753 in
1482 2716 1577 2754 Gen.

109 2765 213 2802 xviii.
228 2775 250 2801 2
267 2776 347 2800 ιιοιι
365 2763 543 2810 reperies.
689 2764 732 2799 16
759 2763 981 2799 Troianum:
1006 2775 1040 2799 v.
1057 2763 1221 2800 Μαι-οὶ).
1238 2766 1315 2801 Sat.
1331 2763 1387 2801 iii.
1408 2774 1451 2810 13
1469 2763 1488 2812 ᾗ
1510 2775 1578 2811 ι3;

109 2814 162 2851 cf.
179 2823 296 2860 supra
311 2824 346 2848 c.
363 2820 384 2855 7
404 2812 489 2857 (736
499 2811 556 2855 Α).
603 2811 698 2846 Loth
712 2811 808 2847 etc.:
834 2822 866 2847 v.
881 2809 974 2847 Gen.
985 2810 1062 2846 xix.
1079 2821 1092 2846 1
1107 2822 1210 2857 seqq.
1337 2821 1395 2854 20,
1412 2822 1455 2849 21
1486 2813 1577 2849 Cum

109 2857 710 2904 maomoemzv.'1·ob.ii.1,2.
855 2867 900 2903 ²7
926 2859 1157 2895 inuicem:
1183 2857 1480 2897 v.Ps.cxviii.1.

1401 2939 1468 2975 ³²³
