1846 3262
69 231 156 280 706
175 228 205 269 d
562 227 825 272 IOANNIS
865 226 1384 271 SARESBERIENSIS
1504 225 1616 287 [Lm.
1630 237 1702 269 vn

218 350 392 394 obiecit.
453 349 765 406 Interrogatus
796 347 957 407 deinde
987 348 1044 391 ab
1075 362 1126 391 eo
1156 362 1236 391 cur
1266 363 1312 391 se
1339 348 1496 405 predes
1527 361 1702 405 quoque

217 434 308 463 non
343 421 594 463 accusaret:
641 418 724 469 Da,
756 418 917 475 inquit,
953 421 1000 461 et
1031 420 1083 461 tu
1116 417 1274 475 predes
1306 418 1372 461 rei
1403 418 1607 475 publicae
1641 421 1701 471 te,

218 490 256 532 si
284 489 538 547 postulatus
566 488 718 539 fueris,
742 488 874 532 ciuile
901 488 1067 531 bellum
1094 503 1186 531 non
1213 488 1526 539 excitaturum,
1548 491 1594 531 et
1621 502 1703 546 ego

218 560 356 602 etiam
397 559 452 602 de
493 562 573 602 tuo
603 558 729 616 prius
760 573 895 615 quam
926 558 981 601 de
1011 558 1156 601 Mallii
1196 559 1342 616 capite
1381 559 1429 600 in
1468 557 1702 602 consilium

217 629 384 672 iudices
424 629 614 672 mittam.
690 628 765 672 Ita
804 629 958 672 eodem
998 629 1163 672 iudicio
1202 629 1314 672 duos
1349 628 1566 672 sustinuit
1605 642 1703 671 reos
1723 640 1742 675 ⁵

217 699 498 742 accusatione
515 699 733 750 Mallium,
746 699 956 742 libertate
978 699 1250 757 Pompeium,
1272 702 1318 742 et
1338 714 1491 742 eorum
1513 698 1704 741 alterum

215 769 312 827 lege
328 769 502 827 peregit
517 769 709 812 alterum
725 768 1000 826 professione
1021 784 1110 826 qua
1130 769 1274 813 solum
1295 771 1484 827 poterat.
1536 768 1705 811 Gneius

216 839 435 882 Lentulus
471 839 757 882 Marcellinus
790 839 955 893 consul,
988 854 1090 883 cum
1130 839 1178 882 in
1219 839 1425 884 contione
1459 839 1515 882 de
1547 838 1704 896 Magni

68 916 150 957 707
171 917 200 945 a
218 909 417 966 Pompeii
449 909 590 952 nimia
629 910 834 967 potentia
873 913 1135 967 quereretur
1169 924 1462 967 assensusque
1501 909 1543 952 ei
1582 908 1704 952 clara

217 994 325 1023 uoce
345 980 537 1037 populus
562 984 699 1023 esset:
729 979 998 1031 Acclamate,
1023 980 1184 1037 inquit,
1214 980 1424 1034 Quirites,
1449 979 1701 1032 acclamate,
1723 998 1765 1022 ιο

218 1050 326 1093 (111111
348 1050 452 1093 licet
469 1065 478 1103 3
513 1051 604 1093 iam
625 1051 745 1094 enim
765 1050 894 1094 uobis
914 1051 1238 1094 intumescente
1259 1050 1469 1108 Pompeio
1489 1050 1536 1093 id
1557 1050 1703 1093 facere

218 1136 308 1164 non
359 1121 536 1174 licebit;
588 1120 772 1178 impune
818 1124 971 1164 tamen
1019 1124 1128 1164 tunc
1175 1121 1329 1164 eximii
1370 1120 1481 1164 ciuis
1525 1120 1706 1178 pulsata

218 1191 422 1249 potentia
469 1194 549 1242 est,
581 1191 686 1234 hinc
736 1191 961 1234 inuidiosa
1005 1191 1196 1248 querela,
1231 1191 1335 1235 hinc
1383 1191 1705 1234 lamentatione

218 1261 474 1305 miserabili.
536 1261 692 1304 Eidem
726 1261 918 1304 candida
947 1261 1088 1305 fascia
1119 1277 1220 1305 crus
1250 1261 1487 1319 alligatum
1517 1261 1703 1304 habenti

220 1332 470 1375 Fauonius:
515 1331 621 1375 Non
660 1331 812 1383 refert,
847 1332 1008 1389 inquit,
1047 1346 1136 1389 qua
1169 1332 1218 1374 in
1249 1335 1377 1389 parte
1412 1331 1608 1389 corporis
1642 1331 1704 1374 sit
1724 1347 1765 1382 15

218 1403 449 1456 diadema3
493 1417 563 1446 res
603 1402 699 1446 eius
739 1402 886 1460 regias
927 1402 1203 1459 exprobrans
1243 1402 1528 1446 cauillatione
1564 1402 1704 1460 panni

218 1473 383 1531 exigui.
450 1473 540 1516 Sed
576 1473 616 1517 is
652 1475 815 1516 neutra
846 1473 894 1515 in
926 1475 1055 1530 parte
1088 1474 1265 1515 mutato
1297 1473 1431 1515 uultu
1461 1475 1704 1530 utrumque

219 1544 352 1594 cauit,
368 1558 424 1587 ne
445 1546 525 1587 aut
545 1543 679 1586 hilari
709 1542 859 1586 fronte
883 1543 1076 1586 libenter
1095 1557 1334 1601 agnoscere
1353 1543 1603 1600 potentiam
1624 1546 1706 1587 aut

219 1614 341 1657 tristi
362 1614 476 1656 iram
497 1613 698 1671 profiteri
719 1613 959 1657 uideretur.
1011 1613 1150 1664 Idem,
1162 1628 1263 1656 cum
1281 1613 1449 1656 Heluio
1464 1613 1703 1657 Formiano

172 1685 201 1723 b
219 1684 421 1727 libertini
460 1684 554 1727 filio
593 1684 900 1742 improperans
940 1684 1059 1741 quod
1099 1683 1294 1727 redierat
1341 1684 1399 1727 ab
1446 1683 1605 1727 inferis
1649 1687 1703 1728 ut
1723 1701 1768 1725 20

220 1755 407 1799 Lucium
444 1754 658 1798 Libonem
688 1755 882 1798 amicum
915 1754 1115 1812 Pompeii
1144 1757 1395 1798 accusaret:
1431 1754 1504 1798 Ab
1533 1754 1704 1806 inferis,

218 1825 368 1882 inquit
390 1825 594 1878 Heluius,
614 1825 663 1867 in
685 1825 900 1868 Libonem
927 1825 1061 1868 uenio
1089 1828 1321 1868 accusator
1333 1839 1343 1878 3
1373 1824 1463 1876 sed,
1484 1824 1592 1868 dum
1612 1825 1706 1868 illic

218 1898 419 1939 moratus
449 1910 560 1946 sum,
584 1895 681 1938 uidi
709 1895 1060 1953 quamplurimos
1090 1895 1138 1938 in
1166 1895 1344 1939 diuersa
1372 1898 1491 1938 etate
1518 1898 1564 1938 et
1594 1909 1705 1938 sexu

219 1966 477 2009 innocentes
498 1966 663 2009 ibidem
684 1966 740 2009 de
761 1969 806 2009 te
826 1966 1091 2024 grauissime
1106 1968 1438 2023 conquerentes,
1454 1980 1564 2023 quos
1585 1965 1706 2023 ipsos

219 2051 300 2094 per
338 2037 454 2079 hanc
493 2036 824 2094 importabilem
866 2036 993 2080 bonis
1039 2035 1289 2094 potentiam
1333 2038 1460 2079 tuam
1499 2035 1707 2093 nequiter
1726 2053 1767 2089 ²⁵

219 2106 640 2164 condempnaueris;
671 2109 718 2150 et
747 2107 899 2150 omnia
930 2107 1128 2165 Pompeii
1155 2121 1367 2164 peruersa
1394 2108 1439 2149 et
1467 2106 1705 2164 reprehen-

219 2177 366 2220 denda
381 2177 669 2220 audientibus
685 2178 857 2221 cunctis
878 2178 1097 2235 exposuit.
1148 2177 1310 2235 Itaque
1331 2176 1484 2220 eodem
1505 2179 1706 2234 tempore

221 2250 267 2291 et
307 2247 605 2290 fortissimum
646 2251 744 2291 erat
783 2248 994 2306 Pompeio
1033 2247 1296 2291 maledicere
1331 2249 1377 2290 et
1415 2247 1705 2291 tutissimum.

221 2317 350 2360 Vnde
371 2320 418 2360 et
437 2317 675 2375 Deiphilus
691 2318 906 2376 tragedus
921 2318 1041 2361 inter
1055 2317 1279 2376 agendum
1295 2317 1460 2375 populo
1473 2317 1643 2361 directa
1657 2318 1706 2361 in

221 2387 482 2444 Pompeium
497 2402 660 2430 manu:
693 2387 887 2439 Miseria,
900 2388 1061 2445 inquit,
1074 2390 1229 2431 nostra
1244 2387 1437 2445 Magnus
1458 2390 1536 2431 est.
1588 2387 1706 2431 Item
1725 2405 1769 2439 30

220 2457 334 2500 Gaio
348 2456 552 2501 Carbone
567 2457 747 2501 consule
763 2458 946 2502 iubente
961 2458 1047 2502 sibi
1068 2457 1245 2502 obsides
1265 2457 1365 2501 dari
1380 2472 1409 2500 a
1424 2457 1707 2513 Placentinis,

223 2545 264 2580 18
289 2543 416 2590 hylari
433 2543 473 2579 M
619 2545 667 2581 26
691 2544 1007 2583 condemnaueris
1024 2544 1049 2581 S

268 2630 289 2666 7
318 2623 459 2658 Gneius
474 2623 569 2658 etc.:
594 2634 628 2657 v.
643 2621 729 2659 Val.
748 2621 851 2659 Max.
868 2621 916 2658 vi.
935 2633 956 2658 2
976 2621 994 2669 §
1013 2622 1048 2658 6.
1195 2631 1311 2668 11-13
1327 2623 1456 2667 facere
1472 2633 1547 2658 non
1563 2623 1681 2659 licebit
1691 2636 1707 2669 ,-

219 2671 370 2715 impune
386 2675 509 2706 tamen
525 2675 612 2706 tunc
628 2672 757 2706 eximii
772 2671 866 2706 ciuis
879 2672 1030 2716 pulsata
1047 2672 1213 2716 potentia
1229 2675 1304 2706 est:
1330 2672 1481 2717 impune
1487 2672 1614 2716 facere
1630 2683 1706 2708 non

221 2718 338 2753 licebit
347 2731 361 2763 ;
382 2719 533 2764 pulsata
550 2723 635 2754 tunc
652 2723 703 2754 est
719 2720 848 2754 eximii
865 2720 959 2755 ciuis
968 2719 1136 2765 potentia
1150 2718 1234 2755 Val.
1253 2717 1353 2755 Max.
1505 2728 1548 2763 14
1572 2720 1706 2755 Eidem

221 2767 381 2801 candida
398 2767 472 2802 etc.
490 2779 498 2802 ε
527 2778 559 2801 v.
571 2765 654 2802 Val.
667 2766 767 2803 Max.
782 2766 828 2802 vi.
844 2777 866 2803 2
881 2765 899 2813 ξ
917 2776 950 2811 7.
1051 2776 1095 2812 19
1119 2767 1222 2802 Idem
1236 2767 1307 2803 etc.
1322 2780 1331 2803 :
1356 2778 1388 2802 v.
1400 2765 1483 2802 val.
1500 2765 1601 2803 Max.
1620 2766 1666 2802 vi.
1681 2777 1703 2803 2

222 2811 240 2858 §
261 2814 294 2848 8.
392 2823 438 2858 29
469 2814 570 2849 Vnde
582 2819 615 2849 et
627 2815 824 2861 Deiphilus
833 2815 905 2851 etc.
921 2827 929 2850 :
953 2826 987 2851 v.
1002 2813 1086 2851 Val.
1101 2813 1202 2851 Max.
1215 2813 1266 2851 vi.
1282 2824 1303 2849 2
1319 2813 1337 2861 ξ
1351 2825 1384 2860 9.
1483 2815 1703 2861 Deiphilus:

220 2860 495 2946 gip-hilugVavl.
515 2861 619 2945 ῗιῐῖῗ.
733 2872 791 2909 30,
809 2871 853 2910 31
880 2863 972 2899 Item
992 2863 1084 2899 Gaio
1107 2864 1202 2900 eta:
1229 2874 1260 2899 v.
1277 2861 1362 2899 Val.
1379 2861 1481 2899 Max.
1498 2860 1547 2899 vi.
1566 2871 1588 2898 2
1607 2860 1625 2910 ξ
1648 2872 1700 2900 10.

259 2919 343 2945 ato:
401 2921 440 2948 n.
493 2920 518 2946 a
537 2936 546 2946 .
605 2920 666 2947 ax.

333 2981 399 3005 220
