1846 3262
156 226 260 258 cAP.
276 211 327 274 x]
680 213 1126 260 POLICRATICVS
1663 218 1745 268 658
1766 227 1791 256 c

153 338 301 379 terror
319 336 608 395 priuilegium
629 338 879 396 potestatis,
901 337 1166 380 uictualium
1187 336 1461 380 uniuersitas
1482 339 1551 381 est
1577 337 1646 380 in-

153 406 320 450 dicium
340 407 588 460 libertatis3
616 408 766 451 omnia
787 407 1007 465 siquidem
1028 407 1198 450 munda
1216 407 1409 453 mundis.
1461 407 1507 450 N
1509 422 1557 451 ec
1578 423 1645 451 re·

151 476 248 521 eolo
267 477 403 521 huius
423 478 745 522 benedictionis
765 478 1054 536 priuilegium
1074 478 1163 521 alio
1189 477 1417 521 indultum
1444 482 1646 536 tempore

152 561 288 604 quam
310 563 399 605 quo
418 548 676 591 innocentia
696 563 777 605 per
796 548 1067 591 creationem
1088 548 1197 591 data
1217 550 1286 591 est
1304 551 1386 591 aut
1405 563 1486 606 per
1505 548 1645 591 medi·

113 635 134 670 5
151 617 298 661 cinam
335 619 602 662 sacramenti
637 618 712 662 uel
747 619 1025 676 penitentiae
1060 621 1282 676 reparata.
1346 618 1467 662 Nam
1497 622 1544 662 et
1573 619 1646 662 his

151 688 309 731 statim
348 691 451 747 post
490 689 714 732 diluuium
756 693 802 732 et
841 689 933 732 illis
973 692 1079 732 ante
1118 692 1350 747 peccatum
1390 689 1490 733 ideo
1525 688 1645 733 forte

151 758 323 802 dictum
348 762 439 803 estt
471 758 669 803 Crescite
700 762 747 803 et
776 759 1152 817 multiplicamini,
1172 762 1227 802 ut
1255 759 1378 803 illius
1402 759 1645 803 dumtaxat

151 832 445 887 augmentum
466 834 512 873 et
531 829 849 887 multiplicatio
876 830 1145 887 adquiratur
1174 830 1294 887 quod
1320 829 1444 874 Deus
1469 830 1641 874 homini

150 899 344 943 eontulit
374 915 456 958 per
488 904 699 944 naturam
732 903 813 943 aut
845 899 1112 943 reformauit
1147 914 1229 958 per
1261 900 1468 957 gratiam.
1542 900 1640 945 Hoc
1656 903 1687 944 d

92 988 136 1014 10
151 973 303 1013 autem
324 972 370 1013 et
389 985 583 1014 crescere
602 970 784 1014 iubetur
804 970 852 1013 in
872 985 919 1013 se
940 972 987 1013 et
1006 970 1334 1027 quodammodo
1349 971 1642 1028 multiplicari

151 1039 200 1082 in
231 1040 407 1094 sobole;
447 1041 496 1083 in
531 1055 578 1084 se
613 1040 794 1098 quidem
828 1040 888 1082 ad
927 1040 1078 1083 meriti
1111 1039 1377 1097 profectum,
1408 1041 1457 1084 in
1492 1041 1643 1085 sobole

150 1125 388 1154 numerosa
431 1110 626 1168 quadam
673 1110 997 1168 propagatione
1046 1110 1286 1155 uirtutum.
1371 1110 1487 1155 Oum
1534 1126 1643 1156 uero

149 1182 316 1223 natura
338 1180 400 1224 sit
425 1180 591 1224 uitiata
618 1195 699 1238 per
722 1180 914 1238 culpam,
941 1183 996 1223 ut
1019 1195 1214 1224 crescere
1242 1183 1323 1224 aut
1349 1181 1642 1239 multiplicari

148 1250 359 1294 iubeatur
386 1265 478 1294 non
507 1251 706 1295 memini.
764 1251 890 1295 Licet
924 1253 1076 1294 autem
1111 1266 1227 1308 quae
1258 1252 1503 1309 praemissa
1534 1256 1643 1296 sunt

90 1330 133 1372 i5
149 1323 270 1365 stare
290 1325 458 1379 queant
478 1321 536 1364 ad
556 1322 767 1372 litteram,
780 1336 882 1365 cum
902 1322 1054 1365 omnia
1081 1321 1129 1364 in
1148 1336 1281 1364 usum
1301 1321 1425 1364 uitae
1445 1322 1641 1366 hominis

148 1391 323 1445 cedant,
343 1394 390 1435 et
410 1407 463 1435 ea
487 1392 586 1450 ipsa
607 1407 721 1449 quae
748 1392 964 1435 uidentur
986 1407 1081 1435 esse
1111 1391 1347 1435 mortifera
1374 1392 1512 1435 etiam
1535 1393 1639 1436 uisu

147 1462 339 1506 odoratu
352 1463 515 1506 auditu
533 1462 699 1506 nedum
720 1466 846 1506 tactu
860 1462 934 1506 uel
954 1466 1104 1520 gustu,
1117 1462 1269 1519 qualia
1283 1466 1391 1505 sunt
1405 1463 1640 1507 nocentius

146 1546 383 1584 uenenosa,
403 1533 530 1577 cibus
555 1533 648 1576 sint
675 1533 870 1577 hominis
896 1536 980 1576 aut
1005 1532 1102 1576 eius
1128 1535 1370 1576 uertantur
1398 1533 1447 1575 in
1477 1533 1640 1585 cibum,

147 1603 317 1661 poterit
335 1605 488 1646 tamen
509 1606 556 1646 et
575 1603 716 1646 alium
736 1617 916 1646 sensum
941 1606 1167 1646 scrutator
1193 1602 1397 1645 misticus
1423 1603 1639 1646 inuenire.

89 1691 132 1716 ιο
148 1673 340 1717 Sensum
370 1675 524 1717 tamen
554 1673 819 1717 historicum
849 1673 1032 1716 roborat
1061 1672 1182 1730 quod
1211 1672 1354 1730 pisces
1382 1672 1641 1716 sanissimos

147 1747 195 1787 et
228 1743 360 1795 feras,
390 1758 582 1801 quarum
614 1758 770 1787 carnes
797 1743 1066 1786 utilissimae
1097 1745 1216 1794 sunt,
1245 1742 1453 1786 uidemus
1484 1742 1640 1786 crebro

146 1814 496 1857 uenenatissima
523 1814 704 1871 reptilia
723 1814 950 1864 deuorare,
971 1816 1017 1856 et
1046 1813 1146 1871 ipsa
1174 1827 1351 1856 uenena
1377 1813 1640 1856 inseruntur

146 1884 483 1928 medicamentis
502 1884 667 1941 quibus
686 1899 777 1927 non
798 1883 930 1927 modo
950 1886 1117 1927 natura
1136 1885 1420 1927 sustentatur
1439 1883 1638 1927 humana
1656 1884 1743 1933 659
1764 1894 1795 1923 a

145 1954 225 1998 sed
258 1955 397 1998 etiam
431 1955 672 1998 infirmitas
706 1954 990 1999 conualescit.
1050 1953 1167 1999 Cum
1204 1968 1314 1997 uero
1348 1954 1546 2011 primum
1577 1954 1639 1997 sit

85 2027 129 2068 '²⁵
146 2024 441 2068 excutiendus
470 2039 627 2068 sensus
657 2024 909 2075 historicus,
939 2024 1208 2081 quicumque
1241 2023 1443 2067 animum
1475 2024 1549 2067 uel
1579 2025 1638 2067 ad

144 2094 280 2138 fidem
308 2094 383 2138 uel
412 2094 471 2137 ad
500 2109 636 2152 opera
661 2094 779 2145 fidei,
800 2109 914 2152 quae
944 2097 1053 2137 sunt
1081 2093 1187 2137 boni
1218 2108 1374 2145 mores,
1395 2094 1539 2152 magis
1570 2095 1638 2136 in-

145 2163 325 2216 format,
344 2164 614 2208 laudabilior
633 2167 680 2208 et
698 2164 832 2222 plane
855 2164 1012 2207 utilior
1032 2166 1112 2207 est.
1171 2163 1271 2207 Hoc
1299 2163 1419 2207 enim
1446 2164 1637 2208 lectione

143 2250 320 2293 semper
338 2235 643 2292 quaerendum
663 2237 732 2278 est
750 2237 805 2277 ut
831 2235 965 2278 homo
990 2234 1136 2291 seipso
1165 2233 1325 2276 melior
1354 2234 1522 2291 iugiter
1542 2234 1635 2277 fiat.

144 2305 315 2349 Verum
353 2320 456 2348 cum
495 2305 650 2348 littera
688 2304 958 2362 praecedens
996 2303 1174 2346 utiliter
1213 2303 1272 2346 ad
1307 2303 1452 2346 multa
1491 2304 1634 2360 possit

85 2391 129 2426 30
144 2375 316 2427 referri,
347 2378 394 2418 et
425 2375 484 2418 ad
515 2375 599 2418 hoc
633 2389 761 2432 posse
795 2374 944 2432 aptari
976 2373 1205 2417 consentio
1239 2376 1293 2416 ut
1327 2387 1408 2430 per
1436 2373 1633 2431 gratiam

142 2460 201 2489 ex
234 2445 544 2489 benedictione
573 2444 659 2487 Dei
688 2444 896 2488 collatam
926 2443 985 2486 ad
1014 2443 1202 2485 uirtutis
1230 2443 1555 2486 incrementum
1586 2447 1635 2487 et

142 2515 563 2572 multiplicationem
586 2514 777 2557 liberum
801 2513 1025 2556 excitetur
1050 2512 1289 2555 arbitrium
1314 2515 1361 2555 et
1381 2512 1632 2557 uirtutibus

142 2585 455 2643 multiplicatis
483 2599 565 2642 per
593 2583 788 2642 gratiam
818 2583 1042 2626 adiciatur
1070 2582 1288 2625 subiectio
1317 2585 1465 2626 terrae
1494 2598 1630 2640 quam

149 2707 178 2740 1,
197 2706 220 2732 2
245 2693 436 2731 libertatis
452 2692 636 2730 inditium
653 2692 686 2728 B
883 2703 926 2739 19
950 2691 1134 2740 mysticus
1150 2691 1191 2727 M
1396 2701 1455 2736 22,
1473 2702 1518 2738 23
1543 2691 1630 2740 ipsa.

143 2741 436 2782 medicamentis
451 2741 675 2779 inseruntur
689 2751 843 2778 uenena
858 2740 903 2777 Αἱ
1080 2743 1126 2777 28
1151 2739 1388 2786 querendum
1404 2742 1463 2777 est
1480 2752 1631 2789 semper

142 2791 190 2830 A¹
335 2801 384 2836 30
406 2789 536 2836 aptari
551 2800 658 2836 posse
672 2789 722 2825 Δ.ι

190 2908 214 2935 2
237 2898 362 2935 munia
377 2896 555 2942 siquidem
571 2894 712 2930 munda
727 2894 901 2929 mundis:
925 2904 959 2929 v.
976 2890 1050 2928 Tit.
1068 2890 1093 2927 i.
1115 2900 1180 2938 15;
1207 2889 1255 2928 cf.
1273 2889 1380 2927 Rom.
1399 2889 1472 2927 xiv.
1489 2900 1549 2930 2ο.

1455 2973 1516 3007 131
