1846 3262
77 214 157 267 758
177 223 210 255 a
557 214 820 260 IOANNIS
860 214 1376 262 SARESBERIENSIS
1482 212 1593 278 [1,13.
1606 225 1702 264 vm

225 337 326 381 aliis
350 336 523 395 multis)
544 336 749 380 Socrates
770 336 907 380 etiam
931 337 979 379 in
1003 339 1230 381 senectute
1260 337 1467 382 didicerit
1486 340 1701 384 musicam

223 408 417 458 credens,
445 407 482 449 si
513 406 682 450 musica
711 406 897 458 deforet,
926 407 1012 450 sibi
1042 407 1270 450 cumulum
1299 408 1544 465 sapientiae
1572 409 1701 453 defu-

173 476 204 516 b
221 479 388 521 turum.
445 477 503 520 In
524 491 576 519 ea
601 479 753 520 tamen
776 476 966 520 nimium
987 478 1191 535 occupari
1210 478 1325 521 citra
1350 478 1700 537 philosophicam

221 547 494 605 grauitatem
522 549 601 590 est.
661 546 893 604 Numquid
923 547 1041 590 enim
1068 548 1219 591 uirum
1243 548 1417 592 decebit
1443 549 1700 606 sapientem,

219 617 482 674 praesertim
513 617 632 673 quod
663 617 800 660 etiam
829 617 878 659 in
908 632 1020 660 sexu
1049 618 1257 661 muliebri
1285 618 1582 676 turpitudinis
1609 634 1701 663 non
1719 635 1738 671 5

219 686 379 744 effugit
398 687 584 730 not-‚amic
634 686 753 730 Nam
774 690 820 730 et
840 687 1065 731 Salustius
1085 687 1395 745 Semproniam
1415 689 1702 746 reprehendit

218 770 308 798 non
349 756 529 813 quidem
569 757 689 814 quod
729 756 893 800 saltare
933 759 980 800 et
1019 757 1207 814 psallere
1246 758 1325 801 sed
1364 757 1484 816 quod
1533 758 1701 816 optime

218 825 380 869 scierit.
442 826 523 869 Ait
538 826 682 869 enim:
715 826 907 870 Psallere
923 827 1087 870 saltare
1108 826 1358 885 elegantius
1371 842 1505 885 quam
1524 842 1700 872 necesse

218 898 287 938 est
325 895 503 952 probae.
586 896 767 953 Optime
806 899 958 939 tamen
1003 898 1195 948 cantare,
1236 897 1274 941 si
1313 897 1428 941 citra
1466 897 1700 941 leuitatem

216 968 366 1022 posset
397 965 564 1017 haberi,
598 965 731 1023 plane
766 966 1057 1010 desiderabile
1097 969 1179 1010 est.
1250 966 1307 1010 In
1338 962 1545 1011 omnibus
1579 967 1698 1010 enim
1718 979 1762 1005 10

218 1050 332 1092 quae
368 1035 630 1093 simpliciter
664 1036 927 1093 expetibilia
959 1039 1077 1087 sunt,
1112 1051 1200 1094 quo
1231 1036 1478 1081 intensiora
1508 1040 1616 1081 sunt
1649 1037 1699 1080 in

217 1106 435 1162 qualitate
468 1105 586 1161 boni,
617 1120 670 1149 eo
704 1106 1016 1163 expetibiliora
1054 1109 1172 1151 sunt.
1252 1106 1341 1150 Sed
1378 1122 1438 1151 ex
1476 1107 1700 1151 adiunctis

216 1178 405 1233 possunt
439 1175 654 1219 nonnulla
690 1191 783 1219 esse
823 1179 1038 1234 suspecta.
1113 1177 1277 1221 Lucius
1317 1177 1430 1221 Silla
1467 1178 1542 1220 uir
1579 1177 1699 1221 tanti

216 1245 410 1289 nominis
450 1246 617 1303 optime
657 1248 860 1290 cantasse
908 1247 1132 1300 traditur;
1181 1247 1260 1291 sed
1299 1247 1448 1291 dotem
1497 1247 1699 1291 libidinis

171 1327 199 1359 c
217 1318 264 1359 et
282 1315 561 1359 crudelitatis
587 1319 696 1359 nota
721 1317 998 1373 perstrinxit.
1059 1316 1221 1361 Catoni
1252 1332 1427 1375 quoque
1452 1318 1601 1361 uisum
1625 1319 1696 1361 est
1715 1329 1755 1364 15

217 1386 329 1429 bene
372 1388 553 1429 cantare
601 1401 692 1429 non
732 1386 836 1429 serii
886 1387 1079 1430 hominis
1119 1402 1224 1431 esse.
1303 1387 1434 1430 Vnde
1480 1387 1696 1431 nimirum

217 1456 418 1499 Marcum
453 1458 702 1499 senatorem
736 1471 827 1500 non
867 1457 1108 1514 ignobilem
1149 1456 1365 1501 Cecilium
1403 1457 1696 1516 spaciatorem

217 1528 264 1569 et
294 1526 618 1572 Fescenninum
648 1529 791 1577 uocat,
822 1541 1011 1584 eumque
1041 1527 1272 1571 staticulos
1301 1527 1408 1571 dare
1446 1528 1518 1571 his
1546 1527 1697 1571 uerbis

216 1596 305 1639 ait:
336 1595 578 1639 Descendit
598 1596 652 1640 de
673 1596 894 1650 canteri03
924 1597 1028 1640 inde
1048 1598 1280 1641 staticulos
1300 1598 1417 1649 dare,
1438 1597 1696 1641 ridicularia

215 1665 431 1719 fundere3
461 1668 507 1710 et
527 1666 658 1709 alibi:
689 1666 925 1710 Praeterea
945 1670 1099 1711 cantat
1124 1668 1203 1711 ubi
1232 1667 1447 1722 collibuit,
1466 1667 1694 1711 interdum
1713 1682 1758 1709 ao

217 1735 379 1779 Grecos
409 1751 566 1779 uersus
606 1737 712 1795 agit,
743 1737 860 1781 iocos
890 1737 1011 1789 dicit,
1041 1752 1169 1782 uoces
1203 1738 1428 1789 demictat,
1463 1738 1697 1782 staticulos

216 1805 308 1850 dat.
370 1805 506 1849 Porro
537 1806 615 1849 illa
644 1806 853 1864 uoluptas
873 1808 1051 1851 aurium
1079 1810 1211 1866 grata
1227 1811 1299 1851 est
1327 1808 1552 1852 honestati
1581 1822 1696 1865 quae

215 1876 401 1919 uirtutis
422 1877 491 1919 est
510 1876 654 1920 amica
679 1880 761 1920 aut
786 1891 878 1920 non
908 1880 976 1921 est
1005 1878 1180 1924 conscia
1208 1877 1517 1935 turpitudinis.
1579 1877 1694 1921 Ocu-

214 1946 360 1989 lorum
380 1961 488 1989 uero
507 1947 717 2004 uoluptas
743 1947 982 1991 histriones
1008 1948 1264 1992 introduxit
1290 1951 1336 1992 et
1364 1948 1546 2002 mimos;
1576 1947 1696 2006 quod

215 2019 262 2060 et
296 2016 446 2073 Scipio
477 2016 731 2061 Affricanus
767 2017 1017 2062 Emilianus
1047 2019 1096 2061 in
1127 2019 1328 2062 oratione
1361 2021 1518 2062 contra
1550 2018 1695 2076 legem
1714 2029 1758 2067 25

214 2086 495 2130 iudiciariam
535 2087 702 2131 Tiberii
743 2088 898 2132 Gracci
947 2103 1038 2132 non
1076 2089 1359 2132 mediocriter
1397 2088 1695 2146 reprehendit.

216 2156 446 2200 Docentur
474 2157 739 2215 praestigias
759 2158 1030 2211 inhonestas,
1043 2173 1145 2202 cum
1169 2158 1385 2202 cinedulis
1408 2160 1458 2202 et
1486 2158 1696 2202 sambuca

170 2227 200 2268 d
215 2227 515 2284 psalterioque
550 2230 660 2271 eunt
697 2227 746 2270 in
785 2227 943 2271 ludum
980 2228 1262 2280 histrionum,
1297 2227 1477 2272 discunt
1513 2230 1696 2272 cantare

217 2354 233 2380 1
261 2343 396 2380 multis
412 2342 496 2380 aliis
513 2342 548 2379 A
666 2352 709 2380 21
737 2343 923 2381 denuctat
940 2344 972 2385 B
1093 2354 1148 2391 23,
1168 2354 1214 2389 24
1239 2343 1465 2385 occulorum
1481 2342 1528 2380 A¹
1647 2353 1695 2390 ²4

212 2391 431 2438 hystriones
447 2391 487 2427 M
631 2393 678 2429 26
702 2392 858 2439 gracchi
876 2391 905 2429 C
1049 2401 1094 2437 27
1116 2392 1321 2429 sambucca
1337 2391 1362 2428 S

265 2514 281 2540 1
309 2504 492 2540 Socrates:
517 2502 566 2539 cf.
580 2513 698 2550 supra
713 2513 745 2539 c.
763 2512 786 2549 9
804 2502 885 2548 (741
902 2501 960 2549 n).
1119 2502 1143 2540 6
1167 2503 1352 2539 Salustius
1363 2503 1456 2539 etc.:
1480 2514 1512 2538 v.
1526 2500 1696 2539 Macrob-

214 2551 290 2588 Sat.
307 2550 363 2587 iii.
384 2561 427 2595 14
446 2550 464 2597 ξ
485 2559 518 2597 5.
731 2561 772 2597 13
797 2551 935 2587 Lucius
949 2551 1044 2587 Silla
1060 2551 1154 2587 eta:
1182 2550 1348 2587 Macrob.
1364 2551 1442 2588 Sat.
1459 2549 1516 2587 iii.
1537 2559 1581 2595 14
1597 2548 1617 2598 §
1637 2559 1692 2587 10.

219 2609 263 2644 14
288 2601 350 2635 sed
365 2600 481 2635 dotem
499 2599 572 2635 etc.
589 2610 599 2634 t
623 2610 656 2634 v.
674 2597 758 2635 Val.
777 2597 879 2635 Max.
896 2597 944 2634 vi.
962 2608 985 2644 9
1003 2597 1021 2645 ξ
1041 2599 1075 2635 6.
1318 2606 1359 2645 15
1389 2598 1522 2634 Catoni
1537 2599 1610 2635 etc.
1625 2609 1633 2634 :
1659 2609 1693 2634 v.

215 2645 383 2683 Maerob.
400 2647 478 2684 Sat.
495 2645 550 2682 iii.
571 2655 615 2692 14
629 2645 730 2729 {11⁰⁰
926 2655 968 2689 17
993 2647 1162 2682 Marcum
1177 2646 1272 2683 etat
1298 2645 1464 2682 Macrob.
1481 2647 1557 2682 Sat.
1574 2643 1629 2681 iii.
1649 2654 1694 2690 14

217 2693 236 2740 ξ
270 2705 305 2739 9.
368 2694 420 2730 At
448 2695 501 2730 M.
533 2705 592 2740 ap.
671 2693 799 2730 acrob.
831 2704 901 2740 pro
936 2695 1087 2730 Marcus
1114 2692 1140 2730 i.
1152 2705 1184 2731 e.
1217 2695 1368 2730 Marcus
1404 2695 1492 2730 Cato
1525 2694 1694 2740 ponitur.

219 2742 415 2777 cecilium:
440 2741 498 2778 ita
514 2741 702 2779 Macrobii
717 2740 868 2778 codices
882 2755 893 2787 3
916 2752 1045 2777 verum
1060 2743 1194 2779 tamen
1210 2752 1350 2779 nomen
1361 2742 1414 2777 M.
1433 2742 1598 2777 caelium
1614 2750 1692 2777 esse

215 2799 262 2824 ex
290 2789 385 2825 Gell.
411 2789 439 2826 i.
462 2798 502 2836 15
533 2788 550 2836 §
583 2799 606 2836 9
631 2789 792 2827 videtur.
957 2799 1000 2826 21
1028 2791 1218 2826 demictat:
1244 2789 1327 2825 Vox
1352 2788 1488 2832 nihili;
1512 2788 1618 2834 legas
1642 2798 1693 2824 ex

216 2835 408 2873 Macrobio
426 2838 587 2873 demutat
603 2836 628 2874 i.
639 2849 672 2874 e.
690 2839 732 2873 in
748 2838 907 2873 detem‘us
922 2841 1050 2873 mutat.
1218 2846 1262 2885 25
1281 2838 1402 2884 Scipio
1419 2838 1490 2874 etc.
1507 2846 1624 2882 usque
1639 2833 1691 2872 ad

210 2889 332 2929 posset
350 2885 386 2930 (7
391 2893 435 2930 59
447 2884 493 2931 A)
508 2896 517 2921 :
546 2884 713 2922 Macrob.
731 2886 807 2922 Sat.
824 2884 880 2921 111.
903 2895 946 2931 14
966 2883 1008 2932 ἕξ
1027 2885 1111 2922 6-8.

325 2964 393 2997 310
