1846 3262
58 202 142 254 627
159 200 190 242 <1
539 196 807 243 IOANNIS
847 193 1371 240 SARESBERIENSIS
1522 194 1632 252 [Lm.
1648 205 1702 239 vt

208 322 564 367 incolumitatem
603 321 804 364 ledamus
843 318 1052 376 corporis,
1085 319 1167 361 aut
1212 317 1489 361 munitiones
1536 318 1701 376 quibus

208 396 339 438 tutus
371 397 440 437 est
469 392 770 443 detrahamus,
791 393 872 433 aut
903 403 1242 447 praesumamus
1271 389 1550 432 committere
1580 389 1702 433 unde

209 465 354 508 honor
373 466 454 507 aut
473 463 595 506 illius
609 462 785 506 utilitas
804 461 1059 512 minuatur3
1089 459 1167 503 sed
1183 473 1327 516 neque
1347 459 1407 512 id,
1429 460 1548 516 quod
1569 459 1702 503 facile

211 538 291 586 est,
323 534 502 578 difficile
533 534 630 577 fieri
662 533 779 585 licet,
809 534 891 575 aut
919 531 1039 588 quod
1068 529 1279 588 possibile
1309 532 1389 581 est,
1415 529 1702 588 impossibile.

212 605 449 648 Praeterea
488 604 565 662 qui
592 603 856 647 beneficium
885 602 942 645 ab
970 616 1032 652 eo,
1057 601 1184 645 cuius
1210 600 1356 644 fidelis
1383 603 1464 653 est,
1491 600 1701 658 possidet,
1720 618 1741 654 5

58 678 143 720 628
163 688 194 718 a
211 675 419 734 gerendis
439 675 535 718 eius
562 674 783 717 auxilium
805 676 850 716 et
870 672 1104 717 consilium
1134 671 1292 724 debet;
1333 671 1453 715 unde
1479 674 1702 729 quantum

212 746 412 790 omnium
451 745 646 788 Domino
686 744 904 787 debeatur
942 743 1033 786 sole
1073 742 1238 786 clarius
1278 742 1409 794 lucet,
1441 742 1480 786 si
1520 744 1704 785 tantum

210 817 401 860 debetur
423 815 479 859 iis
500 815 664 873 quibus
689 814 784 858 sola
810 813 1028 857 fidelitate
1055 816 1262 856 tenemur
1289 813 1478 857 astricti.
1539 812 1630 856 Sed
1657 815 1704 856 et

210 902 327 945 pena
346 886 482 930 huius
502 885 703 930 criminis
727 887 856 929 tanta
880 887 950 928 est
976 887 1029 928 ut
1055 899 1146 927 non
1169 884 1301 928 facile
1328 883 1595 928 crediderim
1621 896 1704 927 nec

211 972 239 1001 a
267 956 460 1000 dominis
485 956 748 1006 insularum,
767 955 846 1012 qui
872 954 1155 1011 frequentius
1178 955 1469 1012 tyrannidem
1493 955 1703 1003 induunt,
1723 973 1769 1003 ια

211 1028 412 1072 seuerius
439 1026 671 1084 quippiam
699 1024 945 1083 excogitari
970 1039 1109 1082 posse.
1170 1025 1241 1077 Et,
1265 1041 1321 1069 ne
1349 1041 1377 1069 a
1403 1029 1705 1083 tyrannorum

212 1099 376 1143 seuitia
421 1112 562 1156 penae
603 1096 820 1140 seueritas
858 1096 1123 1154 processisse
1168 1097 1389 1149 credatur,
1429 1097 1572 1155 ipsius
1611 1112 1705 1141 mo·

211 1169 454 1213 destissimi
493 1167 606 1211 iuris
645 1167 785 1210 uerba
824 1181 906 1224 pro
952 1170 1082 1224 parte
1127 1167 1371 1224 posuimus.
1450 1168 1532 1212 Ait
1572 1182 1710 1226 ergo:

213 1239 428 1297 Quisquis
447 1254 549 1282 cum
569 1237 790 1282 militibus
810 1237 883 1280 uel
908 1252 1010 1281 cum
1030 1237 1222 1295 priuatis
1248 1238 1322 1281 uel
1343 1239 1547 1283 barbaris
1567 1240 1706 1284 etiam

212 1311 443 1355 scelestam
473 1308 627 1352 inierit
656 1307 899 1351 factionem
935 1310 1016 1351 aut
1046 1307 1259 1352 facinoris
1289 1309 1431 1366 ipsius
1460 1311 1707 1368 susceperit
1725 1325 1768 1360 15

212 1382 541 1424 sacramentum
561 1378 635 1422 uel
655 1378 842 1431 dederit,
869 1377 925 1421 de
951 1392 1058 1422 nece
1078 1378 1216 1422 etiam
1236 1379 1438 1423 uirorum
1458 1380 1706 1425 illustrium

213 1451 292 1509 qui
312 1450 508 1494 consiliis
529 1452 575 1493 et
593 1448 856 1493 consistorio
871 1451 1025 1492 nostro
1040 1449 1279 1500 intersunt,
1293 1454 1552 1494 senatorum
1568 1451 1707 1496 etiam

214 1521 339 1580 (nam
369 1523 415 1564 et
445 1520 532 1578 ipsi
561 1534 667 1577 pars
693 1518 890 1576 corporis
919 1519 1063 1562 nostri
1093 1523 1217 1576 sunt)
1254 1521 1328 1564 uel
1357 1521 1598 1566 cuiuslibet
1627 1537 1706 1581 po-

165 1595 195 1634 b
214 1594 381 1635 stremo
402 1590 480 1649 qui
500 1589 630 1633 nobis
649 1588 829 1640 militat,
844 1589 1114 1647 cogitauerit
1134 1589 1308 1649 (eadem
1325 1591 1445 1635 enim
1460 1593 1706 1637 seueritate

213 1661 496 1705 uoluntatem
527 1659 704 1704 sceleris
739 1674 829 1717 qua
864 1660 1071 1704 effectum
1107 1661 1261 1718 puniri
1295 1661 1397 1706 iura
1430 1663 1704 1724 uoluerunt),
1723 1682 1772 1710 αα

212 1732 309 1790 ipse
329 1731 510 1789 quidem
539 1733 697 1788 utpote
717 1729 966 1774 maiestatis
985 1746 1089 1774 reus
1108 1731 1260 1790 gladio
1280 1732 1485 1788 feriatur,
1498 1735 1707 1780 omnibus

213 1802 343 1846 bonis
378 1801 474 1845 eius
508 1801 614 1845 fisco
649 1803 805 1846 nostro
844 1801 1049 1846 addictis.
1111 1803 1216 1846 Filii
1256 1818 1365 1848 uero
1400 1805 1507 1857 eius,
1543 1805 1708 1864 quibus

213 1873 359 1916 uitam
378 1871 668 1930 imperatoria
694 1871 947 1929 specialiter
970 1871 1157 1917 lenitate
1177 1874 1708 1935 concedimus—paterno

215 1943 335 1987 enim
371 1942 535 1986 debent
568 1941 715 1999 perire
749 1941 980 2000 supplicio,
1015 1943 1064 1986 in
1099 1944 1263 2001 quibus
1297 1946 1489 2003 paterni,
1518 1947 1603 1991 hoc
1637 1950 1708 1992 est

214 2012 488 2064 hereditarii,
523 2012 723 2056 criminis
755 2012 960 2070 exempla
991 2017 1346 2059 metuuntur—a
1385 2019 1592 2062 materna
1629 2019 1704 2062 uel
1724 2036 1773 2071 2⁵

214 2083 353 2137 auita,
374 2083 575 2127 omnium
595 2082 732 2126 etiam
759 2083 1067 2140 proximorum
1089 2084 1340 2130 hereditate
1359 2101 1411 2130 ac
1431 2087 1707 2132 successione

214 2154 469 2197 habeantur
503 2153 651 2206 alieni,
682 2153 965 2197 testamentis
995 2156 1313 2199 extraneorum
1344 2156 1484 2201 nichil
1514 2158 1708 2216 capiant.

216 2224 321 2268 Sint
360 2225 577 2282 perpetuo
616 2225 798 2281 egentes
838 2225 885 2267 et
923 2238 1154 2282 pauperes,
1188 2226 1380 2272 infamia
1419 2243 1494 2272 eos
1533 2243 1710 2287 semper

214 2297 405 2352 paterna
431 2293 682 2337 comitetur.
740 2292 815 2336 Ad
844 2293 991 2338 nullos
1021 2309 1236 2353 umquam
1266 2297 1469 2351 honores,
1492 2299 1552 2342 ad
1581 2299 1709 2343 nulla

215 2378 398 2422 prorsus
418 2364 696 2407 sacramenta
717 2363 996 2420 perueniant.
1057 2365 1163 2410 Sint
1182 2371 1408 2425 postremo
1427 2369 1542 2413 tales
1561 2373 1616 2414 ut
1635 2370 1707 2414 his
1725 2388 1773 2423 30

214 2435 432 2492 perpetua
459 2435 658 2492 egestate
681 2432 966 2477 sordentibus
992 2434 1054 2479 sit
1083 2438 1130 2479 et
1153 2451 1274 2482 mors
1297 2438 1509 2483 solatium
1536 2443 1583 2484 et
1608 2440 1709 2485 uita

174 2521 199 2552 c
217 2504 496 2563 supplicium.
556 2503 763 2561 Denique
782 2503 988 2549 iubemus
1008 2506 1145 2550 etiam
1161 2522 1235 2552 eos
1254 2510 1476 2555 notabiles
1496 2526 1592 2555 esse
1611 2511 1709 2557 sine

217 2606 239 2642 8
262 2604 339 2641 hiis
355 2604 409 2641 A:
434 2602 496 2640 his
511 2603 552 2639 M
697 2612 721 2649 9
745 2604 802 2639 est
818 2604 932 2640 tanta
949 2604 989 2640 M
1113 2616 1157 2643 10
1180 2606 1418 2646 tirannidem
1434 2608 1540 2647 ASM
1664 2621 1706 2650 11

215 2652 458 2708 tirannorum
474 2650 578 2688 ΛΞΜ
749 2661 791 2698 13
817 2651 937 2689 uerba
953 2665 1025 2690 om.
1042 2653 1098 2690 Μ1
1271 2667 1319 2704 30
1342 2656 1418 2695 hiis
1433 2658 1469 2694 A
1660 2669 1707 2707 32

217 2700 423 2748 suphcium
441 2699 466 2736 S

267 2799 311 2825 10
334 2790 567 2825 insularum:
593 2785 641 2823 cf.
661 2785 761 2822 Plin.
779 2785 828 2822 H.
846 2787 893 2822 N.
909 2787 1060 2842 'xxx-vii.
1088 2787 1106 2836 §
1134 2800 1155 2836 3
1182 2790 1228 2827 de
1253 2790 1467 2839 Polycrate.
1661 2803 1706 2840 14

217 2838 389 2883 Quisquis
406 2838 478 2874 etc.
497 2847 618 2883 usque
635 2834 685 2871 ad
701 2834 816 2871 finem
834 2836 1020 2882 capituli:
1045 2835 1134 2875 Ood.
1153 2837 1205 2876 ix.
1224 2840 1256 2877 8.
1277 2849 1314 2887 5.
1430 2850 1472 2890 15
1490 2842 1705 2888 facinoris:

204 2887 389 2932 factionis
415 2884 506 2922 Cod.

330 2956 373 3002 76
