<?xml version="1.0" encoding="UTF-8"?>
<!DOCTYPE html PUBLIC "-//W3C//DTD XHTML 1.0 Transitional//EN"
    "http://www.w3.org/TR/xhtml1/DTD/xhtml1-transitional.dtd">
<html xmlns="http://www.w3.org/1999/xhtml" xml:lang="en" lang="en">
 <head>
  <title>
</title>
<meta http-equiv="Content-Type" content="text/html;charset=utf-8" />
  <meta name='ocr-system' content='tesseract 3.04.00' />
  <meta name='ocr-capabilities' content='ocr_page ocr_carea ocr_par ocr_line ocrx_word'/>
</head>
<body>
  <div class='ocr_page' id='page_1' title='image "./ioannissaresberi02johnuoft_0155.png"; bbox 0 0 1846 3262; ppageno 0'>
   <div class='ocr_carea' id='block_1_1' title="bbox 147 214 1791 277">
    <p class='ocr_par' dir='ltr' id='par_1_1' title="bbox 147 214 1791 277">
     <span class='ocr_line' id='line_1_1' title="bbox 147 214 1791 277; baseline -0.005 -15"><span class='ocrx_word' id='word_1_1' title='bbox 147 227 248 262; x_wconf 78' lang='grc' dir='ltr'><strong>σΔΡ.</strong></span> <span class='ocrx_word' id='word_1_2' title='bbox 264 215 358 277; x_wconf 86' lang='lat' dir='ltr'>xn]</span> <span class='ocrx_word' id='word_1_3' title='bbox 669 214 1116 260; x_wconf 87' lang='lat' dir='ltr'><strong>POLICRATICVS</strong></span> <span class='ocrx_word' id='word_1_4' title='bbox 1655 215 1742 264; x_wconf 88' lang='grc'>665</span> <span class='ocrx_word' id='word_1_5' title='bbox 1760 214 1791 253; x_wconf 85' lang='lat' dir='ltr'>b</span> 
     </span>
    </p>
   </div>
   <div class='ocr_carea' id='block_1_2' title="bbox 93 336 1815 2646">
    <p class='ocr_par' dir='ltr' id='par_1_2' title="bbox 93 336 1815 2646">
     <span class='ocr_line' id='line_1_2' title="bbox 265 336 1459 406; baseline -0.003 -23"><span class='ocrx_word' id='word_1_6' title='bbox 265 337 423 389; x_wconf 85' lang='lat' dir='ltr'>Cenat,</span> <span class='ocrx_word' id='word_1_7' title='bbox 454 337 677 395; x_wconf 74' lang='lat' dir='ltr'>propinat,</span> <span class='ocrx_word' id='word_1_8' title='bbox 706 338 863 406; x_wconf 82' lang='lat' dir='ltr'>poscit,</span> <span class='ocrx_word' id='word_1_9' title='bbox 893 340 1044 395; x_wconf 84' lang='lat' dir='ltr'>negat,</span> <span class='ocrx_word' id='word_1_10' title='bbox 1071 336 1235 387; x_wconf 89' lang='lat' dir='ltr'>innuit,</span> <span class='ocrx_word' id='word_1_11' title='bbox 1265 350 1359 379; x_wconf 88' lang='lat' dir='ltr'>una</span> <span class='ocrx_word' id='word_1_12' title='bbox 1388 338 1459 379; x_wconf 88' lang='lat' dir='ltr'>est</span> 
     </span>
     <span class='ocr_line' id='line_1_3' title="bbox 323 395 1685 450; baseline -0.001 -10"><span class='ocrx_word' id='word_1_13' title='bbox 323 396 497 450; x_wconf 82' lang='lat' dir='ltr'>Neuia3</span> <span class='ocrx_word' id='word_1_14' title='bbox 535 397 575 440; x_wconf 89' lang='lat' dir='ltr'>si</span> <span class='ocrx_word' id='word_1_15' title='bbox 602 412 694 440; x_wconf 90' lang='lat' dir='ltr'>non</span> <span class='ocrx_word' id='word_1_16' title='bbox 723 397 785 440; x_wconf 88' lang='lat' dir='ltr'>sit</span> <span class='ocrx_word' id='word_1_17' title='bbox 815 396 974 448; x_wconf 88' lang='lat' dir='ltr'>Neuia,</span> <span class='ocrx_word' id='word_1_18' title='bbox 1004 399 1158 439; x_wconf 88' lang='lat' dir='ltr'>mutus</span> <span class='ocrx_word' id='word_1_19' title='bbox 1188 395 1286 439; x_wconf 79' lang='lat' dir='ltr'>erit.</span> <span class='ocrx_word' id='word_1_20' title='bbox 1659 409 1685 439; x_wconf 89' lang='lat' dir='ltr'>c</span> 
     </span>
     <span class='ocr_line' id='line_1_4' title="bbox 149 476 1642 538; baseline -0.003 -14"><span class='ocrx_word' id='word_1_21' title='bbox 149 480 238 524; x_wconf 83' lang='lat' dir='ltr'>Res</span> <span class='ocrx_word' id='word_1_22' title='bbox 264 480 344 523; x_wconf 92' lang='grc'><strong>1118</strong></span> <span class='ocrx_word' id='word_1_23' title='bbox 369 480 428 523; x_wconf 86' lang='lat' dir='ltr'>ad</span> <span class='ocrx_word' id='word_1_24' title='bbox 455 479 861 538; x_wconf 88' lang='lat' dir='ltr'>philosophandum</span> <span class='ocrx_word' id='word_1_25' title='bbox 888 478 1072 522; x_wconf 89' lang='lat' dir='ltr'>uidetur</span> <span class='ocrx_word' id='word_1_26' title='bbox 1098 477 1249 536; x_wconf 88' lang='lat' dir='ltr'>aptior</span> <span class='ocrx_word' id='word_1_27' title='bbox 1274 477 1323 520; x_wconf 91' lang='lat' dir='ltr'>in</span> <span class='ocrx_word' id='word_1_28' title='bbox 1348 491 1439 535; x_wconf 90' lang='lat' dir='ltr'>qua</span> <span class='ocrx_word' id='word_1_29' title='bbox 1458 476 1642 520; x_wconf 84' lang='lat' dir='ltr'>liberior</span> 
     </span>
     <span class='ocr_line' id='line_1_5' title="bbox 148 545 1641 607; baseline -0.003 -13"><span class='ocrx_word' id='word_1_30' title='bbox 148 552 219 594; x_wconf 87' lang='grc'><strong>0813</strong></span> <span class='ocrx_word' id='word_1_31' title='bbox 257 550 440 594; x_wconf 89' lang='lat' dir='ltr'>licentia</span> <span class='ocrx_word' id='word_1_32' title='bbox 479 549 678 607; x_wconf 90' lang='lat' dir='ltr'>fingendi</span> <span class='ocrx_word' id='word_1_33' title='bbox 719 549 838 607; x_wconf 92' lang='lat' dir='ltr'>quod</span> <span class='ocrx_word' id='word_1_34' title='bbox 878 548 1076 592; x_wconf 87' lang='lat' dir='ltr'>uolueris</span> <span class='ocrx_word' id='word_1_35' title='bbox 1111 551 1158 591; x_wconf 89' lang='lat' dir='ltr'>et</span> <span class='ocrx_word' id='word_1_36' title='bbox 1192 547 1340 591; x_wconf 90' lang='lat' dir='ltr'>minor</span> <span class='ocrx_word' id='word_1_37' title='bbox 1374 550 1443 590; x_wconf 87' lang='lat' dir='ltr'>est</span> <span class='ocrx_word' id='word_1_38' title='bbox 1477 561 1535 590; x_wconf 84' lang='lat' dir='ltr'>ex</span> <span class='ocrx_word' id='word_1_39' title='bbox 1575 545 1641 590; x_wconf 90' lang='lat' dir='ltr'>rei</span> 
     </span>
     <span class='ocr_line' id='line_1_6' title="bbox 111 617 1642 677; baseline -0.003 -12"><span class='ocrx_word' id='word_1_40' title='bbox 111 639 131 673; x_wconf 82' lang='lat'>5</span> <span class='ocrx_word' id='word_1_41' title='bbox 150 621 412 664; x_wconf 88' lang='lat' dir='ltr'>difficultate</span> <span class='ocrx_word' id='word_1_42' title='bbox 442 623 523 663; x_wconf 93' lang='lat' dir='ltr'>aut</span> <span class='ocrx_word' id='word_1_43' title='bbox 554 620 903 677; x_wconf 73' lang='lat' dir='ltr'>disceptantium</span> <span class='ocrx_word' id='word_1_44' title='bbox 934 618 1162 676; x_wconf 84' lang='lat' dir='ltr'>imperitia</span> <span class='ocrx_word' id='word_1_45' title='bbox 1191 617 1428 662; x_wconf 91' lang='lat' dir='ltr'>certitudo.</span> <span class='ocrx_word' id='word_1_46' title='bbox 1487 617 1642 674; x_wconf 89' lang='lat' dir='ltr'>Saepe,</span> 
     </span>
     <span class='ocr_line' id='line_1_7' title="bbox 150 687 1644 748; baseline -0.003 -13"><span class='ocrx_word' id='word_1_47' title='bbox 150 691 268 735; x_wconf 90' lang='lat' dir='ltr'>sicut</span> <span class='ocrx_word' id='word_1_48' title='bbox 287 691 346 734; x_wconf 88' lang='lat' dir='ltr'>ad</span> <span class='ocrx_word' id='word_1_49' title='bbox 370 691 544 734; x_wconf 89' lang='lat' dir='ltr'>hostem</span> <span class='ocrx_word' id='word_1_50' title='bbox 573 690 906 748; x_wconf 88' lang='lat' dir='ltr'>impediendum</span> <span class='ocrx_word' id='word_1_51' title='bbox 928 689 1107 732; x_wconf 82' lang='lat' dir='ltr'>facilius</span> <span class='ocrx_word' id='word_1_52' title='bbox 1126 688 1323 732; x_wconf 78' lang='lat' dir='ltr'>salebras</span> <span class='ocrx_word' id='word_1_53' title='bbox 1343 691 1390 732; x_wconf 91' lang='lat' dir='ltr'>et</span> <span class='ocrx_word' id='word_1_54' title='bbox 1409 687 1644 746; x_wconf 70' lang='lat' dir='ltr'>angustias</span> 
     </span>
     <span class='ocr_line' id='line_1_8' title="bbox 150 758 1644 816; baseline -0.003 -10"><span class='ocrx_word' id='word_1_55' title='bbox 150 761 414 806; x_wconf 84' lang='lat' dir='ltr'>transeundi</span> <span class='ocrx_word' id='word_1_56' title='bbox 450 761 578 804; x_wconf 87' lang='lat' dir='ltr'>miles</span> <span class='ocrx_word' id='word_1_57' title='bbox 617 763 776 804; x_wconf 90' lang='lat' dir='ltr'>cautus</span> <span class='ocrx_word' id='word_1_58' title='bbox 816 760 1038 810; x_wconf 90' lang='lat' dir='ltr'>obseruat,</span> <span class='ocrx_word' id='word_1_59' title='bbox 1074 759 1137 803; x_wconf 92' lang='lat' dir='ltr'>sic</span> <span class='ocrx_word' id='word_1_60' title='bbox 1177 759 1382 815; x_wconf 88' lang='lat' dir='ltr'>difficiles</span> <span class='ocrx_word' id='word_1_61' title='bbox 1421 758 1523 816; x_wconf 86' lang='lat' dir='ltr'>quis</span> <span class='ocrx_word' id='word_1_62' title='bbox 1562 760 1644 801; x_wconf 92' lang='lat' dir='ltr'>aut</span> 
     </span>
     <span class='ocr_line' id='line_1_9' title="bbox 151 827 1644 889; baseline -0.003 -13"><span class='ocrx_word' id='word_1_63' title='bbox 151 846 180 876; x_wconf 86' lang='grc'>8</span> <span class='ocrx_word' id='word_1_64' title='bbox 213 831 448 889; x_wconf 87' lang='lat' dir='ltr'>scripturis</span> <span class='ocrx_word' id='word_1_65' title='bbox 482 834 564 874; x_wconf 89' lang='lat' dir='ltr'>aut</span> <span class='ocrx_word' id='word_1_66' title='bbox 604 846 632 874; x_wconf 88' lang='lat' dir='ltr'>a</span> <span class='ocrx_word' id='word_1_67' title='bbox 666 830 919 874; x_wconf 89' lang='lat' dir='ltr'>rationibus</span> <span class='ocrx_word' id='word_1_68' title='bbox 954 830 1124 873; x_wconf 86' lang='lat' dir='ltr'>excitat</span> <span class='ocrx_word' id='word_1_69' title='bbox 1160 829 1445 886; x_wconf 89' lang='lat' dir='ltr'>quaestiones</span> <span class='ocrx_word' id='word_1_70' title='bbox 1479 830 1573 879; x_wconf 90' lang='lat' dir='ltr'>aut,</span> <span class='ocrx_word' id='word_1_71' title='bbox 1604 827 1644 871; x_wconf 91' lang='lat' dir='ltr'>si</span> 
     </span>
     <span class='ocr_line' id='line_1_10' title="bbox 152 898 1644 960; baseline -0.003 -14"><span class='ocrx_word' id='word_1_72' title='bbox 152 902 278 946; x_wconf 87' lang='lat' dir='ltr'>aliud</span> <span class='ocrx_word' id='word_1_73' title='bbox 296 901 577 960; x_wconf 91' lang='lat' dir='ltr'>propositum</span> <span class='ocrx_word' id='word_1_74' title='bbox 598 905 678 952; x_wconf 88' lang='lat' dir='ltr'>est,</span> <span class='ocrx_word' id='word_1_75' title='bbox 698 916 757 944; x_wconf 85' lang='lat' dir='ltr'>ex</span> <span class='ocrx_word' id='word_1_76' title='bbox 776 900 1003 943; x_wconf 88' lang='lat' dir='ltr'>industria</span> <span class='ocrx_word' id='word_1_77' title='bbox 1021 901 1071 943; x_wconf 93' lang='lat' dir='ltr'>in</span> <span class='ocrx_word' id='word_1_78' title='bbox 1100 914 1175 943; x_wconf 91' lang='lat' dir='ltr'>eas</span> <span class='ocrx_word' id='word_1_79' title='bbox 1200 900 1329 957; x_wconf 87' lang='lat' dir='ltr'>quasi</span> <span class='ocrx_word' id='word_1_80' title='bbox 1350 914 1408 943; x_wconf 84' lang='lat' dir='ltr'>ex</span> <span class='ocrx_word' id='word_1_81' title='bbox 1427 898 1644 942; x_wconf 75' lang='lat' dir='ltr'>incidenti</span> 
     </span>
     <span class='ocr_line' id='line_1_11' title="bbox 93 970 1648 1031; baseline -0.003 -14"><span class='ocrx_word' id='word_1_82' title='bbox 93 991 137 1017; x_wconf 87' lang='lat'>10</span> <span class='ocrx_word' id='word_1_83' title='bbox 153 972 415 1031; x_wconf 86' lang='lat' dir='ltr'>prolabitur.</span> <span class='ocrx_word' id='word_1_84' title='bbox 476 971 547 1022; x_wconf 89' lang='lat' dir='ltr'>Et,</span> <span class='ocrx_word' id='word_1_85' title='bbox 576 971 615 1015; x_wconf 85' lang='lat' dir='ltr'>si</span> <span class='ocrx_word' id='word_1_86' title='bbox 648 970 907 1014; x_wconf 74' lang='lat' dir='ltr'>satisfacere</span> <span class='ocrx_word' id='word_1_87' title='bbox 937 985 1029 1014; x_wconf 91' lang='lat' dir='ltr'>non</span> <span class='ocrx_word' id='word_1_88' title='bbox 1058 970 1224 1014; x_wconf 87' lang='lat' dir='ltr'>sufficis</span> <span class='ocrx_word' id='word_1_89' title='bbox 1258 970 1382 1027; x_wconf 83' lang='lat' dir='ltr'>(quia</span> <span class='ocrx_word' id='word_1_90' title='bbox 1413 984 1545 1012; x_wconf 92' lang='lat' dir='ltr'>nemo</span> <span class='ocrx_word' id='word_1_91' title='bbox 1577 971 1648 1012; x_wconf 87' lang='lat' dir='ltr'>est</span> 
     </span>
     <span class='ocr_line' id='line_1_12' title="bbox 154 1039 1647 1100; baseline -0.003 -14"><span class='ocrx_word' id='word_1_92' title='bbox 154 1042 233 1100; x_wconf 87' lang='lat' dir='ltr'>qui</span> <span class='ocrx_word' id='word_1_93' title='bbox 262 1042 424 1093; x_wconf 91' lang='lat' dir='ltr'>omnia,</span> <span class='ocrx_word' id='word_1_94' title='bbox 460 1056 574 1099; x_wconf 89' lang='lat' dir='ltr'>quae</span> <span class='ocrx_word' id='word_1_95' title='bbox 609 1041 747 1084; x_wconf 89' lang='lat' dir='ltr'>etiam</span> <span class='ocrx_word' id='word_1_96' title='bbox 782 1042 840 1084; x_wconf 92' lang='lat' dir='ltr'>ab</span> <span class='ocrx_word' id='word_1_97' title='bbox 870 1041 1093 1098; x_wconf 90' lang='lat' dir='ltr'>imperitis</span> <span class='ocrx_word' id='word_1_98' title='bbox 1116 1043 1421 1098; x_wconf 47' lang='lat' dir='ltr'>(quaeruntur,</span> <span class='ocrx_word' id='word_1_99' title='bbox 1453 1039 1647 1082; x_wconf 84' lang='lat' dir='ltr'>sufficiat</span> 
     </span>
     <span class='ocr_line' id='line_1_13' title="bbox 154 1109 1647 1171; baseline -0.001 -17"><span class='ocrx_word' id='word_1_100' title='bbox 154 1112 427 1171; x_wconf 86' lang='lat' dir='ltr'>explanare),</span> <span class='ocrx_word' id='word_1_101' title='bbox 446 1111 601 1155; x_wconf 90' lang='lat' dir='ltr'>statim</span> <span class='ocrx_word' id='word_1_102' title='bbox 622 1111 785 1155; x_wconf 88' lang='lat' dir='ltr'>annuit</span> <span class='ocrx_word' id='word_1_103' title='bbox 805 1111 958 1162; x_wconf 88' lang='lat' dir='ltr'>oculis,</span> <span class='ocrx_word' id='word_1_104' title='bbox 976 1111 1229 1168; x_wconf 88' lang='lat' dir='ltr'>distorquet</span> <span class='ocrx_word' id='word_1_105' title='bbox 1249 1110 1443 1162; x_wconf 89' lang='lat' dir='ltr'>uultum,</span> <span class='ocrx_word' id='word_1_106' title='bbox 1462 1109 1647 1153; x_wconf 88' lang='lat' dir='ltr'>brachia</span> 
     </span>
     <span class='ocr_line' id='line_1_14' title="bbox 154 1179 1647 1239; baseline -0.003 -12"><span class='ocrx_word' id='word_1_107' title='bbox 154 1183 306 1234; x_wconf 82' lang='lat' dir='ltr'>iactat,</span> <span class='ocrx_word' id='word_1_108' title='bbox 325 1182 502 1233; x_wconf 86' lang='lat' dir='ltr'>clamat,</span> <span class='ocrx_word' id='word_1_109' title='bbox 516 1182 622 1226; x_wconf 89' lang='lat' dir='ltr'>salit</span> <span class='ocrx_word' id='word_1_110' title='bbox 642 1186 689 1225; x_wconf 88' lang='lat' dir='ltr'>et</span> <span class='ocrx_word' id='word_1_111' title='bbox 707 1181 1062 1239; x_wconf 89' lang='lat' dir='ltr'>transfiguratur</span> <span class='ocrx_word' id='word_1_112' title='bbox 1088 1181 1291 1239; x_wconf 87' lang='lat' dir='ltr'>gestibus</span> <span class='ocrx_word' id='word_1_113' title='bbox 1318 1180 1397 1238; x_wconf 91' lang='lat' dir='ltr'>qui</span> <span class='ocrx_word' id='word_1_114' title='bbox 1416 1180 1463 1222; x_wconf 91' lang='lat' dir='ltr'>in</span> <span class='ocrx_word' id='word_1_115' title='bbox 1486 1179 1647 1237; x_wconf 88' lang='lat' dir='ltr'>quouis</span> 
     </span>
     <span class='ocr_line' id='line_1_15' title="bbox 155 1250 1695 1310; baseline -0.002 -13"><span class='ocrx_word' id='word_1_116' title='bbox 155 1253 374 1297; x_wconf 88' lang='lat' dir='ltr'>histrione</span> <span class='ocrx_word' id='word_1_117' title='bbox 393 1253 467 1296; x_wconf 90' lang='lat' dir='ltr'>uel</span> <span class='ocrx_word' id='word_1_118' title='bbox 483 1253 621 1295; x_wconf 90' lang='lat' dir='ltr'>mimo</span> <span class='ocrx_word' id='word_1_119' title='bbox 636 1252 880 1295; x_wconf 90' lang='lat' dir='ltr'>uideantur</span> <span class='ocrx_word' id='word_1_120' title='bbox 894 1252 1049 1310; x_wconf 89' lang='lat' dir='ltr'>inepti.</span> <span class='ocrx_word' id='word_1_121' title='bbox 1091 1251 1197 1295; x_wconf 92' lang='lat' dir='ltr'>Non</span> <span class='ocrx_word' id='word_1_122' title='bbox 1217 1251 1376 1308; x_wconf 91' lang='lat' dir='ltr'>utique</span> <span class='ocrx_word' id='word_1_123' title='bbox 1397 1250 1647 1293; x_wconf 67' lang='lat' dir='ltr'>satisfacies</span> <span class='ocrx_word' id='word_1_124' title='bbox 1664 1254 1695 1294; x_wconf 88' lang='lat' dir='ltr'>d</span> 
     </span>
     <span class='ocr_line' id='line_1_16' title="bbox 95 1320 1648 1381; baseline -0.003 -13"><span class='ocrx_word' id='word_1_125' title='bbox 95 1341 137 1377; x_wconf 82' lang='lat'>¹⁵</span> <span class='ocrx_word' id='word_1_126' title='bbox 156 1323 245 1367; x_wconf 87' lang='lat' dir='ltr'>nisi</span> <span class='ocrx_word' id='word_1_127' title='bbox 284 1324 327 1367; x_wconf 90' lang='grc'>01</span> <span class='ocrx_word' id='word_1_128' title='bbox 370 1323 638 1381; x_wconf 83' lang='lat' dir='ltr'>respondeas</span> <span class='ocrx_word' id='word_1_129' title='bbox 677 1323 829 1366; x_wconf 91' lang='lat' dir='ltr'>uerbis</span> <span class='ocrx_word' id='word_1_130' title='bbox 868 1322 962 1366; x_wconf 88' lang='lat' dir='ltr'>suis</span> <span class='ocrx_word' id='word_1_131' title='bbox 995 1326 1041 1366; x_wconf 90' lang='lat' dir='ltr'>et</span> <span class='ocrx_word' id='word_1_132' title='bbox 1073 1322 1122 1365; x_wconf 93' lang='lat' dir='ltr'>id</span> <span class='ocrx_word' id='word_1_133' title='bbox 1155 1324 1338 1365; x_wconf 86' lang='lat' dir='ltr'>tantum</span> <span class='ocrx_word' id='word_1_134' title='bbox 1373 1321 1495 1364; x_wconf 85' lang='lat' dir='ltr'>dicas</span> <span class='ocrx_word' id='word_1_135' title='bbox 1528 1320 1648 1378; x_wconf 90' lang='lat' dir='ltr'>quod</span> 
     </span>
     <span class='ocr_line' id='line_1_17' title="bbox 155 1391 1649 1451; baseline -0.003 -13"><span class='ocrx_word' id='word_1_136' title='bbox 155 1394 390 1439; x_wconf 87' lang='lat' dir='ltr'>consueuit</span> <span class='ocrx_word' id='word_1_137' title='bbox 415 1394 584 1437; x_wconf 90' lang='lat' dir='ltr'>audire.</span> <span class='ocrx_word' id='word_1_138' title='bbox 643 1393 748 1451; x_wconf 91' lang='lat' dir='ltr'>Ipse</span> <span class='ocrx_word' id='word_1_139' title='bbox 767 1396 933 1444; x_wconf 89' lang='lat' dir='ltr'>tamen,</span> <span class='ocrx_word' id='word_1_140' title='bbox 953 1392 1059 1436; x_wconf 91' lang='lat' dir='ltr'>licet</span> <span class='ocrx_word' id='word_1_141' title='bbox 1086 1392 1389 1451; x_wconf 85' lang='lat' dir='ltr'>scrupulosior</span> <span class='ocrx_word' id='word_1_142' title='bbox 1415 1391 1487 1442; x_wconf 87' lang='lat' dir='ltr'>sit,</span> <span class='ocrx_word' id='word_1_143' title='bbox 1506 1391 1649 1434; x_wconf 87' lang='lat' dir='ltr'>totius</span> 
     </span>
     <span class='ocr_line' id='line_1_18' title="bbox 157 1461 1651 1522; baseline -0.003 -13"><span class='ocrx_word' id='word_1_144' title='bbox 157 1468 227 1509; x_wconf 85' lang='lat' dir='ltr'>est</span> <span class='ocrx_word' id='word_1_145' title='bbox 245 1465 482 1509; x_wconf 91' lang='lat' dir='ltr'>solutionis</span> <span class='ocrx_word' id='word_1_146' title='bbox 496 1464 693 1522; x_wconf 89' lang='lat' dir='ltr'>ignarus.</span> <span class='ocrx_word' id='word_1_147' title='bbox 744 1464 801 1507; x_wconf 92' lang='lat' dir='ltr'>In</span> <span class='ocrx_word' id='word_1_148' title='bbox 822 1478 912 1507; x_wconf 92' lang='lat' dir='ltr'>uno</span> <span class='ocrx_word' id='word_1_149' title='bbox 933 1467 1085 1507; x_wconf 90' lang='lat' dir='ltr'>tamen</span> <span class='ocrx_word' id='word_1_150' title='bbox 1101 1463 1292 1507; x_wconf 84' lang='lat' dir='ltr'>fortasse</span> <span class='ocrx_word' id='word_1_151' title='bbox 1313 1462 1400 1505; x_wconf 90' lang='lat' dir='ltr'>sibi</span> <span class='ocrx_word' id='word_1_152' title='bbox 1415 1461 1651 1520; x_wconf 83' lang='lat' dir='ltr'>prospexit</span> 
     </span>
     <span class='ocr_line' id='line_1_19' title="bbox 156 1531 1649 1592; baseline -0.002 -13"><span class='ocrx_word' id='word_1_153' title='bbox 156 1535 334 1579; x_wconf 84' lang='lat' dir='ltr'>cautius</span> <span class='ocrx_word' id='word_1_154' title='bbox 365 1534 486 1592; x_wconf 92' lang='lat' dir='ltr'>quod</span> <span class='ocrx_word' id='word_1_155' title='bbox 517 1534 566 1576; x_wconf 92' lang='lat' dir='ltr'>in</span> <span class='ocrx_word' id='word_1_156' title='bbox 595 1533 823 1591; x_wconf 88' lang='lat' dir='ltr'>marsupio</span> <span class='ocrx_word' id='word_1_157' title='bbox 853 1533 1006 1576; x_wconf 83' lang='lat' dir='ltr'>omnia</span> <span class='ocrx_word' id='word_1_158' title='bbox 1036 1533 1200 1590; x_wconf 89' lang='lat' dir='ltr'>quibus</span> <span class='ocrx_word' id='word_1_159' title='bbox 1232 1532 1420 1575; x_wconf 90' lang='lat' dir='ltr'>inflatur</span> <span class='ocrx_word' id='word_1_160' title='bbox 1448 1531 1649 1590; x_wconf 89' lang='lat' dir='ltr'>ingessit.</span> 
     </span>
     <span class='ocr_line' id='line_1_20' title="bbox 158 1602 1649 1662; baseline -0.002 -13"><span class='ocrx_word' id='word_1_161' title='bbox 158 1605 307 1649; x_wconf 84' lang='lat' dir='ltr'>Facile</span> <span class='ocrx_word' id='word_1_162' title='bbox 337 1608 490 1648; x_wconf 91' lang='lat' dir='ltr'>tamen</span> <span class='ocrx_word' id='word_1_163' title='bbox 516 1607 564 1648; x_wconf 88' lang='lat' dir='ltr'>et</span> <span class='ocrx_word' id='word_1_164' title='bbox 593 1604 722 1662; x_wconf 89' lang='lat' dir='ltr'>quasi</span> <span class='ocrx_word' id='word_1_165' title='bbox 751 1619 835 1647; x_wconf 90' lang='lat' dir='ltr'>acu</span> <span class='ocrx_word' id='word_1_166' title='bbox 862 1604 1057 1647; x_wconf 88' lang='lat' dir='ltr'>uesicam</span> <span class='ocrx_word' id='word_1_167' title='bbox 1085 1604 1201 1646; x_wconf 89' lang='lat' dir='ltr'>hanc</span> <span class='ocrx_word' id='word_1_168' title='bbox 1228 1602 1500 1660; x_wconf 83' lang='lat' dir='ltr'>perforando</span> <span class='ocrx_word' id='word_1_169' title='bbox 1525 1602 1649 1659; x_wconf 90' lang='lat' dir='ltr'>quic-</span> 
     </span>
     <span class='ocr_line' id='line_1_21' title="bbox 98 1672 1651 1735; baseline -0.004 -14"><span class='ocrx_word' id='word_1_170' title='bbox 98 1695 144 1722; x_wconf 73' lang='grc' dir='ltr'>ιο</span> <span class='ocrx_word' id='word_1_171' title='bbox 161 1676 271 1735; x_wconf 89' lang='lat' dir='ltr'>quid</span> <span class='ocrx_word' id='word_1_172' title='bbox 310 1675 597 1733; x_wconf 86' lang='lat' dir='ltr'>loquacitatis</span> <span class='ocrx_word' id='word_1_173' title='bbox 632 1675 680 1717; x_wconf 94' lang='lat' dir='ltr'>in</span> <span class='ocrx_word' id='word_1_174' title='bbox 716 1674 901 1718; x_wconf 80' lang='lat' dir='ltr'>follibus</span> <span class='ocrx_word' id='word_1_175' title='bbox 931 1674 1132 1732; x_wconf 88' lang='lat' dir='ltr'>imperiti</span> <span class='ocrx_word' id='word_1_176' title='bbox 1167 1673 1369 1732; x_wconf 87' lang='lat' dir='ltr'>gutturis</span> <span class='ocrx_word' id='word_1_177' title='bbox 1409 1672 1651 1716; x_wconf 87' lang='lat' dir='ltr'>resonabat</span> 
     </span>
     <span class='ocr_line' id='line_1_22' title="bbox 159 1742 1651 1803; baseline -0.003 -13"><span class='ocrx_word' id='word_1_178' title='bbox 159 1746 388 1791; x_wconf 86' lang='lat' dir='ltr'>interdum</span> <span class='ocrx_word' id='word_1_179' title='bbox 414 1761 507 1789; x_wconf 89' lang='lat' dir='ltr'>uno</span> <span class='ocrx_word' id='word_1_180' title='bbox 526 1745 744 1803; x_wconf 89' lang='lat' dir='ltr'>sapientis</span> <span class='ocrx_word' id='word_1_181' title='bbox 771 1744 959 1788; x_wconf 89' lang='lat' dir='ltr'>uerbulo</span> <span class='ocrx_word' id='word_1_182' title='bbox 987 1744 1281 1801; x_wconf 88' lang='lat' dir='ltr'>conquiescet.</span> <span class='ocrx_word' id='word_1_183' title='bbox 1342 1743 1437 1786; x_wconf 89' lang='lat' dir='ltr'>Nec</span> <span class='ocrx_word' id='word_1_184' title='bbox 1462 1743 1563 1785; x_wconf 89' lang='lat' dir='ltr'>illos</span> <span class='ocrx_word' id='word_1_185' title='bbox 1592 1742 1651 1785; x_wconf 90' lang='lat' dir='ltr'>ad</span> 
     </span>
     <span class='ocr_line' id='line_1_23' title="bbox 159 1813 1651 1876; baseline -0.004 -16"><span class='ocrx_word' id='word_1_186' title='bbox 159 1816 567 1876; x_wconf 83' lang='lat' dir='ltr'>philosophandum</span> <span class='ocrx_word' id='word_1_187' title='bbox 610 1815 875 1859; x_wconf 84' lang='lat' dir='ltr'>crediderim</span> <span class='ocrx_word' id='word_1_188' title='bbox 923 1814 1118 1872; x_wconf 86' lang='lat' dir='ltr'>aptiores</span> <span class='ocrx_word' id='word_1_189' title='bbox 1167 1813 1245 1871; x_wconf 89' lang='lat' dir='ltr'>qui</span> <span class='ocrx_word' id='word_1_190' title='bbox 1292 1813 1415 1856; x_wconf 86' lang='lat' dir='ltr'>omni</span> <span class='ocrx_word' id='word_1_191' title='bbox 1462 1813 1651 1855; x_wconf 91' lang='lat' dir='ltr'>uerbulo</span> 
     </span>
     <span class='ocr_line' id='line_1_24' title="bbox 159 1884 1653 1946; baseline -0.003 -15"><span class='ocrx_word' id='word_1_192' title='bbox 159 1887 342 1946; x_wconf 87' lang='lat' dir='ltr'>longam</span> <span class='ocrx_word' id='word_1_193' title='bbox 362 1887 610 1930; x_wconf 91' lang='lat' dir='ltr'>orationem</span> <span class='ocrx_word' id='word_1_194' title='bbox 630 1886 833 1930; x_wconf 90' lang='lat' dir='ltr'>obiciunt</span> <span class='ocrx_word' id='word_1_195' title='bbox 851 1900 903 1928; x_wconf 89' lang='lat' dir='ltr'>ac</span> <span class='ocrx_word' id='word_1_196' title='bbox 924 1884 962 1928; x_wconf 92' lang='lat' dir='ltr'>si</span> <span class='ocrx_word' id='word_1_197' title='bbox 984 1884 1043 1927; x_wconf 90' lang='lat' dir='ltr'>ad</span> <span class='ocrx_word' id='word_1_198' title='bbox 1063 1884 1215 1927; x_wconf 86' lang='lat' dir='ltr'>omnia</span> <span class='ocrx_word' id='word_1_199' title='bbox 1235 1898 1349 1941; x_wconf 93' lang='lat' dir='ltr'>quae</span> <span class='ocrx_word' id='word_1_200' title='bbox 1371 1886 1653 1941; x_wconf 89' lang='lat' dir='ltr'>quaeruntur</span> 
     </span>
     <span class='ocr_line' id='line_1_25' title="bbox 162 1954 1652 2014; baseline -0.004 -13"><span class='ocrx_word' id='word_1_201' title='bbox 162 1972 307 2001; x_wconf 88' lang='lat' dir='ltr'>sermo</span> <span class='ocrx_word' id='word_1_202' title='bbox 346 1957 407 2000; x_wconf 90' lang='lat' dir='ltr'>sit</span> <span class='ocrx_word' id='word_1_203' title='bbox 445 1957 504 1999; x_wconf 90' lang='lat' dir='ltr'>ad</span> <span class='ocrx_word' id='word_1_204' title='bbox 543 1956 759 2014; x_wconf 89' lang='lat' dir='ltr'>populum</span> <span class='ocrx_word' id='word_1_205' title='bbox 800 1955 1045 1999; x_wconf 83' lang='lat' dir='ltr'>faciendus.</span> <span class='ocrx_word' id='word_1_206' title='bbox 1104 1954 1391 2012; x_wconf 81' lang='lat' dir='ltr'>Regulariter</span> <span class='ocrx_word' id='word_1_207' title='bbox 1431 1954 1652 2011; x_wconf 91' lang='lat' dir='ltr'>siquidem</span> 
     </span>
     <span class='ocr_line' id='line_1_26' title="bbox 102 2023 1653 2086; baseline -0.004 -15"><span class='ocrx_word' id='word_1_208' title='bbox 102 2045 145 2080; x_wconf 80' lang='lat'>²5</span> <span class='ocrx_word' id='word_1_209' title='bbox 162 2028 392 2086; x_wconf 89' lang='lat' dir='ltr'>proditum</span> <span class='ocrx_word' id='word_1_210' title='bbox 426 2030 495 2070; x_wconf 88' lang='lat' dir='ltr'>est</span> <span class='ocrx_word' id='word_1_211' title='bbox 526 2026 646 2084; x_wconf 90' lang='lat' dir='ltr'>quod</span> <span class='ocrx_word' id='word_1_212' title='bbox 682 2026 760 2083; x_wconf 90' lang='lat' dir='ltr'>qui</span> <span class='ocrx_word' id='word_1_213' title='bbox 794 2026 896 2083; x_wconf 90' lang='lat' dir='ltr'>plus</span> <span class='ocrx_word' id='word_1_214' title='bbox 934 2025 1009 2068; x_wconf 91' lang='lat' dir='ltr'>uel</span> <span class='ocrx_word' id='word_1_215' title='bbox 1048 2024 1198 2067; x_wconf 91' lang='lat' dir='ltr'>minus</span> <span class='ocrx_word' id='word_1_216' title='bbox 1238 2023 1478 2081; x_wconf 90' lang='lat' dir='ltr'>respondet</span> <span class='ocrx_word' id='word_1_217' title='bbox 1517 2038 1653 2080; x_wconf 89' lang='lat' dir='ltr'>quam</span> 
     </span>
     <span class='ocr_line' id='line_1_27' title="bbox 163 2093 1652 2156; baseline -0.003 -15"><span class='ocrx_word' id='word_1_218' title='bbox 163 2101 406 2156; x_wconf 86' lang='lat' dir='ltr'>quaeratur</span> <span class='ocrx_word' id='word_1_219' title='bbox 421 2098 479 2140; x_wconf 90' lang='lat' dir='ltr'>ab</span> <span class='ocrx_word' id='word_1_220' title='bbox 494 2112 557 2148; x_wconf 90' lang='lat' dir='ltr'>eo,</span> <span class='ocrx_word' id='word_1_221' title='bbox 575 2096 741 2140; x_wconf 87' lang='lat' dir='ltr'>lineam</span> <span class='ocrx_word' id='word_1_222' title='bbox 755 2099 874 2139; x_wconf 86' lang='lat' dir='ltr'>recte</span> <span class='ocrx_word' id='word_1_223' title='bbox 890 2095 1152 2153; x_wconf 88' lang='lat' dir='ltr'>disputandi</span> <span class='ocrx_word' id='word_1_224' title='bbox 1168 2095 1360 2152; x_wconf 89' lang='lat' dir='ltr'>ignorat.</span> <span class='ocrx_word' id='word_1_225' title='bbox 1429 2093 1652 2145; x_wconf 87' lang='lat' dir='ltr'>Ceterum,</span> 
     </span>
     <span class='ocr_line' id='line_1_28' title="bbox 162 2165 1815 2225; baseline -0.004 -13"><span class='ocrx_word' id='word_1_226' title='bbox 162 2183 266 2212; x_wconf 89' lang='lat' dir='ltr'>cum</span> <span class='ocrx_word' id='word_1_227' title='bbox 300 2168 400 2225; x_wconf 88' lang='lat' dir='ltr'>quis</span> <span class='ocrx_word' id='word_1_228' title='bbox 435 2167 660 2211; x_wconf 88' lang='lat' dir='ltr'>docendus</span> <span class='ocrx_word' id='word_1_229' title='bbox 691 2170 770 2218; x_wconf 88' lang='lat' dir='ltr'>est,</span> <span class='ocrx_word' id='word_1_230' title='bbox 800 2166 880 2209; x_wconf 91' lang='lat' dir='ltr'>illa</span> <span class='ocrx_word' id='word_1_231' title='bbox 910 2169 1018 2209; x_wconf 89' lang='lat' dir='ltr'>sunt</span> <span class='ocrx_word' id='word_1_232' title='bbox 1047 2165 1235 2208; x_wconf 89' lang='lat' dir='ltr'>dicenda</span> <span class='ocrx_word' id='word_1_233' title='bbox 1266 2165 1508 2207; x_wconf 83' lang='lat' dir='ltr'>dumtaxat</span> <span class='ocrx_word' id='word_1_234' title='bbox 1538 2179 1652 2220; x_wconf 91' lang='lat' dir='ltr'>quae</span> <span class='ocrx_word' id='word_1_235' title='bbox 1672 2167 1765 2207; x_wconf 88' lang='grc'>666</span> <span class='ocrx_word' id='word_1_236' title='bbox 1784 2177 1815 2205; x_wconf 91' lang='lat' dir='ltr'>a</span> 
     </span>
     <span class='ocr_line' id='line_1_29' title="bbox 162 2233 1654 2295; baseline -0.003 -13"><span class='ocrx_word' id='word_1_237' title='bbox 162 2238 399 2282; x_wconf 86' lang='lat' dir='ltr'>solutionis</span> <span class='ocrx_word' id='word_1_238' title='bbox 447 2237 778 2295; x_wconf 89' lang='lat' dir='ltr'>propositorum</span> <span class='ocrx_word' id='word_1_239' title='bbox 828 2235 1150 2279; x_wconf 80' lang='lat' dir='ltr'>adminiculum</span> <span class='ocrx_word' id='word_1_240' title='bbox 1205 2238 1450 2292; x_wconf 85' lang='lat' dir='ltr'>praestant.</span> <span class='ocrx_word' id='word_1_241' title='bbox 1523 2233 1654 2277; x_wconf 87' lang='lat' dir='ltr'>Vnde</span> 
     </span>
     <span class='ocr_line' id='line_1_30' title="bbox 163 2304 1654 2365; baseline -0.003 -14"><span class='ocrx_word' id='word_1_242' title='bbox 163 2308 276 2359; x_wconf 89' lang='lat' dir='ltr'>illos,</span> <span class='ocrx_word' id='word_1_243' title='bbox 297 2308 375 2365; x_wconf 91' lang='lat' dir='ltr'>qui</span> <span class='ocrx_word' id='word_1_244' title='bbox 399 2308 448 2350; x_wconf 93' lang='lat' dir='ltr'>in</span> <span class='ocrx_word' id='word_1_245' title='bbox 472 2308 663 2365; x_wconf 90' lang='lat' dir='ltr'>singulis</span> <span class='ocrx_word' id='word_1_246' title='bbox 690 2307 849 2365; x_wconf 89' lang='lat' dir='ltr'>legunt</span> <span class='ocrx_word' id='word_1_247' title='bbox 868 2306 1019 2350; x_wconf 92' lang='lat' dir='ltr'>omnia</span> <span class='ocrx_word' id='word_1_248' title='bbox 1039 2309 1097 2358; x_wconf 89' lang='lat' dir='ltr'>et,</span> <span class='ocrx_word' id='word_1_249' title='bbox 1118 2305 1227 2348; x_wconf 90' lang='lat' dir='ltr'>dum</span> <span class='ocrx_word' id='word_1_250' title='bbox 1246 2320 1389 2347; x_wconf 88' lang='lat' dir='ltr'>unum</span> <span class='ocrx_word' id='word_1_251' title='bbox 1410 2304 1654 2361; x_wconf 87' lang='lat' dir='ltr'>quaeritur,</span> 
     </span>
     <span class='ocr_line' id='line_1_31' title="bbox 106 2373 1655 2434; baseline -0.004 -13"><span class='ocrx_word' id='word_1_252' title='bbox 106 2399 150 2432; x_wconf 80' lang='lat'>30</span> <span class='ocrx_word' id='word_1_253' title='bbox 165 2379 377 2421; x_wconf 89' lang='lat' dir='ltr'>nituntur</span> <span class='ocrx_word' id='word_1_254' title='bbox 423 2377 574 2421; x_wconf 91' lang='lat' dir='ltr'>omnia</span> <span class='ocrx_word' id='word_1_255' title='bbox 621 2377 843 2434; x_wconf 82' lang='lat' dir='ltr'>expedire,</span> <span class='ocrx_word' id='word_1_256' title='bbox 883 2376 1069 2433; x_wconf 90' lang='lat' dir='ltr'>planum</span> <span class='ocrx_word' id='word_1_257' title='bbox 1120 2378 1189 2418; x_wconf 93' lang='lat' dir='ltr'>est</span> <span class='ocrx_word' id='word_1_258' title='bbox 1234 2377 1354 2417; x_wconf 87' lang='lat' dir='ltr'>recte</span> <span class='ocrx_word' id='word_1_259' title='bbox 1398 2373 1655 2417; x_wconf 89' lang='lat' dir='ltr'>docentium</span> 
     </span>
     <span class='ocr_line' id='line_1_32' title="bbox 167 2444 1656 2501; baseline -0.003 -10"><span class='ocrx_word' id='word_1_260' title='bbox 167 2448 409 2492; x_wconf 85' lang='lat' dir='ltr'>formulam</span> <span class='ocrx_word' id='word_1_261' title='bbox 442 2462 535 2490; x_wconf 91' lang='lat' dir='ltr'>non</span> <span class='ocrx_word' id='word_1_262' title='bbox 566 2451 743 2500; x_wconf 84' lang='lat' dir='ltr'>tenere3</span> <span class='ocrx_word' id='word_1_263' title='bbox 792 2450 873 2489; x_wconf 91' lang='grc'><strong>81113</strong></span> <span class='ocrx_word' id='word_1_264' title='bbox 908 2446 1028 2489; x_wconf 85' lang='grc'><strong>0111111</strong></span> <span class='ocrx_word' id='word_1_265' title='bbox 1063 2445 1270 2488; x_wconf 89' lang='grc'><strong>110801111113</strong></span> <span class='ocrx_word' id='word_1_266' title='bbox 1305 2444 1406 2501; x_wconf 89' lang='lat' dir='ltr'>quis</span> <span class='ocrx_word' id='word_1_267' title='bbox 1441 2444 1502 2487; x_wconf 89' lang='lat' dir='ltr'>sit</span> <span class='ocrx_word' id='word_1_268' title='bbox 1536 2446 1656 2487; x_wconf 90' lang='lat' dir='ltr'>recte</span> 
     </span>
     <span class='ocr_line' id='line_1_33' title="bbox 166 2512 1656 2562; baseline -0.004 -1"><span class='ocrx_word' id='word_1_269' title='bbox 166 2518 353 2562; x_wconf 90' lang='lat' dir='ltr'>docendi</span> <span class='ocrx_word' id='word_1_270' title='bbox 387 2518 547 2560; x_wconf 89' lang='lat' dir='ltr'>modus</span> <span class='ocrx_word' id='word_1_271' title='bbox 579 2520 660 2559; x_wconf 88' lang='lat' dir='ltr'>aut</span> <span class='ocrx_word' id='word_1_272' title='bbox 693 2515 1049 2559; x_wconf 88' lang='lat' dir='ltr'>dissimulatione</span> <span class='ocrx_word' id='word_1_273' title='bbox 1089 2514 1221 2557; x_wconf 84' lang='lat' dir='ltr'>officii</span> <span class='ocrx_word' id='word_1_274' title='bbox 1261 2513 1502 2556; x_wconf 86' lang='lat' dir='ltr'>uenditant</span> <span class='ocrx_word' id='word_1_275' title='bbox 1537 2512 1656 2556; x_wconf 84' lang='lat' dir='ltr'>forte</span> 
     </span>
     <span class='ocr_line' id='line_1_34' title="bbox 168 2582 1658 2646; baseline -0.003 -15"><span class='ocrx_word' id='word_1_276' title='bbox 168 2587 350 2646; x_wconf 90' lang='lat' dir='ltr'>ingenia</span> <span class='ocrx_word' id='word_1_277' title='bbox 377 2602 459 2630; x_wconf 89' lang='lat' dir='ltr'>sua</span> <span class='ocrx_word' id='word_1_278' title='bbox 481 2589 538 2638; x_wconf 93' lang='lat' dir='ltr'>et,</span> <span class='ocrx_word' id='word_1_279' title='bbox 559 2588 612 2629; x_wconf 87' lang='lat' dir='ltr'>ut</span> <span class='ocrx_word' id='word_1_280' title='bbox 635 2586 702 2629; x_wconf 87' lang='lat' dir='ltr'>ait</span> <span class='ocrx_word' id='word_1_281' title='bbox 726 2584 893 2636; x_wconf 86' lang='lat' dir='ltr'>Cicero,</span> <span class='ocrx_word' id='word_1_282' title='bbox 913 2599 1004 2628; x_wconf 93' lang='lat' dir='ltr'>non</span> <span class='ocrx_word' id='word_1_283' title='bbox 1029 2583 1139 2641; x_wconf 90' lang='lat' dir='ltr'>quid</span> <span class='ocrx_word' id='word_1_284' title='bbox 1165 2583 1395 2641; x_wconf 88' lang='lat' dir='ltr'>proposita</span> <span class='ocrx_word' id='word_1_285' title='bbox 1421 2582 1658 2640; x_wconf 88' lang='lat' dir='ltr'>disciplina</span> 
     </span>
    </p>
   </div>
   <div class='ocr_carea' id='block_1_3' title="bbox 169 2691 1656 2790">
    <p class='ocr_par' dir='ltr' id='par_1_3' title="bbox 169 2691 1656 2790">
     <span class='ocr_line' id='line_1_35' title="bbox 169 2691 1656 2783; baseline -0.003 -48"><span class='ocrx_word' id='word_1_286' title='bbox 169 2697 576 2783; x_wconf 36' lang='lat' dir='ltr'>&amp;phylosophandum</span> <span class='ocrx_word' id='word_1_287' title='bbox 594 2696 635 2733; x_wconf 78' lang='lat' dir='ltr'>M</span> <span class='ocrx_word' id='word_1_288' title='bbox 769 2706 812 2733; x_wconf 90' lang='lat'>12</span> <span class='ocrx_word' id='word_1_289' title='bbox 837 2693 1037 2732; x_wconf 85' lang='lat' dir='ltr'>brachium</span> <span class='ocrx_word' id='word_1_290' title='bbox 1054 2692 1095 2729; x_wconf 81' lang='lat' dir='ltr'>M</span> <span class='ocrx_word' id='word_1_291' title='bbox 1222 2703 1268 2730; x_wconf 90' lang='lat'>22</span> <span class='ocrx_word' id='word_1_292' title='bbox 1293 2691 1656 2739; x_wconf 75' lang='lat' dir='ltr'>phylosophandum</span> 
     </span>
     <span class='ocr_line' id='line_1_36' title="bbox 357 2740 1057 2790; baseline -0.009 -7"><span class='ocrx_word' id='word_1_293' title='bbox 357 2747 405 2783; x_wconf 88' lang='lat'>26</span> <span class='ocrx_word' id='word_1_294' title='bbox 429 2748 534 2783; x_wconf 88' lang='lat' dir='ltr'>recte</span> <span class='ocrx_word' id='word_1_295' title='bbox 552 2757 622 2782; x_wconf 81' lang='lat' dir='ltr'>om.</span> <span class='ocrx_word' id='word_1_296' title='bbox 639 2743 691 2780; x_wconf 81' lang='lat' dir='ltr'>A¹</span> <span class='ocrx_word' id='word_1_297' title='bbox 833 2754 876 2790; x_wconf 86' lang='lat'>31</span> <span class='ocrx_word' id='word_1_298' title='bbox 904 2741 998 2790; x_wconf 85' lang='lat' dir='ltr'>quid</span> <span class='ocrx_word' id='word_1_299' title='bbox 1016 2740 1057 2777; x_wconf 76' lang='lat' dir='ltr'>M</span> 
     </span>
    </p>
   </div>
   <div class='ocr_carea' id='block_1_4' title="bbox 220 2839 1660 2942">
    <p class='ocr_par' dir='ltr' id='par_1_4' title="bbox 220 2839 1660 2942">
     <span class='ocr_line' id='line_1_37' title="bbox 220 2839 1660 2894; baseline -0.005 -11"><span class='ocrx_word' id='word_1_300' title='bbox 220 2857 266 2894; x_wconf 87' lang='grc'>33</span> <span class='ocrx_word' id='word_1_301' title='bbox 290 2852 333 2883; x_wconf 78' lang='lat' dir='ltr'>ut</span> <span class='ocrx_word' id='word_1_302' title='bbox 347 2859 385 2883; x_wconf 80' lang='grc' dir='ltr'>αι</span> <span class='ocrx_word' id='word_1_303' title='bbox 373 2848 403 2882; x_wconf 78' lang='lat' dir='ltr'>&#39;t</span> <span class='ocrx_word' id='word_1_304' title='bbox 422 2846 545 2882; x_wconf 70' lang='lat' dir='ltr'>Cicero</span> <span class='ocrx_word' id='word_1_305' title='bbox 561 2847 658 2883; x_wconf 87' lang='lat' dir='ltr'>etc..</span> <span class='ocrx_word' id='word_1_306' title='bbox 679 2857 714 2881; x_wconf 85' lang='lat' dir='ltr'>v.</span> <span class='ocrx_word' id='word_1_307' title='bbox 727 2843 805 2881; x_wconf 82' lang='lat' dir='ltr'>cic.</span> <span class='ocrx_word' id='word_1_308' title='bbox 817 2844 1015 2879; x_wconf 74' lang='lat' dir='ltr'>deInvent.</span> <span class='ocrx_word' id='word_1_309' title='bbox 1028 2841 1055 2878; x_wconf 92' lang='lat' dir='ltr'>i.</span> <span class='ocrx_word' id='word_1_310' title='bbox 1065 2839 1119 2887; x_wconf 81' lang='lat'>6§</span> <span class='ocrx_word' id='word_1_311' title='bbox 1135 2839 1458 2888; x_wconf 74' lang='lat' dir='ltr'>8(Hermagoras)</span> <span class='ocrx_word' id='word_1_312' title='bbox 1469 2841 1660 2877; x_wconf 68' lang='lat' dir='ltr'>uideo-aur</span> 
     </span>
     <span class='ocr_line' id='line_1_38' title="bbox 231 2891 1157 2942; baseline -0.006 -10.848"><span class='ocrx_word' id='word_1_313' title='bbox 231 2906 334 2931; x_wconf 62' lang='lat' dir='ltr'>mon</span> <span class='ocrx_word' id='word_1_314' title='bbox 348 2895 439 2942; x_wconf 70' lang='lat' dir='ltr'>quid</span> <span class='ocrx_word' id='word_1_315' title='bbox 454 2905 517 2931; x_wconf 74' lang='lat' dir='ltr'>ars</span> <span class='ocrx_word' id='word_1_316' title='bbox 531 2895 594 2930; x_wconf 71' lang='lat' dir='ltr'>sed</span> <span class='ocrx_word' id='word_1_317' title='bbox 608 2894 698 2941; x_wconf 73' lang='lat' dir='ltr'>quid</span> <span class='ocrx_word' id='word_1_318' title='bbox 712 2894 790 2939; x_wconf 71' lang='lat' dir='ltr'>ipsc</span> <span class='ocrx_word' id='word_1_319' title='bbox 801 2896 922 2938; x_wconf 67' lang='lat' dir='ltr'>posset</span> <span class='ocrx_word' id='word_1_320' title='bbox 938 2891 1157 2938; x_wconf 58' lang='lat' dir='ltr'>apamiae.</span> 
     </span>
    </p>
   </div>
   <div class='ocr_carea' id='block_1_5' title="bbox 1481 2968 1546 3003">
    <p class='ocr_par' dir='ltr' id='par_1_5' title="bbox 1481 2968 1546 3003">
     <span class='ocr_line' id='line_1_39' title="bbox 1481 2968 1546 3003; baseline 0 0"><span class='ocrx_word' id='word_1_321' title='bbox 1481 2968 1546 3003; x_wconf 78' lang='lat'>¹43</span> 
     </span>
    </p>
   </div>
  </div>
 </body>
</html>
