1846 3262
133 253 235 288 car.
250 241 365 304 xxv]
664 242 1111 290 POLICRA'I'ICVS

252 364 405 408 Huius
434 365 554 409 enim
583 364 765 410 ualidus
792 367 946 410 firmat
974 370 1106 411 tenor
1133 367 1286 411 omnia
1313 365 1527 417 membra,

252 428 304 468 at
328 427 491 469 contra
519 425 718 469 eiusdem
749 425 1027 484 franguntur
1050 430 1213 470 cuncta
1242 425 1417 478 dolore;

283 485 365 528 uin
395 484 545 536 etiam,
574 485 663 529 nisi
693 500 803 529 cura
831 485 972 539 iuuet,
1002 486 1167 529 uitiare
1197 485 1430 530 cerebrum

275 547 403 587 ertur
432 547 479 587 et
508 543 710 602 integros
738 543 864 590 illinc
893 548 1098 589 auertere
1127 560 1297 590 sensus.

92 660 118 696 5
135 643 245 688 Noli
284 658 391 702 ergo
429 658 576 702 neque
623 647 829 688 nostrum
867 659 1013 702 neque
1061 644 1331 689 secularium
1374 643 1630 702 principum

135 714 354 759 duritiam
377 714 541 766 metiri,
560 714 640 758 sed
659 715 862 759 omnium
880 715 1130 759 utilitatem
1150 714 1346 759 attende.

136 859 246 919 Cap.
270 869 340 916 25.
370 861 437 904 De
456 860 711 905 coherentia
730 860 898 918 capitis
917 864 957 904 et
972 859 1283 904 ‘membrorwm
1303 860 1373 904 rei
1387 859 1602 918 publicae
1614 878 1634 911 ;

254 935 295 974 et
334 931 458 989 quod
489 931 710 988 princeps
740 931 968 988 quaedam
1002 930 1158 988 imago
1189 931 1376 975 deitatis
1407 935 1482 983 est,
1512 935 1552 975 et
1580 932 1635 975 de

253 1001 454 1046 crimine
486 1001 753 1053 maiestatis,
785 1005 824 1045 et
858 1001 914 1045 de
946 1001 1019 1045 his
1047 1016 1163 1058 quae
1190 1005 1303 1045 sunt
1331 1001 1391 1046 in
1408 1001 1636 1059 fidelitate

75 1087 121 1114 10
253 1071 501 1117 seruam.

194 1165 335 1210 Miehi
373 1180 482 1209 uero
521 1163 807 1209 satisfactum
843 1168 913 1208 est
947 1167 995 1208 et
1033 1178 1273 1223 persuasus
1307 1180 1408 1209 sum
1448 1166 1636 1210 deuotos

134 1237 347 1280 humeros
366 1250 617 1294 supponere
636 1235 877 1294 potestati3
907 1250 989 1279 nec
1009 1236 1142 1279 modo
1163 1235 1260 1280 fero
1280 1251 1379 1280 eam
1404 1236 1482 1280 sed
1501 1240 1635 1295 grata

135 1311 206 1352 est
225 1307 333 1351 dum
354 1306 451 1351 Deo
470 1306 671 1350 subiecta
696 1309 765 1350 est
788 1309 836 1350 et
859 1306 982 1350 illius
1009 1306 1213 1350 ordinem
1234 1307 1451 1364 sequitur.
1511 1307 1634 1350 Alio-

137 1378 261 1436 quin,
281 1378 321 1422 si
341 1377 511 1421 diuinis
530 1376 778 1421 reluctetur
797 1377 1024 1421 mandatis
1044 1380 1090 1421 et
1110 1392 1182 1421 me
1197 1376 1507 1422 theomachiae
1527 1393 1635 1421 suae

76 1464 119 1500 1⁵
137 1448 252 1492 uelit
280 1463 376 1492 esse
404 1447 684 1507 participem,
714 1446 856 1491 libera
885 1461 994 1491 uoce
1031 1447 1278 1506 respondeo
1310 1448 1458 1492 Deum
1490 1449 1636 1492 cuiuis

136 1519 310 1564 homini
329 1518 687 1577 praeferendum.
739 1518 814 1563 Sic
830 1534 937 1577 ergo
951 1519 1192 1564 cohereant
1206 1519 1424 1563 inferiora
1436 1520 1635 1578 superio-

134 1590 275 1643 ribus,
309 1588 374 1634 sic
405 1588 620 1633 uniuersa
649 1589 852 1633 membra
885 1604 933 1633 se
968 1590 1194 1634 subiciant
1223 1591 1362 1649 capiti
1391 1593 1446 1634 ut
1475 1591 1635 1649 religio

136 1663 345 1705 seruetur
377 1659 627 1704 incolumis.
700 1659 813 1703 Rem
853 1659 1083 1718 politicam
1118 1660 1288 1720 legitur
1326 1661 1533 1705 Socrates
1565 1661 1634 1704 in-

137 1731 341 1775 stituisse
380 1735 428 1775 et
465 1731 515 1774 in
547 1745 646 1774 eam
678 1729 853 1774 dedisse
884 1734 1123 1789 praecepta
1158 1747 1273 1789 quae
1308 1746 1336 1775 a
1375 1732 1634 1776 sinceritate

77 1817 124 1843 ao
138 1802 387 1860 sapientiae
422 1800 551 1860 quasi
584 1801 779 1858 quodam
812 1800 940 1844 fonte
971 1805 1163 1845 naturae
1194 1818 1379 1846 manare
1408 1802 1635 1847 dicuntur.

139 1872 240 1917 Hoc
279 1876 432 1916 autem
462 1872 511 1914 in
550 1886 727 1915 summa
765 1871 1006 1929 colligitur,
1035 1875 1090 1915 ut
1129 1887 1244 1930 quae
1284 1873 1333 1916 in
1373 1888 1422 1916 re
1452 1873 1634 1931 publica

137 1943 382 1988 humiliora
415 1945 535 1994 sunt,
554 1942 775 1986 maiorum
814 1942 959 1986 officio
994 1942 1259 2001 diligentius
1298 1947 1634 1987 conseruentur.

137 2013 482 2059 Institutionem
522 2012 718 2065 Traiani,
758 2013 886 2057 cuius
925 2013 1095 2057 mentio
1135 2014 1342 2072 superius
1387 2013 1511 2058 facta
1554 2018 1634 2066 est,

141 2084 405 2142 diligentius
424 2083 584 2142 relege,
605 2086 652 2126 et
671 2083 782 2127 haec
802 2083 941 2127 latius
961 2084 1213 2141 conscripta
1232 2084 1447 2128 inuenies.
1490 2084 1635 2128 Nobis

77 2169 123 2205 ²⁵
138 2156 292 2199 autem
321 2154 432 2198 haec
458 2153 514 2197 de
538 2153 716 2197 unitate
740 2154 902 2211 capitis
929 2157 975 2197 et
1005 2154 1307 2198 membrorum
1334 2155 1393 2198 ad
1423 2169 1634 2212 praesens

138 2225 308 2268 dixisse
334 2224 539 2275 sufficiat,
563 2224 646 2268 hoc
676 2223 848 2268 adiecto
878 2224 999 2282 quod
1028 2225 1354 2282 praemisimus,
1376 2225 1495 2282 quod
1525 2225 1634 2269 lesio

137 2295 313 2353 capitis,
351 2298 406 2338 ut
451 2293 773 2352 praediximus,
812 2294 872 2338 ad
914 2295 1067 2338 omnia
1105 2295 1308 2339 membra
1351 2295 1549 2338 refertur
1588 2299 1635 2339 et

137 2365 355 2423 cuiusque
369 2364 560 2408 membri
575 2364 743 2408 uulnus
757 2365 925 2408 iniuste
940 2365 1190 2423 irrogatum
1207 2365 1265 2408 ad
1280 2365 1441 2423 capitis
1461 2369 1635 2424 spectat

138 2436 367 2480 iniuriam.
418 2434 632 2480 Ceterum
653 2435 773 2492 quod
792 2435 1010 2479 aduersus
1029 2439 1167 2493 caput
1187 2439 1268 2479 aut
1288 2436 1633 2480 uniuersitatem

77 2524 124 2560 30
138 2506 443 2550 membrorum
492 2505 595 2548 dolo
640 2504 759 2547 malo
808 2505 985 2547 malitia
1034 2506 1294 2562 praesumit,
1345 2506 1514 2550 crimen
1563 2510 1633 2551 est

137 2576 458 2636 grauissimum
478 2578 525 2618 et
543 2575 801 2632 proximum
815 2574 1059 2633 sacrilegio,
1074 2575 1192 2632 quia,
1211 2576 1329 2619 sicut
1348 2576 1463 2620 illud
1482 2577 1628 2620 Deum

139 2649 397 2704 attemptat,
429 2646 496 2689 ita
537 2647 584 2688 et
617 2645 742 2688 istud
782 2645 1042 2703 principem,
1074 2661 1207 2703 quem
1241 2649 1419 2691 constat
1458 2662 1553 2691 esse
1582 2648 1631 2691 in

139 2770 164 2807 8
186 2779 328 2816 ymago
345 2766 388 2802 M
534 2775 578 2803 12
602 2765 816 2813 subponere
835 2765 904 2803 SM

193 2881 236 2917 18
262 2880 352 2915 Rem
375 2879 565 2925 politicam
588 2878 686 2914 etc-z
711 2877 759 2915 cf.
785 2876 954 2915 Chalcid.
984 2879 1119 2916 Comm.
1146 2881 1188 2915 in
1214 2881 1307 2918 Tim.
1331 2881 1430 2918 Plat.
1455 2893 1510 2918 cc.
1540 2891 1572 2930 5,
1597 2882 1634 2919 6.

141 2937 191 2975 29
218 2929 383 2964 Ceterum
399 2927 499 2965 eta:
524 2937 560 2963 v.
576 2924 663 2973 Dig.
680 2924 800 2963 xlviii.
818 2936 853 2971 4.
874 2937 905 2963 1.

211 2999 331 3019 vmu
858 2994 884 3022 1.
1475 2996 1520 3034 73

1646 243 1736 285 626
1753 247 1787 286 α

1646 649 1676 688 b

1651 1743 1678 1774 0

1644 2580 1677 2625 <1
