<?xml version="1.0" encoding="UTF-8"?>
<!DOCTYPE html PUBLIC "-//W3C//DTD XHTML 1.0 Transitional//EN"
    "http://www.w3.org/TR/xhtml1/DTD/xhtml1-transitional.dtd">
<html xmlns="http://www.w3.org/1999/xhtml" xml:lang="en" lang="en">
 <head>
  <title>
</title>
<meta http-equiv="Content-Type" content="text/html;charset=utf-8" />
  <meta name='ocr-system' content='tesseract 3.04.00' />
  <meta name='ocr-capabilities' content='ocr_page ocr_carea ocr_par ocr_line ocrx_word'/>
</head>
<body>
  <div class='ocr_page' id='page_1' title='image "./ioannissaresberi02johnuoft_0419.png"; bbox 0 0 1846 3262; ppageno 0'>
   <div class='ocr_carea' id='block_1_1' title="bbox 129 213 1749 276">
    <p class='ocr_par' dir='ltr' id='par_1_1' title="bbox 129 213 1749 276">
     <span class='ocr_line' id='line_1_1' title="bbox 129 213 1749 276; baseline -0.001 -15"><span class='ocrx_word' id='word_1_1' title='bbox 129 226 234 261; x_wconf 69' lang='lat' dir='ltr'>cn.</span> <span class='ocrx_word' id='word_1_2' title='bbox 250 213 398 276; x_wconf 85' lang='lat' dir='ltr'><strong>xxm]</strong></span> <span class='ocrx_word' id='word_1_3' title='bbox 650 214 1057 261; x_wconf 85' lang='lat' dir='ltr'>POLIGRATICV</span> <span class='ocrx_word' id='word_1_4' title='bbox 1060 214 1093 259; x_wconf 90' lang='lat' dir='ltr'>S</span> <span class='ocrx_word' id='word_1_5' title='bbox 1628 213 1700 254; x_wconf 81' lang='lat'>812</span> <span class='ocrx_word' id='word_1_6' title='bbox 1715 214 1749 259; x_wconf 73' lang='lat' dir='ltr'>b</span> 
     </span>
    </p>
   </div>
   <div class='ocr_carea' id='block_1_2' title="bbox 67 334 1655 1658">
    <p class='ocr_par' dir='ltr' id='par_1_2' title="bbox 67 334 1655 1658">
     <span class='ocr_line' id='line_1_2' title="bbox 131 334 1612 392; baseline -0.003 -11"><span class='ocrx_word' id='word_1_7' title='bbox 131 337 245 392; x_wconf 82' lang='lat' dir='ltr'>Quis</span> <span class='ocrx_word' id='word_1_8' title='bbox 279 337 462 382; x_wconf 86' lang='lat' dir='ltr'>Petrum</span> <span class='ocrx_word' id='word_1_9' title='bbox 503 337 726 390; x_wconf 88' lang='lat' dir='ltr'>Pisanum,</span> <span class='ocrx_word' id='word_1_10' title='bbox 760 337 832 381; x_wconf 90' lang='lat' dir='ltr'>cui</span> <span class='ocrx_word' id='word_1_11' title='bbox 867 337 1019 381; x_wconf 89' lang='lat' dir='ltr'>nullus</span> <span class='ocrx_word' id='word_1_12' title='bbox 1058 340 1140 381; x_wconf 89' lang='lat' dir='ltr'>aut</span> <span class='ocrx_word' id='word_1_13' title='bbox 1177 336 1258 380; x_wconf 90' lang='lat' dir='ltr'>uix</span> <span class='ocrx_word' id='word_1_14' title='bbox 1298 335 1458 380; x_wconf 84' lang='lat' dir='ltr'>similis</span> <span class='ocrx_word' id='word_1_15' title='bbox 1496 334 1612 378; x_wconf 85' lang='lat' dir='ltr'>alter</span> 
     </span>
     <span class='ocr_line' id='line_1_3' title="bbox 130 406 1611 465; baseline -0.002 -14"><span class='ocrx_word' id='word_1_16' title='bbox 130 410 230 451; x_wconf 87' lang='lat' dir='ltr'>erat</span> <span class='ocrx_word' id='word_1_17' title='bbox 268 408 316 451; x_wconf 90' lang='lat' dir='ltr'>in</span> <span class='ocrx_word' id='word_1_18' title='bbox 355 408 509 452; x_wconf 67' lang='lat' dir='ltr'>curia&#39;l</span> <span class='ocrx_word' id='word_1_19' title='bbox 585 408 698 461; x_wconf 86' lang='lat' dir='ltr'>Quis</span> <span class='ocrx_word' id='word_1_20' title='bbox 746 410 972 451; x_wconf 72' lang='lat' dir='ltr'>recenseat</span> <span class='ocrx_word' id='word_1_21' title='bbox 1021 407 1247 465; x_wconf 91' lang='lat' dir='ltr'>episcopos</span> <span class='ocrx_word' id='word_1_22' title='bbox 1296 406 1373 464; x_wconf 89' lang='lat' dir='ltr'>qui</span> <span class='ocrx_word' id='word_1_23' title='bbox 1424 406 1473 448; x_wconf 91' lang='lat' dir='ltr'>in</span> <span class='ocrx_word' id='word_1_24' title='bbox 1512 408 1611 448; x_wconf 88' lang='lat' dir='ltr'>tota</span> 
     </span>
     <span class='ocr_line' id='line_1_4' title="bbox 130 475 1610 528; baseline -0.002 -7"><span class='ocrx_word' id='word_1_25' title='bbox 130 477 226 522; x_wconf 83' lang='lat' dir='ltr'>fere</span> <span class='ocrx_word' id='word_1_26' title='bbox 272 478 409 521; x_wconf 90' lang='lat' dir='ltr'>Italia</span> <span class='ocrx_word' id='word_1_27' title='bbox 454 478 754 522; x_wconf 66' lang='lat' dir='ltr'>corruerunt?</span> <span class='ocrx_word' id='word_1_28' title='bbox 839 477 1056 528; x_wconf 86' lang='lat' dir='ltr'>Profecto,</span> <span class='ocrx_word' id='word_1_29' title='bbox 1106 477 1214 520; x_wconf 91' lang='lat' dir='ltr'>dum</span> <span class='ocrx_word' id='word_1_30' title='bbox 1270 477 1428 520; x_wconf 88' lang='lat' dir='ltr'>ruinae</span> <span class='ocrx_word' id='word_1_31' title='bbox 1487 475 1610 518; x_wconf 92' lang='lat' dir='ltr'>illius</span> 
     </span>
     <span class='ocr_line' id='line_1_5' title="bbox 129 545 1609 603; baseline -0.002 -13"><span class='ocrx_word' id='word_1_32' title='bbox 129 547 316 591; x_wconf 87' lang='lat' dir='ltr'>extabat</span> <span class='ocrx_word' id='word_1_33' title='bbox 353 550 473 591; x_wconf 89' lang='lat' dir='ltr'>etate</span> <span class='ocrx_word' id='word_1_34' title='bbox 513 551 667 590; x_wconf 88' lang='lat' dir='ltr'>nostra</span> <span class='ocrx_word' id='word_1_35' title='bbox 707 547 930 600; x_wconf 87' lang='lat' dir='ltr'>memoria,</span> <span class='ocrx_word' id='word_1_36' title='bbox 961 546 1219 590; x_wconf 82' lang='lat' dir='ltr'>incredibile</span> <span class='ocrx_word' id='word_1_37' title='bbox 1252 549 1322 590; x_wconf 87' lang='lat' dir='ltr'>est</span> <span class='ocrx_word' id='word_1_38' title='bbox 1354 545 1609 603; x_wconf 83' lang='lat' dir='ltr'>quempiam</span> 
     </span>
     <span class='ocr_line' id='line_1_6' title="bbox 91 615 1608 672; baseline -0.001 -12"><span class='ocrx_word' id='word_1_39' title='bbox 91 637 112 672; x_wconf 77' lang='lat'>5</span> <span class='ocrx_word' id='word_1_40' title='bbox 128 615 241 660; x_wconf 85' lang='lat' dir='ltr'>adeo</span> <span class='ocrx_word' id='word_1_41' title='bbox 269 617 428 660; x_wconf 82' lang='lat' dir='ltr'>misere</span> <span class='ocrx_word' id='word_1_42' title='bbox 458 617 744 660; x_wconf 88' lang='lat' dir='ltr'>ambitiosum</span> <span class='ocrx_word' id='word_1_43' title='bbox 784 631 878 660; x_wconf 87' lang='lat' dir='ltr'>esse</span> <span class='ocrx_word' id='word_1_44' title='bbox 920 619 973 659; x_wconf 91' lang='lat' dir='ltr'>ut</span> <span class='ocrx_word' id='word_1_45' title='bbox 1008 616 1248 659; x_wconf 80' lang='lat' dir='ltr'>Ecclesiam</span> <span class='ocrx_word' id='word_1_46' title='bbox 1287 615 1487 660; x_wconf 84' lang='lat' dir='ltr'>scindere</span> <span class='ocrx_word' id='word_1_47' title='bbox 1517 630 1608 658; x_wconf 91' lang='lat' dir='ltr'>non</span> 
     </span>
     <span class='ocr_line' id='line_1_7' title="bbox 128 685 1652 743; baseline -0.001 -14"><span class='ocrx_word' id='word_1_48' title='bbox 128 685 354 731; x_wconf 85' lang='lat' dir='ltr'>formidet.</span> <span class='ocrx_word' id='word_1_49' title='bbox 415 687 652 730; x_wconf 88' lang='lat' dir='ltr'>Neminem</span> <span class='ocrx_word' id='word_1_50' title='bbox 672 686 739 729; x_wconf 92' lang='lat' dir='ltr'>ita</span> <span class='ocrx_word' id='word_1_51' title='bbox 758 686 989 743; x_wconf 90' lang='lat' dir='ltr'>stupidum</span> <span class='ocrx_word' id='word_1_52' title='bbox 1010 700 1103 729; x_wconf 88' lang='lat' dir='ltr'>esse</span> <span class='ocrx_word' id='word_1_53' title='bbox 1122 686 1253 729; x_wconf 87' lang='lat' dir='ltr'>credo</span> <span class='ocrx_word' id='word_1_54' title='bbox 1272 686 1350 743; x_wconf 89' lang='lat' dir='ltr'>qui</span> <span class='ocrx_word' id='word_1_55' title='bbox 1370 700 1461 729; x_wconf 88' lang='lat' dir='ltr'>non</span> <span class='ocrx_word' id='word_1_56' title='bbox 1480 685 1609 729; x_wconf 90' lang='lat' dir='ltr'>malit</span> <span class='ocrx_word' id='word_1_57' title='bbox 1626 696 1652 726; x_wconf 87' lang='lat' dir='ltr'>c</span> 
     </span>
     <span class='ocr_line' id='line_1_8' title="bbox 126 755 1609 814; baseline -0.001 -13"><span class='ocrx_word' id='word_1_58' title='bbox 126 770 176 802; x_wconf 72' lang='lat' dir='ltr'>se</span> <span class='ocrx_word' id='word_1_59' title='bbox 202 756 340 800; x_wconf 89' lang='lat' dir='ltr'>deleri</span> <span class='ocrx_word' id='word_1_60' title='bbox 371 771 505 814; x_wconf 91' lang='lat' dir='ltr'>quam</span> <span class='ocrx_word' id='word_1_61' title='bbox 532 760 586 800; x_wconf 92' lang='lat' dir='ltr'>ut</span> <span class='ocrx_word' id='word_1_62' title='bbox 615 770 698 814; x_wconf 89' lang='lat' dir='ltr'>pro</span> <span class='ocrx_word' id='word_1_63' title='bbox 727 771 779 800; x_wconf 92' lang='lat' dir='ltr'>eo</span> <span class='ocrx_word' id='word_1_64' title='bbox 808 760 938 800; x_wconf 89' lang='lat' dir='ltr'>tanta</span> <span class='ocrx_word' id='word_1_65' title='bbox 964 757 1046 800; x_wconf 91' lang='lat' dir='ltr'>fiat</span> <span class='ocrx_word' id='word_1_66' title='bbox 1075 756 1284 800; x_wconf 74' lang='lat' dir='ltr'>turbatio.</span> <span class='ocrx_word' id='word_1_67' title='bbox 1345 755 1407 807; x_wconf 87' lang='lat' dir='ltr'>Si,</span> <span class='ocrx_word' id='word_1_68' title='bbox 1433 755 1609 800; x_wconf 85' lang='lat' dir='ltr'>delictis</span> 
     </span>
     <span class='ocr_line' id='line_1_9' title="bbox 128 826 1608 885; baseline -0.001 -15"><span class='ocrx_word' id='word_1_69' title='bbox 128 827 294 870; x_wconf 84' lang='lat' dir='ltr'>nostris</span> <span class='ocrx_word' id='word_1_70' title='bbox 324 827 620 885; x_wconf 76' lang='lat' dir='ltr'>exigentibus,</span> <span class='ocrx_word' id='word_1_71' title='bbox 650 827 908 870; x_wconf 88' lang='lat' dir='ltr'>carnificum</span> <span class='ocrx_word' id='word_1_72' title='bbox 950 827 1139 870; x_wconf 87' lang='lat' dir='ltr'>istorum</span> <span class='ocrx_word' id='word_1_73' title='bbox 1181 826 1416 883; x_wconf 87' lang='lat' dir='ltr'>quisquam</span> <span class='ocrx_word' id='word_1_74' title='bbox 1458 840 1608 869; x_wconf 87' lang='lat' dir='ltr'>ascen-</span> 
     </span>
     <span class='ocr_line' id='line_1_10' title="bbox 127 895 1610 954; baseline 0 -15"><span class='ocrx_word' id='word_1_75' title='bbox 127 895 246 940; x_wconf 89' lang='lat' dir='ltr'>derit</span> <span class='ocrx_word' id='word_1_76' title='bbox 274 897 423 940; x_wconf 89' lang='lat' dir='ltr'>sedem</span> <span class='ocrx_word' id='word_1_77' title='bbox 454 897 575 940; x_wconf 87' lang='lat' dir='ltr'>Petri</span> <span class='ocrx_word' id='word_1_78' title='bbox 605 900 652 940; x_wconf 88' lang='lat' dir='ltr'>et</span> <span class='ocrx_word' id='word_1_79' title='bbox 679 897 738 940; x_wconf 86' lang='lat' dir='ltr'>ad</span> <span class='ocrx_word' id='word_1_80' title='bbox 765 896 1117 954; x_wconf 89' lang='lat' dir='ltr'>gubernaculum</span> <span class='ocrx_word' id='word_1_81' title='bbox 1143 897 1274 939; x_wconf 92' lang='lat' dir='ltr'>nauis</span> <span class='ocrx_word' id='word_1_82' title='bbox 1297 896 1393 939; x_wconf 87' lang='lat' dir='ltr'>eius</span> <span class='ocrx_word' id='word_1_83' title='bbox 1416 895 1610 940; x_wconf 90' lang='lat' dir='ltr'>Domino</span> 
     </span>
     <span class='ocr_line' id='line_1_11' title="bbox 67 965 1609 1024; baseline -0.001 -13"><span class='ocrx_word' id='word_1_84' title='bbox 67 984 113 1011; x_wconf 77' lang='lat' dir='ltr'>xo</span> <span class='ocrx_word' id='word_1_85' title='bbox 128 965 394 1024; x_wconf 80' lang='lat' dir='ltr'>indignante</span> <span class='ocrx_word' id='word_1_86' title='bbox 432 967 675 1017; x_wconf 80' lang='lat' dir='ltr'>accesserit,</span> <span class='ocrx_word' id='word_1_87' title='bbox 725 967 857 1024; x_wconf 90' lang='lat' dir='ltr'>plane</span> <span class='ocrx_word' id='word_1_88' title='bbox 905 966 1196 1024; x_wconf 87' lang='lat' dir='ltr'>naufragium</span> <span class='ocrx_word' id='word_1_89' title='bbox 1244 981 1336 1009; x_wconf 91' lang='lat' dir='ltr'>non</span> <span class='ocrx_word' id='word_1_90' title='bbox 1384 966 1609 1009; x_wconf 89' lang='lat' dir='ltr'>immerito</span> 
     </span>
     <span class='ocr_line' id='line_1_12' title="bbox 128 1034 1608 1087; baseline 0.001 -9"><span class='ocrx_word' id='word_1_91' title='bbox 128 1034 276 1087; x_wconf 85' lang='lat' dir='ltr'>faciet,</span> <span class='ocrx_word' id='word_1_92' title='bbox 309 1051 411 1080; x_wconf 88' lang='lat' dir='ltr'>cum</span> <span class='ocrx_word' id='word_1_93' title='bbox 439 1039 486 1080; x_wconf 91' lang='lat' dir='ltr'>et</span> <span class='ocrx_word' id='word_1_94' title='bbox 520 1037 679 1080; x_wconf 89' lang='lat' dir='ltr'>Petrus</span> <span class='ocrx_word' id='word_1_95' title='bbox 720 1040 906 1080; x_wconf 86' lang='lat' dir='ltr'>uocatus</span> <span class='ocrx_word' id='word_1_96' title='bbox 942 1051 971 1079; x_wconf 93' lang='lat' dir='ltr'>a</span> <span class='ocrx_word' id='word_1_97' title='bbox 1009 1035 1203 1079; x_wconf 91' lang='lat' dir='ltr'>Domino</span> <span class='ocrx_word' id='word_1_98' title='bbox 1242 1036 1300 1079; x_wconf 84' lang='lat' dir='ltr'>ad</span> <span class='ocrx_word' id='word_1_99' title='bbox 1344 1036 1608 1079; x_wconf 88' lang='lat' dir='ltr'>ualidiorem</span> 
     </span>
     <span class='ocr_line' id='line_1_13' title="bbox 126 1105 1608 1164; baseline 0.001 -15"><span class='ocrx_word' id='word_1_100' title='bbox 126 1106 314 1150; x_wconf 87' lang='lat' dir='ltr'>territus</span> <span class='ocrx_word' id='word_1_101' title='bbox 347 1121 504 1150; x_wconf 87' lang='lat' dir='ltr'>auram</span> <span class='ocrx_word' id='word_1_102' title='bbox 538 1106 733 1164; x_wconf 90' lang='lat' dir='ltr'>coeperit</span> <span class='ocrx_word' id='word_1_103' title='bbox 766 1106 919 1164; x_wconf 85' lang='lat' dir='ltr'>mergi,</span> <span class='ocrx_word' id='word_1_104' title='bbox 952 1109 999 1149; x_wconf 90' lang='lat' dir='ltr'>et</span> <span class='ocrx_word' id='word_1_105' title='bbox 1037 1105 1169 1149; x_wconf 90' lang='lat' dir='ltr'>nauis</span> <span class='ocrx_word' id='word_1_106' title='bbox 1205 1121 1319 1163; x_wconf 86' lang='lat' dir='ltr'>quae</span> <span class='ocrx_word' id='word_1_107' title='bbox 1363 1106 1608 1150; x_wconf 90' lang='lat' dir='ltr'>Dominum</span> 
     </span>
     <span class='ocr_line' id='line_1_14' title="bbox 125 1175 1608 1233; baseline 0 -14"><span class='ocrx_word' id='word_1_108' title='bbox 125 1175 322 1219; x_wconf 85' lang='lat' dir='ltr'>habebat</span> <span class='ocrx_word' id='word_1_109' title='bbox 349 1179 573 1219; x_wconf 87' lang='lat' dir='ltr'>uectorem</span> <span class='ocrx_word' id='word_1_110' title='bbox 598 1176 653 1219; x_wconf 91' lang='lat' dir='ltr'>de</span> <span class='ocrx_word' id='word_1_111' title='bbox 682 1175 827 1219; x_wconf 87' lang='lat' dir='ltr'>salute</span> <span class='ocrx_word' id='word_1_112' title='bbox 856 1176 1070 1233; x_wconf 88' lang='lat' dir='ltr'>desperet,</span> <span class='ocrx_word' id='word_1_113' title='bbox 1101 1175 1240 1219; x_wconf 87' lang='lat' dir='ltr'>donec</span> <span class='ocrx_word' id='word_1_114' title='bbox 1270 1175 1478 1220; x_wconf 90' lang='lat' dir='ltr'>Christus</span> <span class='ocrx_word' id='word_1_115' title='bbox 1507 1177 1608 1220; x_wconf 87' lang='lat' dir='ltr'>dor-</span> 
     </span>
     <span class='ocr_line' id='line_1_15' title="bbox 124 1245 1609 1304; baseline 0 -14"><span class='ocrx_word' id='word_1_116' title='bbox 124 1245 271 1290; x_wconf 89' lang='lat' dir='ltr'>miens</span> <span class='ocrx_word' id='word_1_117' title='bbox 313 1246 518 1304; x_wconf 90' lang='lat' dir='ltr'>precibus</span> <span class='ocrx_word' id='word_1_118' title='bbox 558 1246 791 1290; x_wconf 83' lang='lat' dir='ltr'>excitetur.</span> <span class='ocrx_word' id='word_1_119' title='bbox 861 1246 1028 1303; x_wconf 88' lang='lat' dir='ltr'>Vtique</span> <span class='ocrx_word' id='word_1_120' title='bbox 1073 1246 1152 1303; x_wconf 90' lang='lat' dir='ltr'>qui</span> <span class='ocrx_word' id='word_1_121' title='bbox 1197 1245 1356 1290; x_wconf 86' lang='lat' dir='ltr'>misere</span> <span class='ocrx_word' id='word_1_122' title='bbox 1397 1247 1609 1298; x_wconf 83' lang='lat' dir='ltr'>ascendit,</span> 
     </span>
     <span class='ocr_line' id='line_1_16' title="bbox 67 1316 1611 1370; baseline 0.001 -10"><span class='ocrx_word' id='word_1_123' title='bbox 67 1332 111 1368; x_wconf 73' lang='lat'>15</span> <span class='ocrx_word' id='word_1_124' title='bbox 128 1319 306 1360; x_wconf 83' lang='lat' dir='ltr'>rotatur</span> <span class='ocrx_word' id='word_1_125' title='bbox 333 1317 538 1360; x_wconf 89' lang='lat' dir='ltr'>miserius</span> <span class='ocrx_word' id='word_1_126' title='bbox 568 1319 615 1360; x_wconf 91' lang='lat' dir='ltr'>et</span> <span class='ocrx_word' id='word_1_127' title='bbox 642 1316 888 1360; x_wconf 89' lang='lat' dir='ltr'>miserrime</span> <span class='ocrx_word' id='word_1_128' title='bbox 923 1316 1163 1370; x_wconf 88' lang='lat' dir='ltr'>deicietur;</span> <span class='ocrx_word' id='word_1_129' title='bbox 1192 1331 1273 1360; x_wconf 90' lang='lat' dir='ltr'>nec</span> <span class='ocrx_word' id='word_1_130' title='bbox 1302 1316 1414 1360; x_wconf 87' lang='lat' dir='ltr'>letos</span> <span class='ocrx_word' id='word_1_131' title='bbox 1442 1317 1611 1363; x_wconf 78' lang='lat' dir='ltr'>habent</span> 
     </span>
     <span class='ocr_line' id='line_1_17' title="bbox 124 1386 1609 1444; baseline 0.001 -14"><span class='ocrx_word' id='word_1_132' title='bbox 124 1386 277 1430; x_wconf 83' lang='lat' dir='ltr'>exitus</span> <span class='ocrx_word' id='word_1_133' title='bbox 306 1401 420 1444; x_wconf 88' lang='lat' dir='ltr'>quae</span> <span class='ocrx_word' id='word_1_134' title='bbox 449 1387 568 1430; x_wconf 82' lang='lat' dir='ltr'>malo</span> <span class='ocrx_word' id='word_1_135' title='bbox 597 1389 705 1429; x_wconf 85' lang='lat' dir='ltr'>sunt</span> <span class='ocrx_word' id='word_1_136' title='bbox 733 1386 943 1430; x_wconf 87' lang='lat' dir='ltr'>inchoata</span> <span class='ocrx_word' id='word_1_137' title='bbox 971 1386 1204 1444; x_wconf 88' lang='lat' dir='ltr'>principio.</span> <span class='ocrx_word' id='word_1_138' title='bbox 1264 1386 1498 1430; x_wconf 88' lang='lat' dir='ltr'>Discordia</span> <span class='ocrx_word' id='word_1_139' title='bbox 1517 1402 1609 1431; x_wconf 89' lang='lat' dir='ltr'>cer·</span> 
     </span>
     <span class='ocr_line' id='line_1_18' title="bbox 123 1453 1512 1512; baseline 0.001 -15"><span class='ocrx_word' id='word_1_140' title='bbox 123 1453 348 1497; x_wconf 84' lang='lat' dir='ltr'>tissimum</span> <span class='ocrx_word' id='word_1_141' title='bbox 372 1453 626 1511; x_wconf 87' lang='lat' dir='ltr'>iniquitatis</span> <span class='ocrx_word' id='word_1_142' title='bbox 646 1454 693 1496; x_wconf 92' lang='lat' dir='ltr'>et</span> <span class='ocrx_word' id='word_1_143' title='bbox 711 1453 913 1498; x_wconf 87' lang='lat' dir='ltr'>defectus</span> <span class='ocrx_word' id='word_1_144' title='bbox 932 1453 1147 1497; x_wconf 91' lang='lat' dir='ltr'>indicium</span> <span class='ocrx_word' id='word_1_145' title='bbox 1168 1457 1262 1508; x_wconf 83' lang='lat' dir='ltr'>est3</span> <span class='ocrx_word' id='word_1_146' title='bbox 1291 1454 1512 1512; x_wconf 89' lang='lat' dir='ltr'>siquidem</span> 
     </span>
     <span class='ocr_line' id='line_1_19' title="bbox 628 1541 1655 1594; baseline 0.003 -11"><span class='ocrx_word' id='word_1_147' title='bbox 628 1541 838 1584; x_wconf 87' lang='lat' dir='ltr'>minimas</span> <span class='ocrx_word' id='word_1_148' title='bbox 856 1556 1007 1585; x_wconf 91' lang='lat' dir='ltr'>rerum</span> <span class='ocrx_word' id='word_1_149' title='bbox 1026 1541 1247 1586; x_wconf 86' lang='lat' dir='ltr'>discordia</span> <span class='ocrx_word' id='word_1_150' title='bbox 1266 1543 1433 1594; x_wconf 86' lang='lat' dir='ltr'>turbat,</span> <span class='ocrx_word' id='word_1_151' title='bbox 1624 1543 1655 1586; x_wconf 80' lang='lat'>&lt;1</span> 
     </span>
     <span class='ocr_line' id='line_1_20' title="bbox 240 1602 774 1658; baseline -0.002 -13"><span class='ocrx_word' id='word_1_152' title='bbox 240 1614 394 1658; x_wconf 81' lang='lat' dir='ltr'>pacem</span> <span class='ocrx_word' id='word_1_153' title='bbox 413 1615 589 1644; x_wconf 91' lang='lat' dir='ltr'>summa</span> <span class='ocrx_word' id='word_1_154' title='bbox 606 1602 774 1644; x_wconf 85' lang='lat' dir='ltr'>tenent.</span> 
     </span>
    </p>
   </div>
   <div class='ocr_carea' id='block_1_3' title="bbox 65 1690 1610 1892">
    <p class='ocr_par' dir='ltr' id='par_1_3' title="bbox 65 1690 1610 1892">
     <span class='ocr_line' id='line_1_21' title="bbox 65 1690 1610 1751; baseline 0.003 -16"><span class='ocrx_word' id='word_1_155' title='bbox 65 1705 111 1730; x_wconf 64' lang='grc' dir='ltr'>πο</span> <span class='ocrx_word' id='word_1_156' title='bbox 126 1690 299 1736; x_wconf 89' lang='lat' dir='ltr'>Pheton</span> <span class='ocrx_word' id='word_1_157' title='bbox 330 1693 378 1736; x_wconf 91' lang='lat' dir='ltr'>in</span> <span class='ocrx_word' id='word_1_158' title='bbox 412 1693 590 1744; x_wconf 85' lang='lat' dir='ltr'>fabulis,</span> <span class='ocrx_word' id='word_1_159' title='bbox 626 1693 734 1736; x_wconf 90' lang='lat' dir='ltr'>dum</span> <span class='ocrx_word' id='word_1_160' title='bbox 763 1696 973 1751; x_wconf 89' lang='lat' dir='ltr'>paternos</span> <span class='ocrx_word' id='word_1_161' title='bbox 1002 1709 1160 1738; x_wconf 89' lang='lat' dir='ltr'>currus</span> <span class='ocrx_word' id='word_1_162' title='bbox 1187 1694 1380 1746; x_wconf 83' lang='lat' dir='ltr'>affectat,</span> <span class='ocrx_word' id='word_1_163' title='bbox 1409 1695 1610 1739; x_wconf 89' lang='lat' dir='ltr'>incendit</span> 
     </span>
     <span class='ocr_line' id='line_1_22' title="bbox 124 1762 1609 1823; baseline 0.004 -18"><span class='ocrx_word' id='word_1_164' title='bbox 124 1762 277 1806; x_wconf 89' lang='lat' dir='ltr'>orbem</span> <span class='ocrx_word' id='word_1_165' title='bbox 303 1766 351 1807; x_wconf 88' lang='lat' dir='ltr'>et</span> <span class='ocrx_word' id='word_1_166' title='bbox 378 1763 561 1807; x_wconf 88' lang='lat' dir='ltr'>tandem</span> <span class='ocrx_word' id='word_1_167' title='bbox 588 1763 873 1807; x_wconf 87' lang='lat' dir='ltr'>miseratione</span> <span class='ocrx_word' id='word_1_168' title='bbox 892 1764 978 1807; x_wconf 91' lang='lat' dir='ltr'>Dei</span> <span class='ocrx_word' id='word_1_169' title='bbox 998 1767 1045 1808; x_wconf 88' lang='lat' dir='ltr'>et</span> <span class='ocrx_word' id='word_1_170' title='bbox 1070 1765 1165 1823; x_wconf 87' lang='lat' dir='ltr'>ipse</span> <span class='ocrx_word' id='word_1_171' title='bbox 1184 1779 1420 1810; x_wconf 86' lang='lat' dir='ltr'>succensus</span> <span class='ocrx_word' id='word_1_172' title='bbox 1438 1765 1609 1811; x_wconf 88' lang='lat' dir='ltr'>corruit</span> 
     </span>
     <span class='ocr_line' id='line_1_23' title="bbox 123 1833 899 1892; baseline 0.001 -15"><span class='ocrx_word' id='word_1_173' title='bbox 123 1847 346 1892; x_wconf 86' lang='lat' dir='ltr'>praeceps,</span> <span class='ocrx_word' id='word_1_174' title='bbox 366 1848 501 1879; x_wconf 89' lang='lat' dir='ltr'>curru</span> <span class='ocrx_word' id='word_1_175' title='bbox 520 1833 715 1878; x_wconf 88' lang='lat' dir='ltr'>disiecto.</span> <span class='ocrx_word' id='word_1_176' title='bbox 774 1833 899 1878; x_wconf 87' lang='lat' dir='ltr'>Tunc</span> 
     </span>
    </p>
   </div>
   <div class='ocr_carea' id='block_1_4' title="bbox 649 1926 1299 1972">
    <p class='ocr_par' dir='ltr' id='par_1_4' title="bbox 649 1926 1299 1972">
     <span class='ocr_line' id='line_1_24' title="bbox 649 1926 1299 1972; baseline 0.005 -3"><span class='ocrx_word' id='word_1_177' title='bbox 649 1926 735 1970; x_wconf 87' lang='lat' dir='ltr'>isse</span> <span class='ocrx_word' id='word_1_178' title='bbox 754 1927 873 1970; x_wconf 91' lang='lat' dir='ltr'>diem</span> <span class='ocrx_word' id='word_1_179' title='bbox 893 1927 988 1970; x_wconf 90' lang='lat' dir='ltr'>sine</span> <span class='ocrx_word' id='word_1_180' title='bbox 1007 1927 1098 1971; x_wconf 90' lang='lat' dir='ltr'>sole</span> <span class='ocrx_word' id='word_1_181' title='bbox 1118 1927 1299 1972; x_wconf 78' lang='lat' dir='ltr'>ferunt:</span> 
     </span>
    </p>
   </div>
   <div class='ocr_carea' id='block_1_5' title="bbox 64 2019 1606 2218">
    <p class='ocr_par' dir='ltr' id='par_1_5' title="bbox 64 2019 1606 2218">
     <span class='ocr_line' id='line_1_25' title="bbox 124 2019 1606 2077; baseline 0.003 -15"><span class='ocrx_word' id='word_1_182' title='bbox 124 2021 182 2070; x_wconf 87' lang='lat' dir='ltr'>et,</span> <span class='ocrx_word' id='word_1_183' title='bbox 201 2019 310 2062; x_wconf 91' lang='lat' dir='ltr'>dum</span> <span class='ocrx_word' id='word_1_184' title='bbox 329 2019 493 2077; x_wconf 87' lang='lat' dir='ltr'>flagrat</span> <span class='ocrx_word' id='word_1_185' title='bbox 513 2019 709 2063; x_wconf 86' lang='lat' dir='ltr'>Ecclesia</span> <span class='ocrx_word' id='word_1_186' title='bbox 727 2033 936 2062; x_wconf 86' lang='lat' dir='ltr'>succensa</span> <span class='ocrx_word' id='word_1_187' title='bbox 956 2020 1174 2073; x_wconf 88' lang='lat' dir='ltr'>scismate,</span> <span class='ocrx_word' id='word_1_188' title='bbox 1195 2020 1403 2065; x_wconf 89' lang='lat' dir='ltr'>Christus</span> <span class='ocrx_word' id='word_1_189' title='bbox 1423 2021 1606 2066; x_wconf 88' lang='lat' dir='ltr'>uidetur</span> 
     </span>
     <span class='ocr_line' id='line_1_26' title="bbox 64 2088 1605 2146; baseline 0.003 -15"><span class='ocrx_word' id='word_1_190' title='bbox 64 2105 109 2140; x_wconf 79' lang='lat'>³5</span> <span class='ocrx_word' id='word_1_191' title='bbox 123 2089 288 2132; x_wconf 91' lang='lat' dir='ltr'>abesse.</span> <span class='ocrx_word' id='word_1_192' title='bbox 347 2088 520 2133; x_wconf 85' lang='lat' dir='ltr'>Ycarus</span> <span class='ocrx_word' id='word_1_193' title='bbox 539 2103 726 2146; x_wconf 92' lang='lat' dir='ltr'>quoque,</span> <span class='ocrx_word' id='word_1_194' title='bbox 745 2089 853 2132; x_wconf 89' lang='lat' dir='ltr'>dum</span> <span class='ocrx_word' id='word_1_195' title='bbox 873 2090 1018 2133; x_wconf 89' lang='lat' dir='ltr'>elatus</span> <span class='ocrx_word' id='word_1_196' title='bbox 1037 2090 1226 2133; x_wconf 89' lang='lat' dir='ltr'>iuuenili</span> <span class='ocrx_word' id='word_1_197' title='bbox 1251 2090 1437 2134; x_wconf 86' lang='lat' dir='ltr'>leuitate</span> <span class='ocrx_word' id='word_1_198' title='bbox 1457 2091 1605 2136; x_wconf 82' lang='lat' dir='ltr'>fertur</span> 
     </span>
     <span class='ocr_line' id='line_1_27' title="bbox 123 2159 1605 2218; baseline 0.003 -16"><span class='ocrx_word' id='word_1_199' title='bbox 123 2159 172 2202; x_wconf 91' lang='lat' dir='ltr'>in</span> <span class='ocrx_word' id='word_1_200' title='bbox 203 2159 360 2211; x_wconf 87' lang='lat' dir='ltr'>celum,</span> <span class='ocrx_word' id='word_1_201' title='bbox 389 2159 575 2202; x_wconf 87' lang='lat' dir='ltr'>marinis</span> <span class='ocrx_word' id='word_1_202' title='bbox 603 2159 814 2203; x_wconf 88' lang='lat' dir='ltr'>fluctibus</span> <span class='ocrx_word' id='word_1_203' title='bbox 843 2160 1072 2218; x_wconf 86' lang='lat' dir='ltr'>mergitur.</span> <span class='ocrx_word' id='word_1_204' title='bbox 1132 2160 1342 2204; x_wconf 90' lang='lat' dir='ltr'>Deiectus</span> <span class='ocrx_word' id='word_1_205' title='bbox 1381 2162 1500 2205; x_wconf 88' lang='lat' dir='ltr'>enim</span> <span class='ocrx_word' id='word_1_206' title='bbox 1535 2164 1605 2206; x_wconf 86' lang='lat' dir='ltr'>est</span> 
     </span>
    </p>
   </div>
   <div class='ocr_carea' id='block_1_6' title="bbox 118 2279 1601 2365">
    <p class='ocr_par' dir='ltr' id='par_1_6' title="bbox 118 2279 1601 2365">
     <span class='ocr_line' id='line_1_28' title="bbox 118 2279 1601 2365; baseline 0.003 -49"><span class='ocrx_word' id='word_1_207' title='bbox 118 2280 420 2365; x_wconf 39' lang='lat' dir='ltr'>ssffligp:</span> <span class='ocrx_word' id='word_1_208' title='bbox 443 2279 611 2319; x_wconf 80' lang='lat' dir='ltr'>exstabit</span> <span class='ocrx_word' id='word_1_209' title='bbox 627 2280 668 2317; x_wconf 77' lang='lat' dir='ltr'>M</span> <span class='ocrx_word' id='word_1_210' title='bbox 762 2292 993 2327; x_wconf 83' lang='lat' dir='ltr'>quemquam</span> <span class='ocrx_word' id='word_1_211' title='bbox 1011 2280 1037 2317; x_wconf 90' lang='lat' dir='ltr'>S</span> <span class='ocrx_word' id='word_1_212' title='bbox 1162 2283 1207 2320; x_wconf 88' lang='lat'>16</span> <span class='ocrx_word' id='word_1_213' title='bbox 1230 2279 1387 2320; x_wconf 82' lang='lat' dir='ltr'>incoata</span> <span class='ocrx_word' id='word_1_214' title='bbox 1402 2282 1437 2320; x_wconf 81' lang='lat' dir='ltr'>A</span> <span class='ocrx_word' id='word_1_215' title='bbox 1556 2286 1601 2327; x_wconf 78' lang='lat'>18</span> 
     </span>
    </p>
   </div>
   <div class='ocr_carea' id='block_1_7' title="bbox 119 2438 1600 2917">
    <p class='ocr_par' dir='ltr' id='par_1_7' title="bbox 119 2438 1600 2917">
     <span class='ocr_line' id='line_1_29' title="bbox 121 2438 1600 2488; baseline 0.002 -12"><span class='ocrx_word' id='word_1_216' title='bbox 121 2441 207 2485; x_wconf 57' lang='lat' dir='ltr'>Ray.</span> <span class='ocrx_word' id='word_1_217' title='bbox 224 2441 361 2486; x_wconf 75' lang='lat' dir='ltr'>Pontis.</span> <span class='ocrx_word' id='word_1_218' title='bbox 384 2441 486 2476; x_wconf 85' lang='lat' dir='ltr'>Rom.</span> <span class='ocrx_word' id='word_1_219' title='bbox 510 2438 535 2475; x_wconf 92' lang='lat' dir='ltr'>i.</span> <span class='ocrx_word' id='word_1_220' title='bbox 558 2439 668 2485; x_wconf 67' lang='lat'><strong>780);</strong></span> <span class='ocrx_word' id='word_1_221' title='bbox 691 2450 726 2476; x_wconf 86' lang='lat' dir='ltr'>a.</span> <span class='ocrx_word' id='word_1_222' title='bbox 755 2448 844 2484; x_wconf 85' lang='lat'><em>1127</em></span> <span class='ocrx_word' id='word_1_223' title='bbox 865 2438 914 2475; x_wconf 89' lang='lat' dir='ltr'>ab</span> <span class='ocrx_word' id='word_1_224' title='bbox 938 2438 1113 2476; x_wconf 87' lang='lat' dir='ltr'>Honorio</span> <span class='ocrx_word' id='word_1_225' title='bbox 1138 2439 1176 2476; x_wconf 93' lang='lat'>11</span> <span class='ocrx_word' id='word_1_226' title='bbox 1198 2439 1349 2487; x_wconf 81' lang='lat' dir='ltr'>legatus</span> <span class='ocrx_word' id='word_1_227' title='bbox 1372 2440 1415 2477; x_wconf 91' lang='lat' dir='ltr'>in</span> <span class='ocrx_word' id='word_1_228' title='bbox 1438 2440 1600 2488; x_wconf 83' lang='lat' dir='ltr'>Syriam,</span> 
     </span>
     <span class='ocr_line' id='line_1_30' title="bbox 121 2486 1600 2527; baseline 0.002 -3"><span class='ocrx_word' id='word_1_229' title='bbox 121 2487 262 2524; x_wconf 85' lang='lat' dir='ltr'>deinde</span> <span class='ocrx_word' id='word_1_230' title='bbox 290 2487 333 2523; x_wconf 86' lang='lat' dir='ltr'>in</span> <span class='ocrx_word' id='word_1_231' title='bbox 360 2486 560 2524; x_wconf 89' lang='lat' dir='ltr'>Poloniam</span> <span class='ocrx_word' id='word_1_232' title='bbox 586 2486 746 2526; x_wconf 75' lang='lat' dir='ltr'>missus:</span> <span class='ocrx_word' id='word_1_233' title='bbox 771 2487 930 2523; x_wconf 79' lang='lat' dir='ltr'>Romam</span> <span class='ocrx_word' id='word_1_234' title='bbox 959 2499 1127 2524; x_wconf 84' lang='lat' dir='ltr'>reversus</span> <span class='ocrx_word' id='word_1_235' title='bbox 1155 2488 1204 2524; x_wconf 87' lang='lat' dir='ltr'>ab</span> <span class='ocrx_word' id='word_1_236' title='bbox 1230 2488 1455 2526; x_wconf 88' lang='lat' dir='ltr'>Innocentio</span> <span class='ocrx_word' id='word_1_237' title='bbox 1485 2490 1522 2526; x_wconf 97' lang='lat' dir='ltr'>II</span> <span class='ocrx_word' id='word_1_238' title='bbox 1549 2490 1600 2527; x_wconf 83' lang='lat' dir='ltr'>ad</span> 
     </span>
     <span class='ocr_line' id='line_1_31' title="bbox 121 2534 1599 2583; baseline 0.003 -13"><span class='ocrx_word' id='word_1_239' title='bbox 121 2535 349 2572; x_wconf 80' lang='lat' dir='ltr'>Anacletum</span> <span class='ocrx_word' id='word_1_240' title='bbox 367 2534 404 2571; x_wconf 95' lang='lat'>11</span> <span class='ocrx_word' id='word_1_241' title='bbox 422 2534 613 2581; x_wconf 83' lang='lat' dir='ltr'>migravit,</span> <span class='ocrx_word' id='word_1_242' title='bbox 629 2546 704 2581; x_wconf 92' lang='lat' dir='ltr'>quo</span> <span class='ocrx_word' id='word_1_243' title='bbox 721 2536 851 2571; x_wconf 86' lang='lat' dir='ltr'>tamen</span> <span class='ocrx_word' id='word_1_244' title='bbox 867 2537 1018 2571; x_wconf 89' lang='lat' dir='ltr'>mortuo</span> <span class='ocrx_word' id='word_1_245' title='bbox 1036 2536 1085 2571; x_wconf 86' lang='lat' dir='ltr'>ad</span> <span class='ocrx_word' id='word_1_246' title='bbox 1103 2535 1322 2574; x_wconf 88' lang='lat' dir='ltr'>Innocentii</span> <span class='ocrx_word' id='word_1_247' title='bbox 1339 2540 1467 2583; x_wconf 77' lang='lat' dir='ltr'>partes</span> <span class='ocrx_word' id='word_1_248' title='bbox 1483 2538 1599 2575; x_wconf 88' lang='lat' dir='ltr'>rediit</span> 
     </span>
     <span class='ocr_line' id='line_1_32' title="bbox 123 2582 1599 2630; baseline 0.002 -11"><span class='ocrx_word' id='word_1_249' title='bbox 123 2583 188 2627; x_wconf 86' lang='lat' dir='ltr'>(de</span> <span class='ocrx_word' id='word_1_250' title='bbox 214 2583 298 2619; x_wconf 77' lang='lat' dir='ltr'>Mas</span> <span class='ocrx_word' id='word_1_251' title='bbox 322 2582 453 2620; x_wconf 84' lang='lat' dir='ltr'>Latrie</span> <span class='ocrx_word' id='word_1_252' title='bbox 481 2584 578 2620; x_wconf 74' lang='grc' dir='ltr'><em>Τνέε.</em></span> <span class='ocrx_word' id='word_1_253' title='bbox 601 2584 644 2618; x_wconf 80' lang='lat' dir='ltr'>de</span> <span class='ocrx_word' id='word_1_254' title='bbox 664 2584 796 2619; x_wconf 70' lang='lat' dir='ltr'>Chr-on.</span> <span class='ocrx_word' id='word_1_255' title='bbox 817 2583 934 2629; x_wconf 86' lang='lat'>1183).</span> <span class='ocrx_word' id='word_1_256' title='bbox 984 2582 1090 2619; x_wconf 87' lang='lat' dir='ltr'>Obiit</span> <span class='ocrx_word' id='word_1_257' title='bbox 1114 2586 1276 2621; x_wconf 86' lang='lat' dir='ltr'>mortem</span> <span class='ocrx_word' id='word_1_258' title='bbox 1300 2596 1334 2621; x_wconf 85' lang='lat' dir='ltr'>a.</span> <span class='ocrx_word' id='word_1_259' title='bbox 1357 2586 1447 2630; x_wconf 86' lang='lat'>1138</span> <span class='ocrx_word' id='word_1_260' title='bbox 1472 2585 1599 2630; x_wconf 84' lang='lat' dir='ltr'>(Pauli</span> 
     </span>
     <span class='ocr_line' id='line_1_33' title="bbox 120 2630 1599 2724; baseline 0.003 -56"><span class='ocrx_word' id='word_1_261' title='bbox 120 2630 367 2714; x_wconf 44' lang='lat' dir='ltr'>opzlcit.).zoe</span> <span class='ocrx_word' id='word_1_262' title='bbox 392 2632 788 2724; x_wconf 41' lang='lat' dir='ltr'>{gazempifflmmz</span> <span class='ocrx_word' id='word_1_263' title='bbox 815 2630 1078 2715; x_wconf 40' lang='lat' dir='ltr'>presby&#39;btgguszn</span> <span class='ocrx_word' id='word_1_264' title='bbox 1091 2631 1324 2669; x_wconf 85' lang='lat' dir='ltr'>cardinalem</span> <span class='ocrx_word' id='word_1_265' title='bbox 1338 2632 1599 2718; x_wconf 41' lang='lat' dir='ltr'>szumnntae?</span> 
     </span>
     <span class='ocr_line' id='line_1_34' title="bbox 119 2690 1598 2775; baseline 0.003 -12"><span class='ocrx_word' id='word_1_266' title='bbox 119 2691 155 2763; x_wconf 47' lang='lat' dir='ltr'>z:</span> <span class='ocrx_word' id='word_1_267' title='bbox 172 2690 286 2763; x_wconf 47' lang='grc' dir='ltr'>ἔαξε.</span> <span class='ocrx_word' id='word_1_268' title='bbox 302 2690 532 2771; x_wconf 64' lang='lat' dir='ltr'>xiv.p29‚’30.</span> <span class='ocrx_word' id='word_1_269' title='bbox 631 2736 674 2762; x_wconf 86' lang='lat'>12</span> <span class='ocrx_word' id='word_1_270' title='bbox 700 2731 733 2762; x_wconf 75' lang='lat' dir='ltr'>et</span> <span class='ocrx_word' id='word_1_271' title='bbox 748 2690 972 2763; x_wconf 58' lang='lat' dir='ltr'>nadispoft&#39;c.:</span> <span class='ocrx_word' id='word_1_272' title='bbox 1000 2738 1031 2762; x_wconf 85' lang='lat' dir='ltr'>v.</span> <span class='ocrx_word' id='word_1_273' title='bbox 1051 2691 1163 2763; x_wconf 61' lang='lat' dir='ltr'>fflit.</span> <span class='ocrx_word' id='word_1_274' title='bbox 1181 2725 1259 2764; x_wconf 84' lang='lat' dir='ltr'>viii.</span> <span class='ocrx_word' id='word_1_275' title='bbox 1278 2690 1486 2775; x_wconf 48' lang='lat' dir='ltr'>2¹3¹seqqsu⁸</span> <span class='ocrx_word' id='word_1_276' title='bbox 1502 2693 1523 2719; x_wconf 63' lang='lat' dir='ltr'>e</span> <span class='ocrx_word' id='word_1_277' title='bbox 1542 2694 1598 2767; x_wconf 50' lang='grc'><strong>(18</strong></span> 
     </span>
     <span class='ocr_line' id='line_1_35' title="bbox 120 2773 1596 2820; baseline 0.003 -10"><span class='ocrx_word' id='word_1_278' title='bbox 120 2776 296 2810; x_wconf 72' lang='lat' dir='ltr'>minimas</span> <span class='ocrx_word' id='word_1_279' title='bbox 310 2776 405 2810; x_wconf 83' lang='lat' dir='ltr'>etc.:</span> <span class='ocrx_word' id='word_1_280' title='bbox 431 2773 520 2811; x_wconf 87' lang='lat' dir='ltr'>Luc.</span> <span class='ocrx_word' id='word_1_281' title='bbox 536 2775 668 2810; x_wconf 69' lang='lat' dir='ltr'>Pham.</span> <span class='ocrx_word' id='word_1_282' title='bbox 686 2773 725 2809; x_wconf 85' lang='lat' dir='ltr'>ii.</span> <span class='ocrx_word' id='word_1_283' title='bbox 748 2782 830 2819; x_wconf 86' lang='lat'>272,</span> <span class='ocrx_word' id='word_1_284' title='bbox 848 2783 929 2820; x_wconf 83' lang='lat'><em>273.</em></span> <span class='ocrx_word' id='word_1_285' title='bbox 1122 2785 1170 2811; x_wconf 88' lang='lat'>20</span> <span class='ocrx_word' id='word_1_286' title='bbox 1191 2776 1330 2812; x_wconf 67' lang='lat' dir='ltr'>Pluton</span> <span class='ocrx_word' id='word_1_287' title='bbox 1353 2779 1453 2813; x_wconf 64' lang='lat' dir='ltr'>etc:</span> <span class='ocrx_word' id='word_1_288' title='bbox 1478 2789 1512 2814; x_wconf 86' lang='lat' dir='ltr'>v.</span> <span class='ocrx_word' id='word_1_289' title='bbox 1530 2776 1596 2817; x_wconf 82' lang='lat' dir='ltr'>Ov.</span> 
     </span>
     <span class='ocr_line' id='line_1_36' title="bbox 120 2820 1599 2872; baseline 0.003 -14"><span class='ocrx_word' id='word_1_290' title='bbox 120 2823 208 2859; x_wconf 70' lang='lat' dir='ltr'>Met.</span> <span class='ocrx_word' id='word_1_291' title='bbox 223 2821 264 2858; x_wconf 87' lang='lat' dir='ltr'>ii.</span> <span class='ocrx_word' id='word_1_292' title='bbox 286 2832 416 2868; x_wconf 77' lang='lat' dir='ltr'>xseqq.</span> <span class='ocrx_word' id='word_1_293' title='bbox 598 2831 645 2867; x_wconf 81' lang='lat'>23</span> <span class='ocrx_word' id='word_1_294' title='bbox 670 2823 739 2858; x_wconf 66' lang='lat' dir='ltr'>isse</span> <span class='ocrx_word' id='word_1_295' title='bbox 754 2823 852 2860; x_wconf 85' lang='lat' dir='ltr'>etc.:</span> <span class='ocrx_word' id='word_1_296' title='bbox 876 2821 942 2859; x_wconf 84' lang='lat' dir='ltr'>Ov.</span> <span class='ocrx_word' id='word_1_297' title='bbox 958 2823 1044 2859; x_wconf 75' lang='lat' dir='ltr'>Met.</span> <span class='ocrx_word' id='word_1_298' title='bbox 1060 2820 1101 2859; x_wconf 83' lang='lat' dir='ltr'>ii.</span> <span class='ocrx_word' id='word_1_299' title='bbox 1119 2832 1200 2869; x_wconf 87' lang='lat'>331.</span> <span class='ocrx_word' id='word_1_300' title='bbox 1381 2833 1426 2872; x_wconf 79' lang='lat'>25</span> <span class='ocrx_word' id='word_1_301' title='bbox 1457 2825 1599 2864; x_wconf 66' lang='lat' dir='ltr'>Your-as</span> 
     </span>
     <span class='ocr_line' id='line_1_37' title="bbox 120 2869 755 2917; baseline -0.005 -9"><span class='ocrx_word' id='word_1_302' title='bbox 120 2872 218 2908; x_wconf 53' lang='lat' dir='ltr'>ete:</span> <span class='ocrx_word' id='word_1_303' title='bbox 242 2882 275 2907; x_wconf 86' lang='lat' dir='ltr'>v.</span> <span class='ocrx_word' id='word_1_304' title='bbox 292 2869 358 2908; x_wconf 85' lang='lat' dir='ltr'>Ov.</span> <span class='ocrx_word' id='word_1_305' title='bbox 373 2871 460 2907; x_wconf 74' lang='lat' dir='ltr'>Met.</span> <span class='ocrx_word' id='word_1_306' title='bbox 477 2880 556 2907; x_wconf 81' lang='lat' dir='ltr'>vm.</span> <span class='ocrx_word' id='word_1_307' title='bbox 576 2878 641 2917; x_wconf 81' lang='lat'>195</span> <span class='ocrx_word' id='word_1_308' title='bbox 653 2880 755 2917; x_wconf 76' lang='lat' dir='ltr'>seqq.</span> 
     </span>
    </p>
   </div>
   <div class='ocr_carea' id='block_1_8' title="bbox 1416 2953 1488 2990">
    <p class='ocr_par' dir='ltr' id='par_1_8' title="bbox 1416 2953 1488 2990">
     <span class='ocr_line' id='line_1_38' title="bbox 1416 2953 1488 2990; baseline 0.014 -1"><span class='ocrx_word' id='word_1_309' title='bbox 1416 2953 1488 2990; x_wconf 76' lang='lat'>⁴07</span> 
     </span>
    </p>
   </div>
  </div>
 </body>
</html>
