<?xml version="1.0" encoding="UTF-8"?>
<!DOCTYPE html PUBLIC "-//W3C//DTD XHTML 1.0 Transitional//EN"
    "http://www.w3.org/TR/xhtml1/DTD/xhtml1-transitional.dtd">
<html xmlns="http://www.w3.org/1999/xhtml" xml:lang="en" lang="en">
 <head>
  <title>
</title>
<meta http-equiv="Content-Type" content="text/html;charset=utf-8" />
  <meta name='ocr-system' content='tesseract 3.04.00' />
  <meta name='ocr-capabilities' content='ocr_page ocr_carea ocr_par ocr_line ocrx_word'/>
</head>
<body>
  <div class='ocr_page' id='page_1' title='image "./ioannissaresberi02johnuoft_0376.png"; bbox 0 0 1846 3262; ppageno 0'>
   <div class='ocr_carea' id='block_1_1' title="bbox 104 212 1723 276">
    <p class='ocr_par' dir='ltr' id='par_1_1' title="bbox 104 212 1723 276">
     <span class='ocr_line' id='line_1_1' title="bbox 104 212 1723 276; baseline 0.002 -22"><span class='ocrx_word' id='word_1_1' title='bbox 104 212 184 265; x_wconf 85' lang='lat'><strong>788</strong></span> <span class='ocrx_word' id='word_1_2' title='bbox 205 223 231 254; x_wconf 88' lang='lat' dir='ltr'><strong>c</strong></span> <span class='ocrx_word' id='word_1_3' title='bbox 578 213 840 258; x_wconf 87' lang='lat' dir='ltr'>IOANNIS</span> <span class='ocrx_word' id='word_1_4' title='bbox 881 213 1398 259; x_wconf 84' lang='lat' dir='ltr'>SARESBERIENSIS</span> <span class='ocrx_word' id='word_1_5' title='bbox 1503 212 1614 276; x_wconf 75' lang='lat' dir='ltr'><strong>[ms.</strong></span> <span class='ocrx_word' id='word_1_6' title='bbox 1629 223 1723 259; x_wconf 83' lang='lat' dir='ltr'><strong>vm</strong></span> 
     </span>
    </p>
   </div>
   <div class='ocr_carea' id='block_1_2' title="bbox 197 334 1788 1439">
    <p class='ocr_par' dir='ltr' id='par_1_2' title="bbox 244 334 1724 531">
     <span class='ocr_line' id='line_1_2' title="bbox 244 334 1724 394; baseline 0.001 -15"><span class='ocrx_word' id='word_1_7' title='bbox 244 335 345 394; x_wconf 84' lang='lat' dir='ltr'><strong>quis</strong></span> <span class='ocrx_word' id='word_1_8' title='bbox 380 335 641 393; x_wconf 87' lang='lat' dir='ltr'><strong>diligentius</strong></span> <span class='ocrx_word' id='word_1_9' title='bbox 672 334 888 378; x_wconf 82' lang='lat' dir='ltr'>recenseri</span> <span class='ocrx_word' id='word_1_10' title='bbox 923 335 1128 386; x_wconf 89' lang='lat' dir='ltr'><strong>uoluerit,</strong></span> <span class='ocrx_word' id='word_1_11' title='bbox 1160 334 1283 392; x_wconf 87' lang='lat' dir='ltr'><strong>legat</strong></span> <span class='ocrx_word' id='word_1_12' title='bbox 1316 350 1369 378; x_wconf 90' lang='lat' dir='ltr'><strong>ea</strong></span> <span class='ocrx_word' id='word_1_13' title='bbox 1403 350 1517 392; x_wconf 88' lang='lat' dir='ltr'><strong>quae</strong></span> <span class='ocrx_word' id='word_1_14' title='bbox 1551 335 1724 393; x_wconf 87' lang='lat' dir='ltr'>Trogus</span> 
     </span>
     <span class='ocr_line' id='line_1_3' title="bbox 245 405 1723 464; baseline -0.001 -15"><span class='ocrx_word' id='word_1_15' title='bbox 245 406 492 464; x_wconf 89' lang='lat' dir='ltr'><strong>Pompeius,</strong></span> <span class='ocrx_word' id='word_1_16' title='bbox 514 405 741 462; x_wconf 82' lang='lat' dir='ltr'>Iosephus,</span> <span class='ocrx_word' id='word_1_17' title='bbox 764 405 1023 462; x_wconf 86' lang='lat' dir='ltr'><strong>Egesippus‚</strong></span> <span class='ocrx_word' id='word_1_18' title='bbox 1041 405 1294 456; x_wconf 87' lang='lat' dir='ltr'><strong>Suetonius,</strong></span> <span class='ocrx_word' id='word_1_19' title='bbox 1308 405 1504 458; x_wconf 75' lang='lat' dir='ltr'><strong>Quintus</strong></span> <span class='ocrx_word' id='word_1_20' title='bbox 1525 405 1723 456; x_wconf 87' lang='lat' dir='ltr'><strong>Curtius,</strong></span> 
     </span>
     <span class='ocr_line' id='line_1_4' title="bbox 245 474 1724 531; baseline -0.001 -12"><span class='ocrx_word' id='word_1_21' title='bbox 245 476 478 520; x_wconf 84' lang='lat' dir='ltr'><strong>Cornelius</strong></span> <span class='ocrx_word' id='word_1_22' title='bbox 519 475 711 525; x_wconf 85' lang='lat' dir='ltr'><strong>Tacitus,</strong></span> <span class='ocrx_word' id='word_1_23' title='bbox 742 474 871 517; x_wconf 86' lang='lat' dir='ltr'><strong>Titus</strong></span> <span class='ocrx_word' id='word_1_24' title='bbox 912 475 1080 527; x_wconf 91' lang='lat' dir='ltr'><strong>Liuius,</strong></span> <span class='ocrx_word' id='word_1_25' title='bbox 1121 475 1313 518; x_wconf 81' lang='lat' dir='ltr'><strong>Serenus</strong></span> <span class='ocrx_word' id='word_1_26' title='bbox 1353 478 1400 518; x_wconf 91' lang='lat' dir='ltr'><strong>et</strong></span> <span class='ocrx_word' id='word_1_27' title='bbox 1438 474 1724 531; x_wconf 88' lang='lat' dir='ltr'><strong>Tranquillus</strong></span> 
     </span>
    </p>

    <p class='ocr_par' dir='ltr' id='par_1_3' title="bbox 197 544 1788 1439">
     <span class='ocr_line' id='line_1_5' title="bbox 197 544 1724 602; baseline -0.002 -13"><span class='ocrx_word' id='word_1_28' title='bbox 197 548 227 588; x_wconf 88' lang='lat' dir='ltr'><strong>d</strong></span> <span class='ocrx_word' id='word_1_29' title='bbox 245 549 291 589; x_wconf 91' lang='lat' dir='ltr'><strong>et</strong></span> <span class='ocrx_word' id='word_1_30' title='bbox 319 546 397 588; x_wconf 88' lang='lat' dir='ltr'><strong>alii</strong></span> <span class='ocrx_word' id='word_1_31' title='bbox 427 544 640 596; x_wconf 77' lang='lat' dir='ltr'><strong>historici,</strong></span> <span class='ocrx_word' id='word_1_32' title='bbox 661 559 772 601; x_wconf 88' lang='lat' dir='ltr'><strong>quos</strong></span> <span class='ocrx_word' id='word_1_33' title='bbox 802 559 1062 588; x_wconf 90' lang='lat' dir='ltr'><strong>enumerare</strong></span> <span class='ocrx_word' id='word_1_34' title='bbox 1091 544 1275 602; x_wconf 87' lang='lat' dir='ltr'><strong>longum</strong></span> <span class='ocrx_word' id='word_1_35' title='bbox 1306 547 1386 595; x_wconf 88' lang='lat' dir='ltr'><strong>est,</strong></span> <span class='ocrx_word' id='word_1_36' title='bbox 1405 544 1499 587; x_wconf 91' lang='lat' dir='ltr'><strong>suis</strong></span> <span class='ocrx_word' id='word_1_37' title='bbox 1527 559 1724 601; x_wconf 88' lang='lat' dir='ltr'><strong>compre-</strong></span> 
     </span>
     <span class='ocr_line' id='line_1_6' title="bbox 243 614 1763 672; baseline -0.001 -14"><span class='ocrx_word' id='word_1_38' title='bbox 243 616 495 659; x_wconf 89' lang='lat' dir='ltr'><strong>henderunt</strong></span> <span class='ocrx_word' id='word_1_39' title='bbox 516 614 725 657; x_wconf 90' lang='lat' dir='ltr'><strong>historiis.</strong></span> <span class='ocrx_word' id='word_1_40' title='bbox 787 614 858 656; x_wconf 81' lang='lat' dir='ltr'><strong>Ex</strong></span> <span class='ocrx_word' id='word_1_41' title='bbox 879 614 1040 671; x_wconf 92' lang='lat' dir='ltr'><strong>quibus</strong></span> <span class='ocrx_word' id='word_1_42' title='bbox 1063 614 1194 657; x_wconf 82' lang='lat' dir='ltr'><strong>facile</strong></span> <span class='ocrx_word' id='word_1_43' title='bbox 1214 614 1404 672; x_wconf 73' lang='lat' dir='ltr'><strong>liquebit</strong></span> <span class='ocrx_word' id='word_1_44' title='bbox 1424 614 1530 671; x_wconf 90' lang='lat' dir='ltr'><strong>quia</strong></span> <span class='ocrx_word' id='word_1_45' title='bbox 1549 628 1725 671; x_wconf 80' lang='lat' dir='ltr'><strong>semper</strong></span> <span class='ocrx_word' id='word_1_46' title='bbox 1743 632 1763 666; x_wconf 83' lang='lat'>5</span> 
     </span>
     <span class='ocr_line' id='line_1_7' title="bbox 243 683 1726 740; baseline -0.001 -12"><span class='ocrx_word' id='word_1_47' title='bbox 243 685 423 728; x_wconf 80' lang='lat' dir='ltr'><strong>tiranno</strong></span> <span class='ocrx_word' id='word_1_48' title='bbox 444 684 572 727; x_wconf 91' lang='lat' dir='ltr'><strong>licuit</strong></span> <span class='ocrx_word' id='word_1_49' title='bbox 592 683 777 734; x_wconf 86' lang='lat' dir='ltr'><strong>adulari,</strong></span> <span class='ocrx_word' id='word_1_50' title='bbox 798 683 926 727; x_wconf 88' lang='lat' dir='ltr'><strong>licuit</strong></span> <span class='ocrx_word' id='word_1_51' title='bbox 954 698 1055 726; x_wconf 91' lang='lat' dir='ltr'><strong>eum</strong></span> <span class='ocrx_word' id='word_1_52' title='bbox 1086 683 1286 740; x_wconf 81' lang='lat' dir='ltr'><strong>decipere</strong></span> <span class='ocrx_word' id='word_1_53' title='bbox 1308 686 1354 726; x_wconf 93' lang='lat' dir='ltr'><strong>et</strong></span> <span class='ocrx_word' id='word_1_54' title='bbox 1374 683 1612 727; x_wconf 90' lang='lat' dir='ltr'><strong>honestum</strong></span> <span class='ocrx_word' id='word_1_55' title='bbox 1633 683 1726 727; x_wconf 86' lang='lat' dir='ltr'><strong>fuit</strong></span> 
     </span>
     <span class='ocr_line' id='line_1_8' title="bbox 242 752 1726 810; baseline -0.001 -13"><span class='ocrx_word' id='word_1_56' title='bbox 242 754 452 805; x_wconf 90' lang='lat' dir='ltr'><strong>occidere,</strong></span> <span class='ocrx_word' id='word_1_57' title='bbox 472 753 509 796; x_wconf 93' lang='lat' dir='ltr'><strong>si</strong></span> <span class='ocrx_word' id='word_1_58' title='bbox 538 756 690 796; x_wconf 89' lang='lat' dir='ltr'><strong>tamen</strong></span> <span class='ocrx_word' id='word_1_59' title='bbox 718 753 850 796; x_wconf 88' lang='lat' dir='ltr'><strong>aliter</strong></span> <span class='ocrx_word' id='word_1_60' title='bbox 875 752 1096 796; x_wconf 85' lang='lat' dir='ltr'><strong>coherceri</strong></span> <span class='ocrx_word' id='word_1_61' title='bbox 1116 767 1206 795; x_wconf 93' lang='lat' dir='ltr'><strong>non</strong></span> <span class='ocrx_word' id='word_1_62' title='bbox 1233 754 1421 810; x_wconf 85' lang='lat' dir='ltr'><strong>poterat.</strong></span> <span class='ocrx_word' id='word_1_63' title='bbox 1481 752 1586 796; x_wconf 91' lang='lat' dir='ltr'><strong>Non</strong></span> <span class='ocrx_word' id='word_1_64' title='bbox 1606 752 1726 796; x_wconf 91' lang='lat' dir='ltr'><strong>enim</strong></span> 
     </span>
     <span class='ocr_line' id='line_1_9' title="bbox 244 822 1726 881; baseline 0 -14"><span class='ocrx_word' id='word_1_65' title='bbox 244 824 300 867; x_wconf 93' lang='lat' dir='ltr'><strong>de</strong></span> <span class='ocrx_word' id='word_1_66' title='bbox 331 823 522 881; x_wconf 90' lang='lat' dir='ltr'><strong>priuatis</strong></span> <span class='ocrx_word' id='word_1_67' title='bbox 555 822 747 866; x_wconf 74' lang='lat' dir='ltr'><strong>tirannis</strong></span> <span class='ocrx_word' id='word_1_68' title='bbox 779 823 931 880; x_wconf 86' lang='lat' dir='ltr'><strong>agitur</strong></span> <span class='ocrx_word' id='word_1_69' title='bbox 962 822 1039 866; x_wconf 88' lang='lat' dir='ltr'><strong>sed</strong></span> <span class='ocrx_word' id='word_1_70' title='bbox 1075 822 1130 865; x_wconf 91' lang='lat' dir='ltr'><strong>de</strong></span> <span class='ocrx_word' id='word_1_71' title='bbox 1162 822 1232 866; x_wconf 90' lang='lat' dir='ltr'><strong>his</strong></span> <span class='ocrx_word' id='word_1_72' title='bbox 1267 822 1345 880; x_wconf 92' lang='lat' dir='ltr'><strong>qui</strong></span> <span class='ocrx_word' id='word_1_73' title='bbox 1377 838 1471 866; x_wconf 92' lang='lat' dir='ltr'><strong>rem</strong></span> <span class='ocrx_word' id='word_1_74' title='bbox 1501 823 1726 881; x_wconf 82' lang='lat' dir='ltr'><strong>publicam</strong></span> 
     </span>
     <span class='ocr_line' id='line_1_10' title="bbox 243 892 1727 952; baseline 0.001 -16"><span class='ocrx_word' id='word_1_75' title='bbox 243 895 466 952; x_wconf 91' lang='lat' dir='ltr'><strong>premunt.</strong></span> <span class='ocrx_word' id='word_1_76' title='bbox 527 893 647 936; x_wconf 88' lang='lat' dir='ltr'><strong>Nam</strong></span> <span class='ocrx_word' id='word_1_77' title='bbox 667 892 836 950; x_wconf 88' lang='lat' dir='ltr'><strong>priuati</strong></span> <span class='ocrx_word' id='word_1_78' title='bbox 857 892 1029 950; x_wconf 88' lang='lat' dir='ltr'><strong>legibus</strong></span> <span class='ocrx_word' id='word_1_79' title='bbox 1056 892 1258 950; x_wconf 87' lang='lat' dir='ltr'><strong>publicis,</strong></span> <span class='ocrx_word' id='word_1_80' title='bbox 1278 907 1392 950; x_wconf 89' lang='lat' dir='ltr'><strong>quae</strong></span> <span class='ocrx_word' id='word_1_81' title='bbox 1411 893 1727 951; x_wconf 87' lang='lat' dir='ltr'><strong>constringunt</strong></span> 
     </span>
     <span class='ocr_line' id='line_1_11' title="bbox 243 961 1788 1015; baseline -0.001 -10"><span class='ocrx_word' id='word_1_82' title='bbox 243 963 443 1006; x_wconf 90' lang='lat' dir='ltr'><strong>omnium</strong></span> <span class='ocrx_word' id='word_1_83' title='bbox 464 962 595 1013; x_wconf 88' lang='lat' dir='ltr'><strong>uitas,</strong></span> <span class='ocrx_word' id='word_1_84' title='bbox 608 961 740 1005; x_wconf 80' lang='lat' dir='ltr'><strong>facile</strong></span> <span class='ocrx_word' id='word_1_85' title='bbox 759 962 1072 1015; x_wconf 84' lang='lat' dir='ltr'><strong>cohercentur3</strong></span> <span class='ocrx_word' id='word_1_86' title='bbox 1102 962 1150 1004; x_wconf 90' lang='lat' dir='ltr'><strong>in</strong></span> <span class='ocrx_word' id='word_1_87' title='bbox 1170 962 1442 1005; x_wconf 72' lang='lat' dir='ltr'><strong>sacerdotem</strong></span> <span class='ocrx_word' id='word_1_88' title='bbox 1463 966 1625 1014; x_wconf 83' lang='lat' dir='ltr'><strong>tamen,</strong></span> <span class='ocrx_word' id='word_1_89' title='bbox 1640 963 1726 1007; x_wconf 85' lang='lat' dir='ltr'><strong>etsi</strong></span> <span class='ocrx_word' id='word_1_90' title='bbox 1746 979 1788 1004; x_wconf 86' lang='lat'><strong>10</strong></span> 
     </span>
     <span class='ocr_line' id='line_1_12' title="bbox 243 1032 1726 1090; baseline 0 -14"><span class='ocrx_word' id='word_1_91' title='bbox 243 1033 474 1076; x_wconf 81' lang='lat' dir='ltr'><strong>tirannum</strong></span> <span class='ocrx_word' id='word_1_92' title='bbox 501 1032 673 1082; x_wconf 88' lang='lat' dir='ltr'><strong>induat,</strong></span> <span class='ocrx_word' id='word_1_93' title='bbox 692 1034 875 1089; x_wconf 89' lang='lat' dir='ltr'><strong>propter</strong></span> <span class='ocrx_word' id='word_1_94' title='bbox 901 1032 1198 1074; x_wconf 90' lang='lat' dir='ltr'><strong>reuerentiam</strong></span> <span class='ocrx_word' id='word_1_95' title='bbox 1229 1032 1495 1075; x_wconf 82' lang='lat' dir='ltr'><strong>sacramenti</strong></span> <span class='ocrx_word' id='word_1_96' title='bbox 1524 1033 1726 1090; x_wconf 81' lang='lat' dir='ltr'><strong>gladium</strong></span> 
     </span>
     <span class='ocr_line' id='line_1_13' title="bbox 243 1101 1726 1154; baseline 0.001 -8"><span class='ocrx_word' id='word_1_97' title='bbox 243 1103 520 1146; x_wconf 89' lang='lat' dir='ltr'><strong>materialem</strong></span> <span class='ocrx_word' id='word_1_98' title='bbox 551 1117 754 1145; x_wconf 83' lang='lat' dir='ltr'><strong>exercere</strong></span> <span class='ocrx_word' id='word_1_99' title='bbox 781 1116 872 1145; x_wconf 90' lang='lat' dir='ltr'><strong>non</strong></span> <span class='ocrx_word' id='word_1_100' title='bbox 892 1101 1007 1153; x_wconf 89' lang='lat' dir='ltr'><strong>licet,</strong></span> <span class='ocrx_word' id='word_1_101' title='bbox 1028 1102 1115 1145; x_wconf 90' lang='lat' dir='ltr'><strong>nisi</strong></span> <span class='ocrx_word' id='word_1_102' title='bbox 1136 1101 1266 1154; x_wconf 83' lang='lat' dir='ltr'><strong>forte,</strong></span> <span class='ocrx_word' id='word_1_103' title='bbox 1286 1117 1388 1146; x_wconf 87' lang='lat' dir='ltr'><strong>cum</strong></span> <span class='ocrx_word' id='word_1_104' title='bbox 1408 1106 1726 1147; x_wconf 84' lang='lat' dir='ltr'><strong>exauctoratus</strong></span> 
     </span>
     <span class='ocr_line' id='line_1_14' title="bbox 241 1171 1725 1230; baseline 0 -14"><span class='ocrx_word' id='word_1_105' title='bbox 241 1173 391 1224; x_wconf 86' lang='lat' dir='ltr'><strong>fuerit,</strong></span> <span class='ocrx_word' id='word_1_106' title='bbox 407 1173 455 1215; x_wconf 93' lang='lat' dir='ltr'><strong>in</strong></span> <span class='ocrx_word' id='word_1_107' title='bbox 477 1172 717 1216; x_wconf 89' lang='lat' dir='ltr'><strong>Ecclesiam</strong></span> <span class='ocrx_word' id='word_1_108' title='bbox 734 1171 818 1214; x_wconf 92' lang='lat' dir='ltr'><strong>Dei</strong></span> <span class='ocrx_word' id='word_1_109' title='bbox 839 1174 1070 1214; x_wconf 87' lang='lat' dir='ltr'><strong>cruentam</strong></span> <span class='ocrx_word' id='word_1_110' title='bbox 1091 1187 1274 1214; x_wconf 87' lang='lat' dir='ltr'><strong>manum</strong></span> <span class='ocrx_word' id='word_1_111' title='bbox 1298 1172 1530 1226; x_wconf 80' lang='lat' dir='ltr'><strong>extendat3</strong></span> <span class='ocrx_word' id='word_1_112' title='bbox 1560 1187 1612 1216; x_wconf 92' lang='lat' dir='ltr'><strong>eo</strong></span> <span class='ocrx_word' id='word_1_113' title='bbox 1627 1172 1725 1230; x_wconf 87' lang='lat' dir='ltr'><strong>qui-</strong></span> 
     </span>
     <span class='ocr_line' id='line_1_15' title="bbox 242 1241 1725 1300; baseline 0 -15"><span class='ocrx_word' id='word_1_114' title='bbox 242 1242 344 1285; x_wconf 87' lang='lat' dir='ltr'><strong>dem</strong></span> <span class='ocrx_word' id='word_1_115' title='bbox 360 1245 576 1300; x_wconf 90' lang='lat' dir='ltr'><strong>perpetuo</strong></span> <span class='ocrx_word' id='word_1_116' title='bbox 592 1242 824 1299; x_wconf 92' lang='lat' dir='ltr'><strong>optinente</strong></span> <span class='ocrx_word' id='word_1_117' title='bbox 839 1244 892 1284; x_wconf 93' lang='lat' dir='ltr'><strong>ut</strong></span> <span class='ocrx_word' id='word_1_118' title='bbox 907 1242 964 1284; x_wconf 92' lang='lat' dir='ltr'><strong>ob</strong></span> <span class='ocrx_word' id='word_1_119' title='bbox 979 1241 1164 1285; x_wconf 86' lang='lat' dir='ltr'><strong>eandem</strong></span> <span class='ocrx_word' id='word_1_120' title='bbox 1179 1256 1358 1285; x_wconf 87' lang='lat' dir='ltr'><strong>causam</strong></span> <span class='ocrx_word' id='word_1_121' title='bbox 1374 1256 1464 1285; x_wconf 89' lang='lat' dir='ltr'><strong>non</strong></span> <span class='ocrx_word' id='word_1_122' title='bbox 1483 1245 1725 1299; x_wconf 87' lang='lat' dir='ltr'><strong>consurgat</strong></span> 
     </span>
     <span class='ocr_line' id='line_1_16' title="bbox 242 1311 1784 1369; baseline -0.001 -15"><span class='ocrx_word' id='word_1_123' title='bbox 242 1312 291 1354; x_wconf 91' lang='lat' dir='ltr'><strong>in</strong></span> <span class='ocrx_word' id='word_1_124' title='bbox 312 1327 414 1355; x_wconf 91' lang='lat' dir='ltr'><strong>eum</strong></span> <span class='ocrx_word' id='word_1_125' title='bbox 434 1313 601 1369; x_wconf 82' lang='lat' dir='ltr'><strong>duplex</strong></span> <span class='ocrx_word' id='word_1_126' title='bbox 621 1311 867 1355; x_wconf 90' lang='lat' dir='ltr'><strong>tribulatio.</strong></span> <span class='ocrx_word' id='word_1_127' title='bbox 927 1311 1110 1354; x_wconf 86' lang='lat' dir='ltr'><strong>Praeter</strong></span> <span class='ocrx_word' id='word_1_128' title='bbox 1134 1326 1228 1354; x_wconf 89' lang='lat' dir='ltr'><strong>rem</strong></span> <span class='ocrx_word' id='word_1_129' title='bbox 1248 1314 1400 1354; x_wconf 91' lang='lat' dir='ltr'><strong>tamen</strong></span> <span class='ocrx_word' id='word_1_130' title='bbox 1419 1326 1510 1354; x_wconf 91' lang='lat' dir='ltr'><strong>non</strong></span> <span class='ocrx_word' id='word_1_131' title='bbox 1530 1311 1723 1363; x_wconf 90' lang='lat' dir='ltr'><strong>uidetur,</strong></span> <span class='ocrx_word' id='word_1_132' title='bbox 1744 1328 1784 1362; x_wconf 87' lang='lat'><strong>15</strong></span> 
     </span>
     <span class='ocr_line' id='line_1_17' title="bbox 243 1381 1597 1439; baseline 0 -14"><span class='ocrx_word' id='word_1_133' title='bbox 243 1382 282 1425; x_wconf 90' lang='lat' dir='ltr'><strong>si</strong></span> <span class='ocrx_word' id='word_1_134' title='bbox 302 1382 423 1434; x_wconf 84' lang='lat' dir='ltr'><strong>haec,</strong></span> <span class='ocrx_word' id='word_1_135' title='bbox 443 1396 557 1439; x_wconf 88' lang='lat' dir='ltr'><strong>quae</strong></span> <span class='ocrx_word' id='word_1_136' title='bbox 577 1381 698 1424; x_wconf 88' lang='lat' dir='ltr'><strong>dicta</strong></span> <span class='ocrx_word' id='word_1_137' title='bbox 716 1384 835 1432; x_wconf 89' lang='lat' dir='ltr'><strong>sunt,</strong></span> <span class='ocrx_word' id='word_1_138' title='bbox 855 1381 1079 1438; x_wconf 87' lang='lat' dir='ltr'><strong>aliquibus</strong></span> <span class='ocrx_word' id='word_1_139' title='bbox 1097 1384 1352 1424; x_wconf 86' lang='lat' dir='ltr'><strong>astruamus</strong></span> <span class='ocrx_word' id='word_1_140' title='bbox 1371 1381 1597 1439; x_wconf 85' lang='lat' dir='ltr'><strong>exemplis.</strong></span> 
     </span>
    </p>
   </div>
   <div class='ocr_carea' id='block_1_3' title="bbox 97 1485 1682 1600">
    <p class='ocr_par' dir='ltr' id='par_1_4' title="bbox 97 1485 1682 1600">
     <span class='ocr_line' id='line_1_18' title="bbox 97 1485 1682 1545; baseline 0 -15"><span class='ocrx_word' id='word_1_141' title='bbox 97 1492 179 1542; x_wconf 89' lang='lat'><strong>789</strong></span> <span class='ocrx_word' id='word_1_142' title='bbox 200 1502 231 1531; x_wconf 88' lang='lat' dir='ltr'><strong>a</strong></span> <span class='ocrx_word' id='word_1_143' title='bbox 304 1487 412 1545; x_wconf 87' lang='lat' dir='ltr'><strong>Cap.</strong></span> <span class='ocrx_word' id='word_1_144' title='bbox 441 1502 504 1544; x_wconf 92' lang='lat'><strong>19.</strong></span> <span class='ocrx_word' id='word_1_145' title='bbox 563 1487 629 1530; x_wconf 84' lang='lat' dir='ltr'><strong>De</strong></span> <span class='ocrx_word' id='word_1_146' title='bbox 647 1489 788 1530; x_wconf 73' lang='lat' dir='ltr'><strong>‘morte</strong></span> <span class='ocrx_word' id='word_1_147' title='bbox 808 1485 930 1529; x_wconf 69' lang='lat' dir='ltr'><strong>Iulii</strong></span> <span class='ocrx_word' id='word_1_148' title='bbox 953 1485 1128 1530; x_wconf 80' lang='lat' dir='ltr'><strong>Oesaris</strong></span> <span class='ocrx_word' id='word_1_149' title='bbox 1147 1489 1187 1530; x_wconf 82' lang='lat' dir='ltr'><strong>et</strong></span> <span class='ocrx_word' id='word_1_150' title='bbox 1206 1486 1413 1530; x_wconf 80' lang='lat' dir='ltr'><strong>aliorum</strong></span> <span class='ocrx_word' id='word_1_151' title='bbox 1431 1485 1682 1543; x_wconf 73' lang='lat' dir='ltr'><strong>yentilium</strong></span> 
     </span>
     <span class='ocr_line' id='line_1_19' title="bbox 826 1556 1144 1600; baseline -0.003 0"><span class='ocrx_word' id='word_1_152' title='bbox 826 1556 1144 1600; x_wconf 70' lang='lat' dir='ltr'><strong>tirannorum.</strong></span> 
     </span>
    </p>
   </div>
   <div class='ocr_carea' id='block_1_4' title="bbox 243 1636 1789 1765">
    <p class='ocr_par' dir='ltr' id='par_1_5' title="bbox 243 1636 1789 1765">
     <span class='ocr_line' id='line_1_20' title="bbox 305 1636 1725 1696; baseline -0.002 -14"><span class='ocrx_word' id='word_1_153' title='bbox 305 1638 512 1683; x_wconf 87' lang='lat' dir='ltr'><strong>Occurrit</strong></span> <span class='ocrx_word' id='word_1_154' title='bbox 542 1653 647 1696; x_wconf 92' lang='lat' dir='ltr'><strong>ergo</strong></span> <span class='ocrx_word' id='word_1_155' title='bbox 688 1637 909 1695; x_wconf 88' lang='lat' dir='ltr'><strong>imprimis</strong></span> <span class='ocrx_word' id='word_1_156' title='bbox 937 1637 1095 1680; x_wconf 90' lang='lat' dir='ltr'><strong>domus</strong></span> <span class='ocrx_word' id='word_1_157' title='bbox 1126 1636 1327 1690; x_wconf 90' lang='lat' dir='ltr'><strong>Cesarea,</strong></span> <span class='ocrx_word' id='word_1_158' title='bbox 1360 1651 1449 1695; x_wconf 86' lang='lat' dir='ltr'><strong>qua</strong></span> <span class='ocrx_word' id='word_1_159' title='bbox 1479 1636 1618 1680; x_wconf 89' lang='lat' dir='ltr'><strong>nichil</strong></span> <span class='ocrx_word' id='word_1_160' title='bbox 1649 1650 1725 1694; x_wconf 90' lang='lat' dir='ltr'><strong>po-</strong></span> 
     </span>
     <span class='ocr_line' id='line_1_21' title="bbox 243 1705 1789 1765; baseline -0.004 -14"><span class='ocrx_word' id='word_1_161' title='bbox 243 1709 414 1752; x_wconf 91' lang='lat' dir='ltr'><strong>tentius</strong></span> <span class='ocrx_word' id='word_1_162' title='bbox 434 1711 515 1751; x_wconf 90' lang='lat' dir='ltr'><strong>aut</strong></span> <span class='ocrx_word' id='word_1_163' title='bbox 534 1706 769 1765; x_wconf 87' lang='lat' dir='ltr'><strong>gloriosius</strong></span> <span class='ocrx_word' id='word_1_164' title='bbox 795 1707 889 1750; x_wconf 90' lang='lat' dir='ltr'><strong>ulla</strong></span> <span class='ocrx_word' id='word_1_165' title='bbox 916 1710 1035 1750; x_wconf 88' lang='lat' dir='ltr'><strong>etate</strong></span> <span class='ocrx_word' id='word_1_166' title='bbox 1055 1706 1210 1750; x_wconf 89' lang='lat' dir='ltr'><strong>recolit</strong></span> <span class='ocrx_word' id='word_1_167' title='bbox 1230 1707 1434 1750; x_wconf 90' lang='lat' dir='ltr'><strong>mundus.</strong></span> <span class='ocrx_word' id='word_1_168' title='bbox 1494 1705 1726 1763; x_wconf 89' lang='lat' dir='ltr'><strong>Siquidem</strong></span> <span class='ocrx_word' id='word_1_169' title='bbox 1746 1721 1789 1745; x_wconf 65' lang='grc' dir='ltr'><strong>πο</strong></span> 
     </span>
    </p>
   </div>
   <div class='ocr_carea' id='block_1_5' title="bbox 246 1803 1726 1900">
    <p class='ocr_par' dir='ltr' id='par_1_6' title="bbox 246 1803 1726 1900">
     <span class='ocr_line' id='line_1_22' title="bbox 246 1803 1726 1900; baseline -0.002 -57"><span class='ocrx_word' id='word_1_170' title='bbox 246 1818 278 1892; x_wconf 64' lang='lat'><strong>2123</strong></span> <span class='ocrx_word' id='word_1_171' title='bbox 282 1807 488 1891; x_wconf 53' lang='lat' dir='ltr'><strong>Segisippus</strong></span> <span class='ocrx_word' id='word_1_172' title='bbox 505 1807 530 1843; x_wconf 87' lang='lat' dir='ltr'>S</span> <span class='ocrx_word' id='word_1_173' title='bbox 625 1816 649 1851; x_wconf 92' lang='lat'>4</span> <span class='ocrx_word' id='word_1_174' title='bbox 672 1804 858 1900; x_wconf 37' lang='lat' dir='ltr'><strong>hystorici</strong></span> <span class='ocrx_word' id='word_1_175' title='bbox 875 1805 915 1841; x_wconf 84' lang='lat' dir='ltr'>M</span> <span class='ocrx_word' id='word_1_176' title='bbox 1013 1812 1032 1851; x_wconf 82' lang='lat'>5</span> <span class='ocrx_word' id='word_1_177' title='bbox 1059 1803 1238 1851; x_wconf 82' lang='lat' dir='ltr'><strong>hystoriis</strong></span> <span class='ocrx_word' id='word_1_178' title='bbox 1253 1804 1293 1841; x_wconf 83' lang='lat' dir='ltr'>M</span> <span class='ocrx_word' id='word_1_179' title='bbox 1404 1805 1448 1841; x_wconf 92' lang='lat'><strong>18</strong></span> <span class='ocrx_word' id='word_1_180' title='bbox 1474 1805 1726 1851; x_wconf 81' lang='lat' dir='ltr'><strong>tyrannorum</strong></span> 
     </span>
     <span class='ocr_line' id='line_1_23' title="bbox 323 1866 708 1900; baseline -0.005 -9"><span class='ocrx_word' id='word_1_181' title='bbox 323 1868 364 1892; x_wconf 84' lang='lat' dir='ltr'><strong>m</strong></span> <span class='ocrx_word' id='word_1_182' title='bbox 381 1868 426 1891; x_wconf 86' lang='lat' dir='ltr'><strong>ru</strong></span> <span class='ocrx_word' id='word_1_183' title='bbox 449 1867 479 1891; x_wconf 85' lang='lat' dir='ltr'><strong>r.</strong></span> <span class='ocrx_word' id='word_1_184' title='bbox 495 1867 573 1900; x_wconf 81' lang='lat' dir='ltr'><strong>cap.</strong></span> <span class='ocrx_word' id='word_1_185' title='bbox 587 1866 680 1900; x_wconf 79' lang='lat' dir='ltr'><strong>prae</strong></span> <span class='ocrx_word' id='word_1_186' title='bbox 700 1881 708 1890; x_wconf 91' lang='lat'><strong>.</strong></span> 
     </span>
    </p>
   </div>
   <div class='ocr_carea' id='block_1_6' title="bbox 245 1933 1727 2941">
    <p class='ocr_par' dir='ltr' id='par_1_7' title="bbox 245 1933 1727 2941">
     <span class='ocr_line' id='line_1_24' title="bbox 298 1933 1727 1984; baseline -0.003 -9"><span class='ocrx_word' id='word_1_187' title='bbox 298 1948 311 1975; x_wconf 94' lang='lat'>1</span> <span class='ocrx_word' id='word_1_188' title='bbox 319 1966 328 1981; x_wconf 82' lang='lat'>,</span> <span class='ocrx_word' id='word_1_189' title='bbox 341 1948 362 1974; x_wconf 91' lang='lat'>2</span> <span class='ocrx_word' id='word_1_190' title='bbox 392 1939 530 1984; x_wconf 63' lang='lat' dir='ltr'><strong>Trogus</strong></span> <span class='ocrx_word' id='word_1_191' title='bbox 538 1937 748 1983; x_wconf 82' lang='lat' dir='ltr'><strong>Pompeius:</strong></span> <span class='ocrx_word' id='word_1_192' title='bbox 767 1934 874 1972; x_wconf 85' lang='lat' dir='ltr'><strong>cuius</strong></span> <span class='ocrx_word' id='word_1_193' title='bbox 884 1935 1071 1971; x_wconf 78' lang='lat' dir='ltr'><strong>Historias</strong></span> <span class='ocrx_word' id='word_1_194' title='bbox 1079 1934 1309 1980; x_wconf 80' lang='lat' dir='ltr'><strong>Philippicas</strong></span> <span class='ocrx_word' id='word_1_195' title='bbox 1317 1933 1359 1969; x_wconf 91' lang='lat' dir='ltr'><strong>in</strong></span> <span class='ocrx_word' id='word_1_196' title='bbox 1371 1933 1565 1982; x_wconf 90' lang='lat' dir='ltr'><strong>epitomen</strong></span> <span class='ocrx_word' id='word_1_197' title='bbox 1575 1933 1727 1980; x_wconf 81' lang='lat' dir='ltr'><strong>redegit</strong></span> 
     </span>
     <span class='ocr_line' id='line_1_25' title="bbox 247 1980 1723 2029; baseline -0.002 -8"><span class='ocrx_word' id='word_1_198' title='bbox 247 1985 425 2022; x_wconf 88' lang='lat' dir='ltr'><strong>Iustinus.</strong></span> <span class='ocrx_word' id='word_1_199' title='bbox 659 1994 680 2020; x_wconf 89' lang='lat'>2</span> <span class='ocrx_word' id='word_1_200' title='bbox 704 1985 901 2029; x_wconf 82' lang='lat' dir='ltr'><strong>Iosephus:</strong></span> <span class='ocrx_word' id='word_1_201' title='bbox 927 1994 1039 2028; x_wconf 91' lang='lat' dir='ltr'><strong>quem</strong></span> <span class='ocrx_word' id='word_1_202' title='bbox 1057 1981 1266 2028; x_wconf 86' lang='lat' dir='ltr'><strong>interprete</strong></span> <span class='ocrx_word' id='word_1_203' title='bbox 1285 1982 1420 2018; x_wconf 78' lang='lat' dir='ltr'><strong>Rufino</strong></span> <span class='ocrx_word' id='word_1_204' title='bbox 1438 1980 1536 2029; x_wconf 85' lang='lat' dir='ltr'><strong>legit</strong></span> <span class='ocrx_word' id='word_1_205' title='bbox 1552 1981 1723 2019; x_wconf 86' lang='lat' dir='ltr'><strong>Ioannes.</strong></span> 
     </span>
     <span class='ocr_line' id='line_1_26' title="bbox 245 2028 1724 2080; baseline -0.003 -10"><span class='ocrx_word' id='word_1_206' title='bbox 245 2035 475 2080; x_wconf 75' lang='lat' dir='ltr'><strong>qusippus:</strong></span> <span class='ocrx_word' id='word_1_207' title='bbox 501 2032 561 2069; x_wconf 88' lang='lat' dir='ltr'><strong>Ita</strong></span> <span class='ocrx_word' id='word_1_208' title='bbox 586 2033 810 2078; x_wconf 87' lang='lat' dir='ltr'><strong>nuncupata</strong></span> <span class='ocrx_word' id='word_1_209' title='bbox 833 2032 890 2068; x_wconf 90' lang='lat' dir='ltr'><strong>est</strong></span> <span class='ocrx_word' id='word_1_210' title='bbox 909 2031 1097 2077; x_wconf 86' lang='lat' dir='ltr'><strong>(perverso</strong></span> <span class='ocrx_word' id='word_1_211' title='bbox 1124 2028 1277 2076; x_wconf 88' lang='lat' dir='ltr'><strong>Iosephi</strong></span> <span class='ocrx_word' id='word_1_212' title='bbox 1300 2029 1470 2074; x_wconf 89' lang='lat' dir='ltr'><strong>nomine,</strong></span> <span class='ocrx_word' id='word_1_213' title='bbox 1487 2031 1532 2065; x_wconf 91' lang='lat' dir='ltr'><strong>ut</strong></span> <span class='ocrx_word' id='word_1_214' title='bbox 1556 2029 1724 2076; x_wconf 84' lang='lat' dir='ltr'><strong>videtur)</strong></span> 
     </span>
     <span class='ocr_line' id='line_1_27' title="bbox 246 2077 1725 2126; baseline -0.001 -9"><span class='ocrx_word' id='word_1_215' title='bbox 246 2085 354 2118; x_wconf 88' lang='lat' dir='ltr'><strong>vetus</strong></span> <span class='ocrx_word' id='word_1_216' title='bbox 370 2081 446 2117; x_wconf 85' lang='lat' dir='ltr'><strong>ista</strong></span> <span class='ocrx_word' id='word_1_217' title='bbox 463 2079 615 2126; x_wconf 90' lang='lat' dir='ltr'><strong>Iosephi</strong></span> <span class='ocrx_word' id='word_1_218' title='bbox 631 2078 903 2126; x_wconf 85' lang='lat' dir='ltr'><strong>interpretatio</strong></span> <span class='ocrx_word' id='word_1_219' title='bbox 929 2077 1150 2115; x_wconf 83' lang='lat' dir='ltr'><strong>abbreviata</strong></span> <span class='ocrx_word' id='word_1_220' title='bbox 1174 2078 1214 2114; x_wconf 89' lang='lat' dir='ltr'><strong>et</strong></span> <span class='ocrx_word' id='word_1_221' title='bbox 1238 2079 1500 2124; x_wconf 86' lang='lat' dir='ltr'><strong>augmentata,</strong></span> <span class='ocrx_word' id='word_1_222' title='bbox 1520 2077 1567 2115; x_wconf 89' lang='lat' dir='ltr'><strong>de</strong></span> <span class='ocrx_word' id='word_1_223' title='bbox 1592 2089 1667 2123; x_wconf 88' lang='lat' dir='ltr'><strong>qua</strong></span> <span class='ocrx_word' id='word_1_224' title='bbox 1691 2089 1725 2115; x_wconf 89' lang='lat' dir='ltr'><strong>v.</strong></span> 
     </span>
     <span class='ocr_line' id='line_1_28' title="bbox 245 2125 1726 2172; baseline -0.003 -7"><span class='ocrx_word' id='word_1_225' title='bbox 245 2129 392 2166; x_wconf 86' lang='lat' dir='ltr'><strong>Teuffel</strong></span> <span class='ocrx_word' id='word_1_226' title='bbox 409 2130 531 2165; x_wconf 84' lang='lat' dir='ltr'><strong>Gesch.</strong></span> <span class='ocrx_word' id='word_1_227' title='bbox 544 2131 610 2164; x_wconf 85' lang='lat' dir='ltr'><strong>der</strong></span> <span class='ocrx_word' id='word_1_228' title='bbox 620 2129 822 2164; x_wconf 76' lang='lat' dir='ltr'><strong>romischen</strong></span> <span class='ocrx_word' id='word_1_229' title='bbox 837 2128 1029 2162; x_wconf 80' lang='lat' dir='ltr'><strong>Literatur</strong></span> <span class='ocrx_word' id='word_1_230' title='bbox 1042 2125 1100 2162; x_wconf 90' lang='lat' dir='ltr'><strong>ed.</strong></span> <span class='ocrx_word' id='word_1_231' title='bbox 1118 2126 1210 2171; x_wconf 89' lang='lat'><strong>1890</strong></span> <span class='ocrx_word' id='word_1_232' title='bbox 1222 2125 1278 2171; x_wconf 89' lang='lat' dir='ltr'><strong>(ii.</strong></span> <span class='ocrx_word' id='word_1_233' title='bbox 1298 2125 1340 2172; x_wconf 54' lang='grc' dir='ltr'><strong>ἕξ</strong></span> <span class='ocrx_word' id='word_1_234' title='bbox 1356 2134 1484 2172; x_wconf 82' lang='grc'>433-5,</span> <span class='ocrx_word' id='word_1_235' title='bbox 1497 2127 1530 2169; x_wconf 88' lang='grc'><strong>6,</strong></span> <span class='ocrx_word' id='word_1_236' title='bbox 1542 2137 1606 2172; x_wconf 90' lang='lat' dir='ltr'><strong>pp.</strong></span> <span class='ocrx_word' id='word_1_237' title='bbox 1623 2135 1636 2162; x_wconf 92' lang='lat'>1</span> <span class='ocrx_word' id='word_1_238' title='bbox 1647 2136 1660 2162; x_wconf 91' lang='lat'>1</span> <span class='ocrx_word' id='word_1_239' title='bbox 1671 2135 1726 2170; x_wconf 87' lang='lat'><strong>10,</strong></span> 
     </span>
     <span class='ocr_line' id='line_1_29' title="bbox 249 2171 1725 2223; baseline -0.003 -9"><span class='ocrx_word' id='word_1_240' title='bbox 249 2178 370 2223; x_wconf 82' lang='lat'><strong>1111).</strong></span> <span class='ocrx_word' id='word_1_241' title='bbox 423 2178 580 2221; x_wconf 75' lang='lat' dir='ltr'><strong>Quintus</strong></span> <span class='ocrx_word' id='word_1_242' title='bbox 606 2178 780 2213; x_wconf 82' lang='lat' dir='ltr'><strong>Curtius:</strong></span> <span class='ocrx_word' id='word_1_243' title='bbox 809 2186 858 2211; x_wconf 88' lang='lat' dir='ltr'><strong>sc.</strong></span> <span class='ocrx_word' id='word_1_244' title='bbox 885 2175 1136 2210; x_wconf 82' lang='lat' dir='ltr'><strong>Historiarum</strong></span> <span class='ocrx_word' id='word_1_245' title='bbox 1160 2174 1369 2222; x_wconf 54' lang='lat' dir='ltr'><strong>Alexandri</strong></span> <span class='ocrx_word' id='word_1_246' title='bbox 1395 2174 1527 2218; x_wconf 73' lang='lat' dir='ltr'><strong>Mayni</strong></span> <span class='ocrx_word' id='word_1_247' title='bbox 1550 2171 1725 2219; x_wconf 86' lang='lat' dir='ltr'><strong>scriptor.</strong></span> 
     </span>
     <span class='ocr_line' id='line_1_30' title="bbox 247 2221 1725 2271; baseline -0.003 -9"><span class='ocrx_word' id='word_1_248' title='bbox 247 2224 451 2271; x_wconf 84' lang='lat' dir='ltr'><strong>Perperam</strong></span> <span class='ocrx_word' id='word_1_249' title='bbox 474 2236 520 2261; x_wconf 86' lang='lat' dir='ltr'><strong>ex</strong></span> <span class='ocrx_word' id='word_1_250' title='bbox 540 2224 612 2260; x_wconf 91' lang='lat' dir='ltr'><strong>hoc</strong></span> <span class='ocrx_word' id='word_1_251' title='bbox 637 2224 719 2260; x_wconf 92' lang='lat' dir='ltr'><strong>loco</strong></span> <span class='ocrx_word' id='word_1_252' title='bbox 740 2222 836 2259; x_wconf 90' lang='lat' dir='ltr'><strong>colle</strong></span> <span class='ocrx_word' id='word_1_253' title='bbox 866 2222 899 2258; x_wconf 92' lang='lat' dir='ltr'><strong>it</strong></span> <span class='ocrx_word' id='word_1_254' title='bbox 915 2221 951 2258; x_wconf 91' lang='lat' dir='ltr'><strong>S.</strong></span> <span class='ocrx_word' id='word_1_255' title='bbox 969 2221 1114 2258; x_wconf 89' lang='lat' dir='ltr'><strong>Dosson</strong></span> <span class='ocrx_word' id='word_1_256' title='bbox 1135 2223 1269 2259; x_wconf 80' lang='lat' dir='ltr'><strong>(Etude</strong></span> <span class='ocrx_word' id='word_1_257' title='bbox 1290 2233 1358 2257; x_wconf 86' lang='lat' dir='ltr'><strong>sur</strong></span> <span class='ocrx_word' id='word_1_258' title='bbox 1383 2222 1422 2266; x_wconf 82' lang='lat' dir='ltr'><strong>Q.</strong></span> <span class='ocrx_word' id='word_1_259' title='bbox 1441 2222 1562 2264; x_wconf 80' lang='lat' dir='ltr'><strong>Gurce,</strong></span> <span class='ocrx_word' id='word_1_260' title='bbox 1579 2232 1618 2267; x_wconf 87' lang='lat' dir='ltr'><strong>p.</strong></span> <span class='ocrx_word' id='word_1_261' title='bbox 1637 2222 1725 2267; x_wconf 85' lang='lat'><strong>364)</strong></span> 
     </span>
     <span class='ocr_line' id='line_1_31' title="bbox 248 2268 1727 2316; baseline -0.003 -7"><span class='ocrx_word' id='word_1_262' title='bbox 248 2273 432 2309; x_wconf 87' lang='lat' dir='ltr'><strong>Ioannem</strong></span> <span class='ocrx_word' id='word_1_263' title='bbox 451 2275 622 2309; x_wconf 86' lang='lat' dir='ltr'><strong>nostrum</strong></span> <span class='ocrx_word' id='word_1_264' title='bbox 641 2271 681 2316; x_wconf 83' lang='lat' dir='ltr'><strong>Q.</strong></span> <span class='ocrx_word' id='word_1_265' title='bbox 700 2270 823 2307; x_wconf 88' lang='lat' dir='ltr'><strong>Curtii</strong></span> <span class='ocrx_word' id='word_1_266' title='bbox 855 2270 955 2306; x_wconf 86' lang='lat' dir='ltr'><strong>ibros</strong></span> <span class='ocrx_word' id='word_1_267' title='bbox 972 2269 1039 2306; x_wconf 90' lang='lat' dir='ltr'><strong>sub</strong></span> <span class='ocrx_word' id='word_1_268' title='bbox 1057 2268 1176 2306; x_wconf 89' lang='lat' dir='ltr'><strong>oculis</strong></span> <span class='ocrx_word' id='word_1_269' title='bbox 1192 2268 1378 2306; x_wconf 75' lang='lat' dir='ltr'><strong>habuisse.</strong></span> <span class='ocrx_word' id='word_1_270' title='bbox 1486 2278 1507 2314; x_wconf 87' lang='lat'>3</span> <span class='ocrx_word' id='word_1_271' title='bbox 1536 2269 1727 2305; x_wconf 81' lang='lat' dir='ltr'><strong>Cornelius</strong></span> 
     </span>
     <span class='ocr_line' id='line_1_32' title="bbox 252 2316 1726 2364; baseline -0.003 -7"><span class='ocrx_word' id='word_1_272' title='bbox 252 2322 421 2357; x_wconf 77' lang='lat' dir='ltr'><strong>Tacitus:</strong></span> <span class='ocrx_word' id='word_1_273' title='bbox 447 2319 556 2356; x_wconf 91' lang='lat' dir='ltr'><strong>Illius</strong></span> <span class='ocrx_word' id='word_1_274' title='bbox 579 2319 696 2356; x_wconf 89' lang='lat' dir='ltr'><strong>libros</strong></span> <span class='ocrx_word' id='word_1_275' title='bbox 722 2318 877 2364; x_wconf 85' lang='lat' dir='ltr'><strong>quidem</strong></span> <span class='ocrx_word' id='word_1_276' title='bbox 902 2317 1041 2354; x_wconf 85' lang='lat' dir='ltr'><strong>Ioanni</strong></span> <span class='ocrx_word' id='word_1_277' title='bbox 1064 2316 1216 2364; x_wconf 87' lang='lat' dir='ltr'><strong>ignotos</strong></span> <span class='ocrx_word' id='word_1_278' title='bbox 1241 2328 1332 2359; x_wconf 86' lang='lat' dir='ltr'><strong>esse,</strong></span> <span class='ocrx_word' id='word_1_279' title='bbox 1357 2327 1498 2353; x_wconf 89' lang='lat' dir='ltr'><strong>nomen</strong></span> <span class='ocrx_word' id='word_1_280' title='bbox 1523 2318 1654 2353; x_wconf 85' lang='lat' dir='ltr'><strong>autem</strong></span> <span class='ocrx_word' id='word_1_281' title='bbox 1677 2327 1726 2353; x_wconf 84' lang='lat' dir='ltr'><strong>ex</strong></span> 
     </span>
     <span class='ocr_line' id='line_1_33' title="bbox 246 2363 1727 2410; baseline -0.004 -5"><span class='ocrx_word' id='word_1_282' title='bbox 246 2368 382 2405; x_wconf 86' lang='lat' dir='ltr'><strong>Orosio</strong></span> <span class='ocrx_word' id='word_1_283' title='bbox 402 2370 538 2404; x_wconf 90' lang='lat' dir='ltr'><strong>notum</strong></span> <span class='ocrx_word' id='word_1_284' title='bbox 560 2378 639 2404; x_wconf 87' lang='lat' dir='ltr'><strong>esse</strong></span> <span class='ocrx_word' id='word_1_285' title='bbox 660 2367 784 2403; x_wconf 89' lang='lat' dir='ltr'><strong>credo.</strong></span> <span class='ocrx_word' id='word_1_286' title='bbox 939 2367 1044 2401; x_wconf 80' lang='lat' dir='ltr'><strong>Titus</strong></span> <span class='ocrx_word' id='word_1_287' title='bbox 1059 2367 1216 2401; x_wconf 87' lang='lat' dir='ltr'><strong>Liuius:</strong></span> <span class='ocrx_word' id='word_1_288' title='bbox 1240 2364 1369 2401; x_wconf 86' lang='lat' dir='ltr'><strong>Etiam</strong></span> <span class='ocrx_word' id='word_1_289' title='bbox 1386 2363 1482 2400; x_wconf 83' lang='lat' dir='ltr'><strong>Livii</strong></span> <span class='ocrx_word' id='word_1_290' title='bbox 1499 2363 1618 2410; x_wconf 86' lang='lat' dir='ltr'><strong>ipsius</strong></span> <span class='ocrx_word' id='word_1_291' title='bbox 1635 2363 1727 2400; x_wconf 87' lang='lat' dir='ltr'><strong>libri</strong></span> 
     </span>
     <span class='ocr_line' id='line_1_34' title="bbox 249 2411 1726 2461; baseline -0.003 -8"><span class='ocrx_word' id='word_1_292' title='bbox 249 2417 297 2452; x_wconf 84' lang='lat' dir='ltr'><strong>ad</strong></span> <span class='ocrx_word' id='word_1_293' title='bbox 326 2417 510 2453; x_wconf 88' lang='lat' dir='ltr'><strong>Ioannem</strong></span> <span class='ocrx_word' id='word_1_294' title='bbox 544 2427 626 2452; x_wconf 92' lang='lat' dir='ltr'><strong>non</strong></span> <span class='ocrx_word' id='word_1_295' title='bbox 661 2415 934 2461; x_wconf 72' lang='lat' dir='ltr'><strong>pervenerant:</strong></span> <span class='ocrx_word' id='word_1_296' title='bbox 975 2424 1136 2459; x_wconf 82' lang='lat' dir='ltr'><strong>quorum</strong></span> <span class='ocrx_word' id='word_1_297' title='bbox 1166 2415 1296 2449; x_wconf 85' lang='lat' dir='ltr'><strong>tamen</strong></span> <span class='ocrx_word' id='word_1_298' title='bbox 1329 2411 1526 2458; x_wconf 84' lang='lat' dir='ltr'><strong>epitomen</strong></span> <span class='ocrx_word' id='word_1_299' title='bbox 1558 2423 1582 2448; x_wconf 80' lang='lat' dir='ltr'><strong>a.</strong></span> <span class='ocrx_word' id='word_1_300' title='bbox 1614 2411 1726 2449; x_wconf 82' lang='lat' dir='ltr'><strong>Floro</strong></span> 
     </span>
     <span class='ocr_line' id='line_1_35' title="bbox 247 2458 1723 2510; baseline -0.004 -9"><span class='ocrx_word' id='word_1_301' title='bbox 247 2464 402 2507; x_wconf 79' lang='lat' dir='ltr'><strong>factam,</strong></span> <span class='ocrx_word' id='word_1_302' title='bbox 420 2465 547 2501; x_wconf 83' lang='lat' dir='ltr'><strong>forsan</strong></span> <span class='ocrx_word' id='word_1_303' title='bbox 564 2465 717 2510; x_wconf 79' lang='lat' dir='ltr'><strong>praeter</strong></span> <span class='ocrx_word' id='word_1_304' title='bbox 738 2461 845 2498; x_wconf 89' lang='lat' dir='ltr'><strong>illam</strong></span> <span class='ocrx_word' id='word_1_305' title='bbox 865 2461 981 2498; x_wconf 86' lang='lat' dir='ltr'><strong>etiam</strong></span> <span class='ocrx_word' id='word_1_306' title='bbox 998 2461 1226 2507; x_wconf 88' lang='lat' dir='ltr'><strong>compendia</strong></span> <span class='ocrx_word' id='word_1_307' title='bbox 1242 2459 1320 2496; x_wconf 82' lang='lat' dir='ltr'><strong>alia</strong></span> <span class='ocrx_word' id='word_1_308' title='bbox 1335 2461 1384 2507; x_wconf 89' lang='lat' dir='ltr'><strong>(v.</strong></span> <span class='ocrx_word' id='word_1_309' title='bbox 1401 2471 1517 2506; x_wconf 87' lang='lat' dir='ltr'><strong>supra</strong></span> <span class='ocrx_word' id='word_1_310' title='bbox 1533 2459 1582 2495; x_wconf 86' lang='lat' dir='ltr'><strong>ad</strong></span> <span class='ocrx_word' id='word_1_311' title='bbox 1597 2458 1644 2495; x_wconf 87' lang='lat' dir='ltr'><strong>vi.</strong></span> <span class='ocrx_word' id='word_1_312' title='bbox 1666 2459 1723 2506; x_wconf 87' lang='grc'><strong>15)</strong></span> 
     </span>
     <span class='ocr_line' id='line_1_36' title="bbox 246 2506 1726 2554; baseline -0.003 -6"><span class='ocrx_word' id='word_1_313' title='bbox 246 2512 396 2550; x_wconf 87' lang='lat' dir='ltr'><strong>habuit.</strong></span> <span class='ocrx_word' id='word_1_314' title='bbox 525 2513 702 2547; x_wconf 80' lang='lat' dir='ltr'><strong>Serenus:</strong></span> <span class='ocrx_word' id='word_1_315' title='bbox 727 2509 784 2547; x_wconf 90' lang='lat' dir='ltr'><strong>De</strong></span> <span class='ocrx_word' id='word_1_316' title='bbox 803 2508 1044 2546; x_wconf 85' lang='lat' dir='ltr'><strong>Sammonico</strong></span> <span class='ocrx_word' id='word_1_317' title='bbox 1062 2507 1215 2551; x_wconf 85' lang='lat' dir='ltr'><strong>Sereno,</strong></span> <span class='ocrx_word' id='word_1_318' title='bbox 1233 2519 1345 2554; x_wconf 88' lang='lat' dir='ltr'><strong>quem</strong></span> <span class='ocrx_word' id='word_1_319' title='bbox 1361 2507 1493 2544; x_wconf 85' lang='lat' dir='ltr'><strong>laudat</strong></span> <span class='ocrx_word' id='word_1_320' title='bbox 1509 2506 1726 2544; x_wconf 71' lang='lat' dir='ltr'><strong>Macrobius</strong></span> 
     </span>
     <span class='ocr_line' id='line_1_37' title="bbox 248 2554 1726 2606; baseline -0.004 -10"><span class='ocrx_word' id='word_1_321' title='bbox 248 2561 323 2596; x_wconf 86' lang='lat' dir='ltr'><strong>Sat.</strong></span> <span class='ocrx_word' id='word_1_322' title='bbox 340 2559 395 2596; x_wconf 88' lang='lat' dir='ltr'><strong>iii.</strong></span> <span class='ocrx_word' id='word_1_323' title='bbox 420 2560 462 2596; x_wconf 90' lang='lat'><strong>16</strong></span> <span class='ocrx_word' id='word_1_324' title='bbox 481 2558 548 2606; x_wconf 81' lang='lat'><strong>§6‚</strong></span> <span class='ocrx_word' id='word_1_325' title='bbox 563 2569 586 2605; x_wconf 94' lang='lat'><strong>9</strong></span> <span class='ocrx_word' id='word_1_326' title='bbox 606 2558 622 2606; x_wconf 68' lang='grc' dir='ltr'><strong>ξ</strong></span> <span class='ocrx_word' id='word_1_327' title='bbox 639 2560 673 2603; x_wconf 94' lang='grc'><strong>6,</strong></span> <span class='ocrx_word' id='word_1_328' title='bbox 695 2557 865 2605; x_wconf 87' lang='lat' dir='ltr'><strong>cogitare</strong></span> <span class='ocrx_word' id='word_1_329' title='bbox 882 2556 993 2594; x_wconf 84' lang='lat' dir='ltr'><strong>licet:</strong></span> <span class='ocrx_word' id='word_1_330' title='bbox 1020 2556 1086 2592; x_wconf 87' lang='lat' dir='ltr'><strong>sed</strong></span> <span class='ocrx_word' id='word_1_331' title='bbox 1103 2555 1273 2603; x_wconf 85' lang='lat' dir='ltr'><strong>suspicor</strong></span> <span class='ocrx_word' id='word_1_332' title='bbox 1294 2556 1489 2601; x_wconf 88' lang='lat' dir='ltr'><strong>Ioannem,</strong></span> <span class='ocrx_word' id='word_1_333' title='bbox 1506 2554 1726 2591; x_wconf 84' lang='lat' dir='ltr'><strong>nominibus</strong></span> 
     </span>
     <span class='ocr_line' id='line_1_38' title="bbox 248 2601 1725 2652; baseline -0.003 -8"><span class='ocrx_word' id='word_1_334' title='bbox 248 2606 519 2644; x_wconf 87' lang='lat' dir='ltr'><strong>historicorum</strong></span> <span class='ocrx_word' id='word_1_335' title='bbox 552 2618 648 2652; x_wconf 87' lang='lat' dir='ltr'><strong>quae</strong></span> <span class='ocrx_word' id='word_1_336' title='bbox 681 2606 747 2643; x_wconf 90' lang='lat' dir='ltr'><strong>hic</strong></span> <span class='ocrx_word' id='word_1_337' title='bbox 779 2605 897 2642; x_wconf 86' lang='lat' dir='ltr'><strong>refert</strong></span> <span class='ocrx_word' id='word_1_338' title='bbox 930 2616 976 2641; x_wconf 83' lang='lat' dir='ltr'><strong>ex</strong></span> <span class='ocrx_word' id='word_1_339' title='bbox 1016 2603 1200 2650; x_wconf 82' lang='lat' dir='ltr'><strong>scriptore</strong></span> <span class='ocrx_word' id='word_1_340' title='bbox 1238 2602 1365 2640; x_wconf 85' lang='lat' dir='ltr'><strong>nescio</strong></span> <span class='ocrx_word' id='word_1_341' title='bbox 1398 2614 1472 2649; x_wconf 92' lang='lat' dir='ltr'><strong>quo</strong></span> <span class='ocrx_word' id='word_1_342' title='bbox 1505 2601 1725 2649; x_wconf 86' lang='lat' dir='ltr'><strong>antiquiore</strong></span> 
     </span>
     <span class='ocr_line' id='line_1_39' title="bbox 249 2649 1725 2702; baseline -0.004 -10"><span class='ocrx_word' id='word_1_343' title='bbox 249 2654 469 2702; x_wconf 85' lang='lat' dir='ltr'><strong>desumptis,</strong></span> <span class='ocrx_word' id='word_1_344' title='bbox 489 2654 607 2692; x_wconf 86' lang='lat' dir='ltr'><strong>etiam</strong></span> <span class='ocrx_word' id='word_1_345' title='bbox 624 2654 718 2690; x_wconf 85' lang='lat' dir='ltr'><strong>haec</strong></span> <span class='ocrx_word' id='word_1_346' title='bbox 737 2653 850 2689; x_wconf 86' lang='lat' dir='ltr'><strong>verba</strong></span> <span class='ocrx_word' id='word_1_347' title='bbox 861 2653 1016 2689; x_wconf 76' lang='lat' dir='ltr'><strong>Serenus</strong></span> <span class='ocrx_word' id='word_1_348' title='bbox 1025 2656 1058 2687; x_wconf 86' lang='lat' dir='ltr'><strong>et</strong></span> <span class='ocrx_word' id='word_1_349' title='bbox 1074 2653 1313 2699; x_wconf 78' lang='lat' dir='ltr'><strong>Tranquillus</strong></span> <span class='ocrx_word' id='word_1_350' title='bbox 1323 2649 1614 2697; x_wconf 84' lang='lat' dir='ltr'><strong>transcripsisse,</strong></span> <span class='ocrx_word' id='word_1_351' title='bbox 1627 2661 1725 2696; x_wconf 76' lang='lat' dir='ltr'><strong>quae</strong></span> 
     </span>
     <span class='ocr_line' id='line_1_40' title="bbox 249 2697 1726 2753; baseline -0.003 -15"><span class='ocrx_word' id='word_1_352' title='bbox 249 2703 330 2739; x_wconf 91' lang='lat' dir='ltr'><strong>vice</strong></span> <span class='ocrx_word' id='word_1_353' title='bbox 348 2706 463 2740; x_wconf 88' lang='lat' dir='ltr'><strong>notae</strong></span> <span class='ocrx_word' id='word_1_354' title='bbox 480 2701 628 2739; x_wconf 88' lang='lat' dir='ltr'><strong>nomini</strong></span> <span class='ocrx_word' id='word_1_355' title='bbox 647 2700 820 2738; x_wconf 85' lang='lat' dir='ltr'><strong>Suetonii</strong></span> <span class='ocrx_word' id='word_1_356' title='bbox 837 2700 1032 2747; x_wconf 84' lang='lat' dir='ltr'><strong>adscripta</strong></span> <span class='ocrx_word' id='word_1_357' title='bbox 1048 2701 1174 2737; x_wconf 88' lang='lat' dir='ltr'><strong>essent</strong></span> <span class='ocrx_word' id='word_1_358' title='bbox 1191 2701 1230 2736; x_wconf 91' lang='lat' dir='ltr'><strong>et</strong></span> <span class='ocrx_word' id='word_1_359' title='bbox 1245 2699 1294 2735; x_wconf 88' lang='lat' dir='ltr'><strong>ad</strong></span> <span class='ocrx_word' id='word_1_360' title='bbox 1312 2698 1450 2735; x_wconf 86' lang='lat' dir='ltr'><strong>Isidori</strong></span> <span class='ocrx_word' id='word_1_361' title='bbox 1466 2699 1558 2743; x_wconf 62' lang='lat' dir='ltr'><strong>Diff.</strong></span> <span class='ocrx_word' id='word_1_362' title='bbox 1577 2697 1635 2745; x_wconf 80' lang='lat' dir='ltr'><strong>i.§</strong></span> <span class='ocrx_word' id='word_1_363' title='bbox 1656 2698 1726 2753; x_wconf 78' lang='grc'><strong>536</strong></span> 
     </span>
     <span class='ocr_line' id='line_1_41' title="bbox 251 2744 1726 2798; baseline -0.004 -12"><span class='ocrx_word' id='word_1_364' title='bbox 251 2751 398 2798; x_wconf 89' lang='lat' dir='ltr'><strong>(Migne</strong></span> <span class='ocrx_word' id='word_1_365' title='bbox 421 2753 462 2787; x_wconf 91' lang='lat' dir='ltr'><strong>P.</strong></span> <span class='ocrx_word' id='word_1_366' title='bbox 483 2752 524 2786; x_wconf 85' lang='lat' dir='ltr'><strong>L.</strong></span> <span class='ocrx_word' id='word_1_367' title='bbox 545 2749 692 2786; x_wconf 81' lang='lat' dir='ltr'><strong>lxxxiii.</strong></span> <span class='ocrx_word' id='word_1_368' title='bbox 709 2751 772 2793; x_wconf 85' lang='lat'><strong>64)</strong></span> <span class='ocrx_word' id='word_1_369' title='bbox 794 2748 1042 2794; x_wconf 86' lang='lat' dir='ltr'><strong>respicerent.</strong></span> <span class='ocrx_word' id='word_1_370' title='bbox 1091 2747 1204 2794; x_wconf 88' lang='lat' dir='ltr'><strong>Apud</strong></span> <span class='ocrx_word' id='word_1_371' title='bbox 1226 2747 1379 2782; x_wconf 88' lang='lat' dir='ltr'><strong>Petrum</strong></span> <span class='ocrx_word' id='word_1_372' title='bbox 1403 2744 1581 2790; x_wconf 62' lang='lat' dir='ltr'><strong>menium,</strong></span> <span class='ocrx_word' id='word_1_373' title='bbox 1601 2745 1726 2791; x_wconf 77' lang='lat' dir='ltr'><strong>quiin</strong></span> 
     </span>
     <span class='ocr_line' id='line_1_42' title="bbox 249 2792 1726 2846; baseline -0.003 -12"><span class='ocrx_word' id='word_1_374' title='bbox 249 2800 320 2844; x_wconf 84' lang='lat' dir='ltr'><strong>Ep.</strong></span> <span class='ocrx_word' id='word_1_375' title='bbox 341 2799 387 2837; x_wconf 88' lang='lat' dir='ltr'><strong>ci.</strong></span> <span class='ocrx_word' id='word_1_376' title='bbox 408 2797 553 2846; x_wconf 84' lang='lat' dir='ltr'><strong>(Migne</strong></span> <span class='ocrx_word' id='word_1_377' title='bbox 570 2800 614 2834; x_wconf 92' lang='lat' dir='ltr'><strong>P.</strong></span> <span class='ocrx_word' id='word_1_378' title='bbox 627 2799 673 2833; x_wconf 91' lang='lat' dir='ltr'><strong>L.</strong></span> <span class='ocrx_word' id='word_1_379' title='bbox 689 2796 797 2834; x_wconf 85' lang='lat' dir='ltr'><strong>ccvii.</strong></span> <span class='ocrx_word' id='word_1_380' title='bbox 815 2798 901 2843; x_wconf 88' lang='lat'>314)</span> <span class='ocrx_word' id='word_1_381' title='bbox 918 2796 1077 2833; x_wconf 83' lang='lat' dir='ltr'><strong>nomina</strong></span> <span class='ocrx_word' id='word_1_382' title='bbox 1093 2797 1221 2832; x_wconf 84' lang='lat' dir='ltr'><strong>cetera</strong></span> <span class='ocrx_word' id='word_1_383' title='bbox 1236 2805 1283 2831; x_wconf 85' lang='lat' dir='ltr'><strong>ex</strong></span> <span class='ocrx_word' id='word_1_384' title='bbox 1302 2794 1374 2830; x_wconf 88' lang='lat' dir='ltr'><strong>hoc</strong></span> <span class='ocrx_word' id='word_1_385' title='bbox 1391 2793 1474 2830; x_wconf 88' lang='lat' dir='ltr'><strong>loco</strong></span> <span class='ocrx_word' id='word_1_386' title='bbox 1486 2794 1544 2839; x_wconf 86' lang='lat' dir='ltr'><strong>(ut</strong></span> <span class='ocrx_word' id='word_1_387' title='bbox 1560 2792 1726 2838; x_wconf 86' lang='lat' dir='ltr'><strong>videtur)</strong></span> 
     </span>
     <span class='ocr_line' id='line_1_43' title="bbox 249 2842 1722 2895; baseline -0.001 -15"><span class='ocrx_word' id='word_1_388' title='bbox 249 2846 355 2889; x_wconf 88' lang='lat' dir='ltr'><strong>citat,</strong></span> <span class='ocrx_word' id='word_1_389' title='bbox 375 2847 512 2883; x_wconf 88' lang='lat' dir='ltr'><strong>desunt</strong></span> <span class='ocrx_word' id='word_1_390' title='bbox 526 2848 680 2882; x_wconf 80' lang='lat' dir='ltr'><strong>Serenus</strong></span> <span class='ocrx_word' id='word_1_391' title='bbox 691 2850 723 2881; x_wconf 83' lang='lat' dir='ltr'><strong>et</strong></span> <span class='ocrx_word' id='word_1_392' title='bbox 743 2845 990 2892; x_wconf 75' lang='lat' dir='ltr'><strong>Tranquillus.</strong></span> <span class='ocrx_word' id='word_1_393' title='bbox 1111 2852 1143 2890; x_wconf 83' lang='grc'><strong>5,</strong></span> <span class='ocrx_word' id='word_1_394' title='bbox 1160 2844 1184 2879; x_wconf 91' lang='grc'>6</span> <span class='ocrx_word' id='word_1_395' title='bbox 1207 2844 1295 2890; x_wconf 79' lang='lat' dir='ltr'><strong>quia</strong></span> <span class='ocrx_word' id='word_1_396' title='bbox 1310 2853 1450 2888; x_wconf 81' lang='lat' dir='ltr'><strong>semper</strong></span> <span class='ocrx_word' id='word_1_397' title='bbox 1463 2843 1612 2895; x_wconf 58' lang='lat' dir='ltr'><strong>tirumgo</strong></span> <span class='ocrx_word' id='word_1_398' title='bbox 1622 2842 1694 2878; x_wconf 80' lang='lat' dir='ltr'><strong>etc.</strong></span> <span class='ocrx_word' id='word_1_399' title='bbox 1711 2851 1722 2878; x_wconf 71' lang='lat' dir='ltr'><strong><em>z</em></strong></span> 
     </span>
     <span class='ocr_line' id='line_1_44' title="bbox 250 2888 1653 2941; baseline -0.003 -12"><span class='ocrx_word' id='word_1_400' title='bbox 250 2893 297 2930; x_wconf 82' lang='lat' dir='ltr'><strong>cf.</strong></span> <span class='ocrx_word' id='word_1_401' title='bbox 315 2905 429 2939; x_wconf 84' lang='lat' dir='ltr'><strong>supra</strong></span> <span class='ocrx_word' id='word_1_402' title='bbox 445 2893 498 2930; x_wconf 83' lang='lat' dir='ltr'><strong>iii.</strong></span> <span class='ocrx_word' id='word_1_403' title='bbox 521 2904 560 2941; x_wconf 85' lang='lat'><strong>15</strong></span> <span class='ocrx_word' id='word_1_404' title='bbox 581 2895 665 2940; x_wconf 81' lang='lat'>(512</span> <span class='ocrx_word' id='word_1_405' title='bbox 678 2893 731 2939; x_wconf 84' lang='lat' dir='ltr'><strong>c).</strong></span> <span class='ocrx_word' id='word_1_406' title='bbox 869 2901 913 2938; x_wconf 82' lang='lat'><strong>14</strong></span> <span class='ocrx_word' id='word_1_407' title='bbox 937 2903 1011 2929; x_wconf 80' lang='lat' dir='ltr'><strong>non</strong></span> <span class='ocrx_word' id='word_1_408' title='bbox 1028 2895 1217 2937; x_wconf 66' lang='lat' dir='ltr'><strong>consuo-yut</strong></span> <span class='ocrx_word' id='word_1_409' title='bbox 1234 2892 1304 2928; x_wconf 86' lang='lat' dir='ltr'><strong>etc.</strong></span> <span class='ocrx_word' id='word_1_410' title='bbox 1323 2902 1332 2926; x_wconf 70' lang='grc' dir='ltr'><strong>ι</strong></span> <span class='ocrx_word' id='word_1_411' title='bbox 1357 2901 1388 2926; x_wconf 88' lang='lat' dir='ltr'><strong>v.</strong></span> <span class='ocrx_word' id='word_1_412' title='bbox 1407 2888 1560 2926; x_wconf 83' lang='lat' dir='ltr'><strong>Nahum</strong></span> <span class='ocrx_word' id='word_1_413' title='bbox 1576 2899 1602 2925; x_wconf 89' lang='grc'><strong>1.</strong></span> <span class='ocrx_word' id='word_1_414' title='bbox 1619 2897 1653 2935; x_wconf 87' lang='lat'><strong>9.</strong></span> 
     </span>
    </p>
   </div>
   <div class='ocr_carea' id='block_1_7' title="bbox 360 2949 428 2993">
    <p class='ocr_par' dir='ltr' id='par_1_8' title="bbox 360 2949 428 2993">
     <span class='ocr_line' id='line_1_45' title="bbox 360 2949 428 2993; baseline -0.015 0"><span class='ocrx_word' id='word_1_415' title='bbox 360 2949 428 2993; x_wconf 76' lang='lat'><strong>364</strong></span> 
     </span>
    </p>
   </div>
  </div>
 </body>
</html>
