1846 3262
51 224 127 264 816
144 234 175 264 a
501 221 765 266 IOANNIS
796 221 1327 266 SARESBERIENSIS
1450 220 1563 283 [Lm.
1580 228 1678 267 vln-

188 344 337 388 inanis
356 344 525 402 gloriae
544 343 730 387 uilescit.
794 342 879 386 Cui
912 342 1001 386 ista
1030 357 1121 386 non
1150 345 1321 400 patent,
1341 342 1530 386 nimium
1551 355 1681 387 cecus

158 426 163 432 '
188 418 267 466 est,
288 429 389 458 cum
410 413 714 471 unusquisque
735 427 887 456 eorum
909 413 988 470 qui
1008 416 1248 456 uersantur
1274 413 1322 456 in
1352 413 1424 456 his
1448 413 1534 457 sibi
1559 412 1679 470 quod

188 485 364 542 appetit
398 485 548 527 deesse
584 483 795 527 fateatur.
857 483 975 527 Sunt
1013 487 1165 527 tamen
1197 498 1386 541 quorum
1424 483 1574 527 oculos
1613 483 1680 526 ita

189 554 458 613 perstrinxit
485 554 660 597 malitia
686 557 739 597 ut
764 569 878 611 quae
898 569 979 612 per
1002 569 1048 597 se
1072 554 1224 597 lucent
1244 557 1469 612 nequeant
1497 553 1677 597 intueri.

190 625 265 669 Sic
295 624 434 668 oculis
464 624 585 682 capti
615 624 764 681 talpae
794 623 906 667 lucis
936 624 1199 667 beneficium
1232 639 1323 667 non
1357 629 1607 682 agnoscunt
1633 626 1682 666 et
1699 634 1720 670 5

189 695 358 738 innatis
404 694 652 753 gaudentes
686 694 884 737 tenebris
919 694 1113 737 oderunt
1146 709 1294 737 aerem
1333 694 1560 752 puriorem
1598 707 1681 737 nec

189 765 344 808 uiuere
365 767 548 822 queunt,
568 764 606 808 si
627 764 799 808 diutius
815 767 1053 808 arceantur
1068 763 1126 807 ab
1146 764 1284 807 humo
1304 767 1351 808 et
1370 764 1554 808 latebris
1574 763 1680 809 suis.

142 841 172 879 b
192 835 354 878 Nonne
389 835 616 892 talparum
649 837 815 893 gerunt
846 835 1088 892 imaginem
1120 834 1199 892 qui
1239 849 1412 892 semper
1454 834 1503 877 in
1542 834 1682 878 humo

191 908 442 957 uersantur‚
464 919 654 962 quorum
675 907 774 948 tota
793 905 1073 948 conuersatio
1100 905 1149 947 in
1178 907 1300 948 terra
1329 903 1599 962 deprimitur
1627 907 1682 947 ut

191 975 330 1019 nichil
361 975 504 1019 altum
531 975 711 1033 sapiant
741 975 814 1019 uel
841 975 1062 1028 diuinum,
1089 975 1166 1018 sed
1193 990 1274 1019 nec
1304 975 1551 1018 humanum
1581 973 1679 1032 qui·
1699 993 1742 1019 10

191 1046 291 1089 dem
308 1060 317 1099 3
337 1046 464 1089 cuius
475 1048 555 1096 est,
568 1060 669 1089 cum
682 1048 829 1089 cetera
841 1045 1056 1088 animalia
1067 1060 1209 1103 prona
1221 1044 1428 1088 ferantur
1439 1044 1488 1087 in
1499 1046 1679 1096 terram,

191 1117 336 1160 celum
368 1119 414 1159 et
449 1130 564 1173 quae
598 1115 780 1159 celestia
810 1119 918 1159 sunt
958 1119 1106 1160 erecta
1137 1115 1361 1174 dignitate
1402 1114 1601 1173 corporis
1634 1117 1682 1158 et

193 1186 334 1230 animi
346 1186 667 1243 contemplari?
701 1186 764 1229 Hi
777 1189 929 1230 tamen
943 1201 1023 1229 suo
1037 1186 1114 1230 sed
1126 1186 1275 1243 talpae
1287 1185 1481 1243 quodam
1492 1187 1682 1245 naturae

194 1257 309 1300 uitio
338 1257 662 1314 deprimuntur.
725 1256 930 1300 Profecto
960 1256 1155 1300 deterior
1178 1259 1247 1300 est
1277 1271 1408 1313 quem
1432 1255 1564 1314 culpa
1586 1269 1681 1298 ma-

193 1328 316 1372 culat
346 1342 397 1371 eo
428 1327 507 1384 qui
536 1330 726 1371 naturae
756 1327 931 1370 laborat
960 1327 1160 1384 imperio.
1218 1325 1314 1370 Nec
1347 1326 1502 1370 credas
1535 1325 1679 1369 altum
1700 1343 1742 1379 15

193 1412 348 1455 sapere
370 1397 448 1455 qui
472 1400 661 1441 naturae
685 1400 912 1441 consortes
940 1412 1031 1440 non
1060 1400 1156 1440 tam
1186 1396 1358 1440 uirtute
1387 1410 1523 1454 quam
1552 1395 1683 1439 uitiis

193 1468 296 1512 uult
315 1468 500 1525 praeire.
561 1467 650 1511 Sed
671 1467 780 1524 quid
800 1467 848 1510 in
868 1482 1004 1525 grege
1031 1467 1119 1510 isto
1148 1467 1375 1524 talparum
1401 1481 1542 1524 arguo
1570 1465 1683 1510 ceci—

194 1541 349 1590 tatem,
368 1538 456 1581 nisi
477 1538 596 1595 quod
616 1538 806 1581 aliorum
826 1537 928 1581 fons
947 1552 1041 1581 esse
1061 1537 1276 1583 uidetur?
1336 1537 1408 1580 Ab
1421 1552 1473 1580 eo
1487 1550 1683 1594 namque

195 1609 451 1653 scaturiunt
480 1608 618 1651 riuuli
647 1608 863 1651 uitiorum
893 1610 947 1651 ut
977 1607 1105 1665 quasi
1134 1607 1183 1650 in
1207 1622 1391 1665 corpore
1415 1621 1506 1650 uno
1525 1606 1682 1650 uideas

153 1691 178 1721 c
197 1678 463 1723 confluxisse
484 1679 776 1735 rapacitatem
797 1678 949 1730 leonis,
965 1677 1172 1721 seuitiam
1193 1678 1384 1736 tigridis,
1403 1677 1557 1736 gulam
1572 1677 1680 1735 lupi,
1701 1692 1746 1724 ω

196 1750 467 1792 uarietatem
502 1748 644 1806 pardi,
674 1748 856 1791 fraudes
885 1748 1048 1805 uulpis,
1075 1748 1364 1792 tenacitatem
1395 1747 1560 1806 arpiae,
1599 1748 1682 1792 im-

195 1818 466 1862 munditiam
487 1818 591 1869 suis‚
612 1818 910 1876 petulantiam
940 1817 1064 1868 hirci,
1094 1818 1349 1875 superbiam
1376 1818 1492 1876 equi,
1511 1818 1683 1862 stolidi-

197 1891 338 1932 tatem
359 1888 486 1941 asini,
507 1888 854 1931 obstinationem
874 1887 997 1939 muli,
1018 1887 1217 1931 toxicum
1237 1888 1390 1945 ydrae,
1403 1888 1683 1946 nigredinem

196 1958 331 2010 corui,
347 1962 393 2002 et
413 1958 625 2016 quicquid
637 1958 761 2001 aliud
775 1958 1083 2016 peruersitatis
1094 1957 1332 2002 infundere
1348 1959 1498 2016 potuit
1511 1958 1683 2002 homini

195 2029 428 2072 teterrima
448 2031 666 2073 creatura.
726 2028 844 2071 Nam
876 2028 934 2071 ab
963 2043 1014 2072 eo
1038 2029 1250 2072 uniuersa
1275 2030 1384 2073 haec
1404 2029 1683 2074 incommoda
1702 2045 1746 2080 ²5

196 2100 520 2156 profluxerunt,
541 2099 650 2142 dum
670 2099 775 2142 boni
797 2102 843 2142 et
867 2099 974 2142 mali
1005 2099 1237 2143 scientiam
1268 2102 1315 2143 et
1340 2099 1682 2143 similitudinem

195 2169 281 2212 Dei
301 2169 528 2226 promittit
547 2184 628 2227 per
646 2169 862 2227 rapinam.
924 2169 1099 2213 Exinde
1119 2169 1336 2214 inclinata
1356 2173 1425 2214 est
1439 2170 1498 2213 ad
1512 2170 1682 2213 malum

196 2242 363 2283 natura
393 2240 598 2291 hominis,
630 2240 757 2283 cuius
791 2240 919 2296 quasi
950 2240 1169 2297 quaedam
1209 2240 1406 2284 infantia
1443 2240 1685 2298 praecessit

196 2310 420 2361 innocens,
440 2310 548 2353 dum
569 2325 597 2353 a
616 2310 846 2367 colloquiis
866 2310 1228 2368 peruertentibus
1243 2314 1290 2354 et
1308 2310 1530 2368 peruersis
1544 2309 1682 2354 absti-

196 2380 309 2423 nuit.
385 2380 522 2423 Siluit
560 2380 694 2423 homo
733 2382 779 2424 et
822 2380 989 2424 mansit
1027 2380 1250 2431 innocens,
1289 2380 1488 2424 immisso
1525 2394 1683 2437 sopore
1701 2401 1746 2437 30

198 2451 472 2494 obdormiuit
496 2451 718 2504 innocens,
749 2450 1091 2508 expergefactus
1122 2453 1168 2494 et
1197 2465 1440 2509 agnoscens
1459 2450 1682 2494 auxilium

198 2531 220 2557 2
245 2521 320 2557 hiis
338 2521 362 2557 S
507 2531 525 2568 5
553 2521 695 2558 occulis
712 2520 745 2558 A
892 2532 937 2558 10
960 2520 1039 2568 uel]
1057 2520 1114 2557 nil
1132 2519 1156 2557 S
1278 2531 1323 2558 22
1348 2520 1459 2568 hyrci
1474 2521 1515 2557 M
1635 2532 1681 2569 23

196 2568 318 2615 hydre
335 2569 363 2605 C
379 2580 389 2605 t
414 2569 558 2616 hydrae
575 2569 638 2607 M:
664 2568 774 2607 hidre
793 2568 818 2606 S

252 2644 268 2680 5
294 2636 408 2670 oculis
422 2636 521 2680 capti
537 2636 682 2681 talpae:
708 2648 741 2671 v.
758 2635 873 2681 Verg.
897 2635 1022 2680 Geory.
1042 2632 1067 2670 i.
1090 2634 1168 2680 183.
1375 2634 1413 2679 6,
1430 2643 1450 2679 7
1476 2645 1540 2671 nec
1555 2635 1683 2672 uiuere

198 2687 351 2729 queunt:
378 2694 411 2718 v.
430 2682 581 2728 Hugon.
600 2683 647 2719 de
664 2683 815 2720 Folieto
834 2684 892 2728 (ut
913 2682 1078 2728 videtur)
1096 2681 1194 2718 liber
1214 2683 1257 2718 de
1276 2682 1397 2718 bestiis
1414 2680 1563 2729 (Migne.
1576 2684 1620 2719 P.
1635 2683 1679 2719 L.

201 2729 354 2766 clxxvii.
384 2731 464 2775 161)
496 2732 615 2777 Talpa
641 2758 650 2767 .
675 2758 685 2767 .
710 2759 719 2769 .
744 2733 810 2768 sub
831 2736 932 2766 terra
953 2735 1127 2774 moratur,
1146 2743 1259 2776 super
1279 2735 1415 2766 terram
1431 2742 1505 2767 non
1527 2732 1681 2768 uiueret.

200 2788 223 2823 9
248 2783 321 2814 tota
338 2780 562 2815 conuersatio
579 2781 619 2815 in
636 2785 755 2816 terra:
780 2791 813 2815 v.
833 2778 1001 2825 Philipp.
1020 2777 1077 2814 iii.
1095 2789 1143 2814 20
1157 2779 1291 2814 Nostra
1308 2783 1430 2814 autem
1453 2781 1682 2816 conuersatio

199 2827 242 2860 in
259 2827 367 2861 caelis
383 2831 443 2862 est.
543 2837 581 2863 11
611 2833 724 2863 cetera
740 2828 920 2864 animalia
937 2828 1028 2863 etc.:
1051 2838 1085 2862 v.
1102 2825 1166 2863 Ov.
1186 2828 1270 2862 Met.
1287 2825 1313 2862 i.
1328 2827 1457 2872 84-86.
1558 2835 1612 2873 15,
1638 2827 1681 2863 16

199 2874 477 2958 ‹giam-§apgrez
502 2873 610 2911 Rom.
628 2875 678 2911 xi.
697 2885 755 2913 20.
948 2885 996 2921 30
1019 2876 1133 2911 siluit
1148 2876 1252 2912 homo
1269 2877 1342 2912 eto.
1360 2887 1368 2913 :
1395 2874 1681 2923 Interpretatur

236 2933 293 2958 en.
313 2932 353 2956 11.
375 2932 390 2957 1
430 2933 532 2968 seqq.

310 2977 376 3012 4¹4
