1846 3262
43 211 131 260 605
150 207 180 249 d
527 199 789 248 IOANNIS
829 193 1354 243 SARESBERIENSIS
1507 193 1619 250 [ΠΒ.
1635 201 1689 235 VI

197 333 243 374 et
274 329 439 387 impius
473 326 612 371 miles.
677 322 796 378 Quid
828 321 948 365 enim
982 319 1195 376 iniquius,
1229 317 1339 376 quid
1375 315 1689 360 detestabilius

198 416 333 459 quam
372 399 468 443 sine
506 397 610 440 fidei
650 393 903 438 reuerentia
949 389 1135 449 aggredi
1184 387 1399 446 quicquid
1444 386 1688 431 dictauerit

198 469 470 528 imperator?
529 467 690 510 Nonne
711 463 830 522 apud
851 476 1004 506 omnes
1025 475 1118 504 uox
1138 459 1322 503 funesta
1343 461 1412 502 est
1427 461 1474 502 et
1494 456 1690 502 crudelis

199 540 415 598 plenaque
443 536 654 595 perfidiae
668 551 677 578 :

317 610 497 652 Pectore
527 607 565 650 si
596 605 752 648 fratris
781 603 982 662 gladium
1013 601 1258 660 iuguloque
1288 598 1491 658 parentis
1709 611 1730 647 5

315 668 501 712 condere
532 680 602 708 me
632 665 786 707 iubeas
817 663 1062 720 plenaeque
1094 661 1142 704 in
1172 660 1346 703 uiscera
1374 660 1535 716 partus

315 725 526 784 coniugis,
555 724 703 767 inuita
731 737 943 781 peragam
973 725 1125 764 tamen
1156 719 1308 763 omnia
1338 718 1525 770 dextra;

314 789 461 829 castra
490 799 623 842 super
653 783 784 826 Tusci
815 782 853 824 si
882 795 1047 839 ponere
1077 778 1290 837 Tybridis
1320 777 1478 828 undas,

316 844 521 902 Esperios
551 842 701 886 audax
731 841 910 884 ueniam
940 842 1134 883 metator
1163 838 1211 881 in
1243 852 1387 895 agros.

315 904 383 947 Tu
413 916 712 960 quoscumque
743 900 867 943 uoles
897 900 945 942 in
975 899 1160 957 planum
1191 896 1420 940 effundere
1449 909 1614 946 muros,
1711 912 1753 938 10

315 963 386 1006 his
416 962 531 1005 aries
561 964 687 1004 actus
717 960 945 1017 disperget
974 973 1085 1002 saxa
1114 957 1304 1008 lacertis,

316 1022 395 1064 illa
423 1021 527 1064 licet
556 1020 736 1078 penitus
765 1019 865 1062 tolli
894 1032 1029 1076 quam
1059 1016 1242 1060 iusseris
1271 1015 1430 1059 urbem

317 1081 460 1124 Roma
489 1080 560 1123 sit.

203 1150 323 1204 Quid
352 1149 542 1206 nequius
566 1148 653 1192 dici
677 1147 828 1206 potuit
854 1150 901 1191 et
930 1146 1050 1190 unde
1080 1146 1225 1204 magis
1255 1145 1449 1196 deberet,
1476 1143 1515 1188 si
1545 1141 1693 1187 fidelis

203 1224 330 1272 esset,
349 1220 577 1263 Romanus
591 1219 836 1275 imperator
855 1217 1050 1261 offendi?
1100 1217 1157 1260 In
1173 1231 1224 1259 eo
1240 1230 1434 1273 namque
1449 1214 1692 1259 sceleratus
1713 1234 1754 1270 ¹5

48 1298 139 1337 606
160 1306 189 1335 a
205 1291 332 1334 miles
351 1290 456 1333 fidei
476 1304 582 1333 suae
601 1289 736 1332 fidem
763 1288 910 1332 facere
934 1288 1111 1331 studuit
1134 1287 1254 1330 unde
1278 1287 1475 1345 seipsum
1495 1285 1693 1329 maxime

205 1360 428 1404 infidelem
463 1362 509 1403 et
543 1359 762 1417 perfidum
798 1373 891 1402 esse
925 1358 1134 1402 conuicit.
1195 1358 1362 1416 Magna
1402 1356 1583 1415 quidem
1624 1370 1693 1399 re-

205 1431 409 1474 uerentia
429 1430 617 1473 debetur
632 1429 744 1481 duci,
758 1429 835 1473 sed
855 1429 960 1472 fidei
981 1429 1196 1487 religione
1217 1430 1408 1472 seruata.
1461 1426 1694 1482 Quaedam

205 1502 271 1544 ita
302 1501 548 1544 necessaria
577 1503 684 1543 sunt
713 1503 767 1543 ut
796 1500 1059 1543 mandatum
1089 1514 1180 1543 non
1210 1501 1471 1557 expectent3
1510 1498 1601 1542 alia
1630 1497 1694 1543 sic

207 1571 488 1615 detestabilia
503 1574 556 1614 ut
570 1571 744 1613 nullum
760 1571 942 1614 omnino
957 1570 1221 1614 mandatum
1237 1569 1496 1614 admittant.
1543 1568 1695 1612 Media
1715 1585 1759 1610 πο

207 1642 399 1699 quidem,
419 1655 532 1698 quae
562 1655 706 1697 neque
738 1644 846 1684 sunt
874 1640 1122 1684 necessaria
1154 1640 1270 1683 bona
1298 1655 1379 1683 nec
1410 1640 1696 1684 detestabilia

207 1711 336 1763 mala,
357 1711 606 1755 consistunt
626 1711 674 1754 in
699 1711 886 1754 arbitrio
911 1711 1220 1769 praesidentis.
1278 1710 1403 1754 Velit
1425 1710 1541 1754 nolit
1567 1725 1696 1769 prae·

208 1782 364 1834 fectus,
384 1797 442 1826 ex
461 1781 724 1826 necessitate
751 1781 857 1825 boni
878 1781 1133 1840 diligendus
1153 1784 1222 1825 est
1242 1781 1378 1826 Deus.
1438 1781 1562 1825 Velit
1581 1781 1697 1826 nolit

207 1851 535 1910 praefectus‚ex
547 1852 721 1895 malitia
732 1851 988 1909 iniquitatis
1001 1854 1068 1895 est
1081 1851 1354 1895 adulterium
1368 1852 1696 1896 declinandum.

208 1923 271 1966 At
285 1923 480 1966 militare
494 1922 567 1966 uel
587 1937 678 1965 non
693 1922 900 1973 militare,
917 1922 1068 1981 egredi
1084 1923 1157 1966 uel
1173 1937 1263 1966 non
1279 1922 1443 1981 egredi,
1459 1926 1696 1981 ceteraque
1715 1943 1757 1979 ²5

208 2007 322 2049 quae
351 1992 605 2050 philosophi
636 1992 939 2035 indifferentia
973 1995 1199 2050 reputant,
1229 1992 1287 2036 ad
1318 1994 1562 2051 praepositi
1595 1994 1696 2037 dili·

206 2062 406 2119 gentiam
446 2065 492 2106 et
531 2062 830 2106 reuerentiam
870 2065 1086 2120 spectant.
1147 2063 1203 2106 In
1243 2063 1316 2107 his
1354 2064 1443 2108 nisi
1483 2064 1698 2109 mandato

159 2139 187 2177 b
207 2132 503 2190 praesidentis
542 2133 720 2176 oculum
759 2133 934 2190 aperire
973 2133 1118 2176 instar
1156 2134 1358 2178 criminis
1393 2138 1474 2186 est,
1513 2138 1596 2179 aut
1639 2150 1698 2180 ex

206 2202 394 2246 scientia
422 2217 505 2246 sua
533 2203 592 2246 ad
622 2203 937 2260 cuiuscumque
966 2204 1113 2262 operis
1142 2203 1341 2249 fructum
1372 2220 1559 2250 manum
1588 2206 1698 2251 irre·

208 2275 417 2316 uerenter
448 2272 700 2317 extendere.
760 2273 833 2317 Sit
867 2288 994 2318 cecus
1027 2274 1075 2317 in
1110 2275 1194 2319 hac
1225 2278 1355 2334 parte
1384 2276 1613 2321 subiectus
1644 2279 1699 2322 ut
1715 2293 1759 2327 30

208 2342 353 2396 uiuat,
374 2342 480 2400 quia
501 2358 781 2401 quacumque
805 2344 877 2387 die
899 2345 1026 2402 quasi
1054 2360 1111 2388 ex
1137 2347 1321 2404 propria
1347 2346 1615 2392 discretione
1639 2348 1699 2393 ad

207 2413 411 2456 arborem
432 2413 656 2465 scientiae,
678 2429 813 2472 quam
833 2415 918 2458 sibi
939 2419 986 2459 et
1005 2417 1219 2474 praelatis
1239 2422 1443 2462 reseruat
1462 2418 1698 2472 Dominus,

207 2484 491 2526 temerariam
511 2499 694 2526 manum
710 2485 894 2538 miserit,
912 2486 1120 2543 laqueum
1141 2489 1298 2531 mortis
1319 2489 1522 2533 incurrit.
1576 2490 1698 2544 Quid

207 2553 326 2596 enim
359 2553 526 2596 bonum
558 2557 639 2597 aut
673 2554 842 2597 malum
876 2555 930 2598 in
954 2556 1122 2600 talibus
1152 2557 1213 2601 sit
1242 2573 1333 2602 non
1363 2559 1469 2603 lieet
1498 2559 1699 2607 iudicare

208 2622 430 2674 subiectis,
459 2623 568 2666 dum
603 2623 737 2681 plena
770 2626 1023 2669 reuerentia
1055 2628 1322 2686 praepositis
1351 2629 1622 2676 exhibeatur
1651 2634 1699 2677 et·
1715 2645 1759 2682 35

207 2693 351 2736 fidelis
380 2693 635 2737 obedientia
662 2695 989 2742 mandatorum.

210 2789 255 2825 19
280 2778 375 2826 non]
393 2791 464 2816 nee
481 2780 521 2815 Μ

205 2834 788 2909 Wfflmrs.
801 2853 827 2891 i.
845 2856 1213 2904 376-378,381-386.
1267 2861 1702 2907 17,18Ma9nareuerm·

207 2905 263 2938 tta
275 2902 442 2938 debetur:
469 2901 823 2948 V.Iuv.Sat.xiv.47.
926 2914 969 2951 31
990 2917 1212 2953 quacumque
1230 2909 1291 2944 die
1308 2910 1383 2947 etc.
1403 2921 1413 2948 :
1441 2909 1628 2951 v.Gen.ii.
1642 2921 1699 2959 17.

319 2966 359 3000 32
