<?xml version="1.0" encoding="UTF-8"?>
<!DOCTYPE html PUBLIC "-//W3C//DTD XHTML 1.0 Transitional//EN"
    "http://www.w3.org/TR/xhtml1/DTD/xhtml1-transitional.dtd">
<html xmlns="http://www.w3.org/1999/xhtml" xml:lang="en" lang="en">
 <head>
  <title>
</title>
<meta http-equiv="Content-Type" content="text/html;charset=utf-8" />
  <meta name='ocr-system' content='tesseract 3.04.00' />
  <meta name='ocr-capabilities' content='ocr_page ocr_carea ocr_par ocr_line ocrx_word'/>
</head>
<body>
  <div class='ocr_page' id='page_1' title='image "./ioannissaresberi02johnuoft_0402.png"; bbox 0 0 1846 3262; ppageno 0'>
   <div class='ocr_carea' id='block_1_1' title="bbox 81 214 1713 278">
    <p class='ocr_par' dir='ltr' id='par_1_1' title="bbox 81 214 1713 278">
     <span class='ocr_line' id='line_1_1' title="bbox 81 214 1713 278; baseline 0.002 -20"><span class='ocrx_word' id='word_1_1' title='bbox 81 216 166 268; x_wconf 87' lang='lat'><strong>803</strong></span> <span class='ocrx_word' id='word_1_2' title='bbox 184 214 214 259; x_wconf 81' lang='lat' dir='ltr'><strong>d</strong></span> <span class='ocrx_word' id='word_1_3' title='bbox 564 216 829 262; x_wconf 90' lang='lat' dir='ltr'>IOANNIS</span> <span class='ocrx_word' id='word_1_4' title='bbox 870 216 1391 261; x_wconf 85' lang='lat' dir='ltr'>SARESBERIENSIS</span> <span class='ocrx_word' id='word_1_5' title='bbox 1492 214 1603 278; x_wconf 62' lang='lat'><strong>[12113.</strong></span> <span class='ocrx_word' id='word_1_6' title='bbox 1618 226 1713 261; x_wconf 80' lang='lat' dir='ltr'><strong>VIII</strong></span> 
     </span>
    </p>
   </div>
   <div class='ocr_carea' id='block_1_2' title="bbox 75 337 1774 2713">
    <p class='ocr_par' dir='ltr' id='par_1_2' title="bbox 75 337 1774 1449">
     <span class='ocr_line' id='line_1_2' title="bbox 228 337 1712 396; baseline 0 -14"><span class='ocrx_word' id='word_1_7' title='bbox 228 338 365 382; x_wconf 88' lang='lat' dir='ltr'><strong>tionis</strong></span> <span class='ocrx_word' id='word_1_8' title='bbox 386 338 536 382; x_wconf 87' lang='lat' dir='ltr'><strong>studia</strong></span> <span class='ocrx_word' id='word_1_9' title='bbox 556 353 647 381; x_wconf 88' lang='lat' dir='ltr'><strong>non</strong></span> <span class='ocrx_word' id='word_1_10' title='bbox 667 353 776 381; x_wconf 87' lang='lat' dir='ltr'><strong>uera</strong></span> <span class='ocrx_word' id='word_1_11' title='bbox 796 337 873 381; x_wconf 87' lang='lat' dir='ltr'><strong>sed</strong></span> <span class='ocrx_word' id='word_1_12' title='bbox 889 338 1005 381; x_wconf 85' lang='lat' dir='ltr'><strong>ficta.</strong></span> <span class='ocrx_word' id='word_1_13' title='bbox 1047 338 1170 391; x_wconf 79' lang='lat' dir='ltr'><strong>Quas</strong></span> <span class='ocrx_word' id='word_1_14' title='bbox 1190 353 1260 381; x_wconf 91' lang='lat' dir='ltr'><strong>res</strong></span> <span class='ocrx_word' id='word_1_15' title='bbox 1280 338 1476 382; x_wconf 87' lang='lat' dir='ltr'><strong>arbitror</strong></span> <span class='ocrx_word' id='word_1_16' title='bbox 1495 339 1615 396; x_wconf 88' lang='lat' dir='ltr'><strong>apud</strong></span> <span class='ocrx_word' id='word_1_17' title='bbox 1631 353 1712 382; x_wconf 87' lang='lat' dir='ltr'><strong>nos</strong></span> 
     </span>
     <span class='ocr_line' id='line_1_3' title="bbox 228 408 1712 466; baseline -0.001 -13"><span class='ocrx_word' id='word_1_18' title='bbox 228 409 388 453; x_wconf 92' lang='lat' dir='ltr'><strong>debere</strong></span> <span class='ocrx_word' id='word_1_19' title='bbox 409 409 492 452; x_wconf 88' lang='lat' dir='ltr'><strong>sub</strong></span> <span class='ocrx_word' id='word_1_20' title='bbox 513 408 706 451; x_wconf 90' lang='lat' dir='ltr'><strong>ueritate</strong></span> <span class='ocrx_word' id='word_1_21' title='bbox 725 408 833 466; x_wconf 91' lang='lat' dir='ltr'><strong>geri.</strong></span> <span class='ocrx_word' id='word_1_22' title='bbox 893 408 999 451; x_wconf 90' lang='lat' dir='ltr'><strong>Non</strong></span> <span class='ocrx_word' id='word_1_23' title='bbox 1026 408 1179 465; x_wconf 87' lang='lat' dir='ltr'><strong>itaque</strong></span> <span class='ocrx_word' id='word_1_24' title='bbox 1205 410 1277 451; x_wconf 88' lang='lat' dir='ltr'><strong>sat</strong></span> <span class='ocrx_word' id='word_1_25' title='bbox 1299 410 1367 451; x_wconf 91' lang='lat' dir='ltr'><strong>est</strong></span> <span class='ocrx_word' id='word_1_26' title='bbox 1394 411 1439 451; x_wconf 92' lang='lat' dir='ltr'><strong>te</strong></span> <span class='ocrx_word' id='word_1_27' title='bbox 1458 408 1595 452; x_wconf 85' lang='lat' dir='ltr'><strong>talem</strong></span> <span class='ocrx_word' id='word_1_28' title='bbox 1617 423 1712 452; x_wconf 90' lang='lat' dir='ltr'><strong>esse</strong></span> 
     </span>
     <span class='ocr_line' id='line_1_4' title="bbox 228 478 1713 532; baseline 0 -10"><span class='ocrx_word' id='word_1_29' title='bbox 228 479 306 522; x_wconf 91' lang='lat' dir='ltr'><strong>sed</strong></span> <span class='ocrx_word' id='word_1_30' title='bbox 332 494 484 523; x_wconf 90' lang='lat' dir='ltr'><strong>omnes</strong></span> <span class='ocrx_word' id='word_1_31' title='bbox 511 478 714 521; x_wconf 87' lang='lat' dir='ltr'><strong>absolute</strong></span> <span class='ocrx_word' id='word_1_32' title='bbox 741 478 857 522; x_wconf 90' lang='lat' dir='ltr'><strong>circa</strong></span> <span class='ocrx_word' id='word_1_33' title='bbox 889 478 1114 521; x_wconf 85' lang='lat' dir='ltr'><strong>Galatiam</strong></span> <span class='ocrx_word' id='word_1_34' title='bbox 1146 478 1407 522; x_wconf 91' lang='lat' dir='ltr'><strong>sacerdotes.</strong></span> <span class='ocrx_word' id='word_1_35' title='bbox 1478 478 1600 532; x_wconf 80' lang='lat' dir='ltr'><strong>Quos</strong></span> <span class='ocrx_word' id='word_1_36' title='bbox 1631 481 1713 522; x_wconf 85' lang='lat' dir='ltr'><strong>aut</strong></span> 
     </span>
     <span class='ocr_line' id='line_1_5' title="bbox 75 548 1711 607; baseline -0.001 -14"><span class='ocrx_word' id='word_1_37' title='bbox 75 553 160 603; x_wconf 87' lang='lat'><strong>804</strong></span> <span class='ocrx_word' id='word_1_38' title='bbox 179 565 210 594; x_wconf 89' lang='lat' dir='ltr'><strong>a</strong></span> <span class='ocrx_word' id='word_1_39' title='bbox 227 549 462 607; x_wconf 88' lang='lat' dir='ltr'><strong>deprecare</strong></span> <span class='ocrx_word' id='word_1_40' title='bbox 492 551 574 591; x_wconf 91' lang='lat' dir='ltr'><strong>aut</strong></span> <span class='ocrx_word' id='word_1_41' title='bbox 602 548 776 591; x_wconf 89' lang='lat' dir='ltr'><strong>ratione</strong></span> <span class='ocrx_word' id='word_1_42' title='bbox 805 549 933 592; x_wconf 88' lang='lat' dir='ltr'><strong>flecte</strong></span> <span class='ocrx_word' id='word_1_43' title='bbox 963 551 1044 591; x_wconf 89' lang='lat' dir='ltr'><strong>aut</strong></span> <span class='ocrx_word' id='word_1_44' title='bbox 1073 551 1191 592; x_wconf 88' lang='lat' dir='ltr'><strong>certe</strong></span> <span class='ocrx_word' id='word_1_45' title='bbox 1219 548 1487 591; x_wconf 73' lang='lat' dir='ltr'><strong>festinanter</strong></span> <span class='ocrx_word' id='word_1_46' title='bbox 1515 563 1541 592; x_wconf 86' lang='lat' dir='ltr'><strong>a</strong></span> <span class='ocrx_word' id='word_1_47' title='bbox 1572 563 1711 591; x_wconf 88' lang='lat' dir='ltr'><strong>sacer-</strong></span> 
     </span>
     <span class='ocr_line' id='line_1_6' title="bbox 226 617 1748 676; baseline 0 -14"><span class='ocrx_word' id='word_1_48' title='bbox 226 619 366 663; x_wconf 88' lang='lat' dir='ltr'><strong>dotali</strong></span> <span class='ocrx_word' id='word_1_49' title='bbox 392 618 642 662; x_wconf 86' lang='lat' dir='ltr'><strong>ministerio</strong></span> <span class='ocrx_word' id='word_1_50' title='bbox 668 633 859 671; x_wconf 91' lang='lat' dir='ltr'><strong>remoue,</strong></span> <span class='ocrx_word' id='word_1_51' title='bbox 879 618 967 661; x_wconf 91' lang='lat' dir='ltr'><strong>nisi</strong></span> <span class='ocrx_word' id='word_1_52' title='bbox 997 618 1084 661; x_wconf 92' lang='lat' dir='ltr'><strong>diis</strong></span> <span class='ocrx_word' id='word_1_53' title='bbox 1110 633 1211 662; x_wconf 92' lang='lat' dir='ltr'><strong>cum</strong></span> <span class='ocrx_word' id='word_1_54' title='bbox 1238 618 1501 676; x_wconf 88' lang='lat' dir='ltr'><strong>coniugibus</strong></span> <span class='ocrx_word' id='word_1_55' title='bbox 1531 620 1576 661; x_wconf 94' lang='lat' dir='ltr'><strong>et</strong></span> <span class='ocrx_word' id='word_1_56' title='bbox 1605 617 1710 661; x_wconf 90' lang='lat' dir='ltr'><strong>filiis</strong></span> <span class='ocrx_word' id='word_1_57' title='bbox 1729 627 1748 662; x_wconf 86' lang='lat'>⁵</span> 
     </span>
     <span class='ocr_line' id='line_1_7' title="bbox 224 687 1709 746; baseline -0.001 -14"><span class='ocrx_word' id='word_1_58' title='bbox 224 692 360 746; x_wconf 90' lang='lat' dir='ltr'><strong>atque</strong></span> <span class='ocrx_word' id='word_1_59' title='bbox 381 688 523 731; x_wconf 88' lang='lat' dir='ltr'><strong>seruis</strong></span> <span class='ocrx_word' id='word_1_60' title='bbox 550 688 662 731; x_wconf 89' lang='lat' dir='ltr'><strong>colla</strong></span> <span class='ocrx_word' id='word_1_61' title='bbox 690 688 992 741; x_wconf 75' lang='lat' dir='ltr'><strong>submiserint,</strong></span> <span class='ocrx_word' id='word_1_62' title='bbox 1014 703 1105 731; x_wconf 87' lang='lat' dir='ltr'><strong>non</strong></span> <span class='ocrx_word' id='word_1_63' title='bbox 1126 687 1322 732; x_wconf 83' lang='lat' dir='ltr'><strong>ferentes</strong></span> <span class='ocrx_word' id='word_1_64' title='bbox 1345 688 1536 732; x_wconf 88' lang='lat' dir='ltr'><strong>ulterius</strong></span> <span class='ocrx_word' id='word_1_65' title='bbox 1556 702 1709 731; x_wconf 90' lang='lat' dir='ltr'><strong>eorum</strong></span> 
     </span>
     <span class='ocr_line' id='line_1_8' title="bbox 223 758 1711 816; baseline 0 -14"><span class='ocrx_word' id='word_1_66' title='bbox 223 774 375 802; x_wconf 91' lang='lat' dir='ltr'><strong>seruos</strong></span> <span class='ocrx_word' id='word_1_67' title='bbox 408 762 488 802; x_wconf 87' lang='lat' dir='ltr'><strong>aut</strong></span> <span class='ocrx_word' id='word_1_68' title='bbox 527 758 642 802; x_wconf 90' lang='lat' dir='ltr'><strong>filios</strong></span> <span class='ocrx_word' id='word_1_69' title='bbox 682 759 765 802; x_wconf 95' lang='grc'><strong>1100</strong></span> <span class='ocrx_word' id='word_1_70' title='bbox 805 758 951 802; x_wconf 80' lang='lat' dir='ltr'><strong>faeere</strong></span> <span class='ocrx_word' id='word_1_71' title='bbox 990 761 1355 816; x_wconf 72' lang='lat' dir='ltr'><strong>contempnentes</strong></span> <span class='ocrx_word' id='word_1_72' title='bbox 1395 760 1476 801; x_wconf 87' lang='lat' dir='ltr'><strong>aut</strong></span> <span class='ocrx_word' id='word_1_73' title='bbox 1515 758 1711 802; x_wconf 84' lang='lat' dir='ltr'><strong>Galileos</strong></span> 
     </span>
     <span class='ocr_line' id='line_1_9' title="bbox 222 829 1707 888; baseline -0.001 -16"><span class='ocrx_word' id='word_1_74' title='bbox 222 830 359 888; x_wconf 89' lang='lat' dir='ltr'><strong>impie</strong></span> <span class='ocrx_word' id='word_1_75' title='bbox 389 832 545 874; x_wconf 89' lang='lat' dir='ltr'><strong>contra</strong></span> <span class='ocrx_word' id='word_1_76' title='bbox 575 829 679 873; x_wconf 92' lang='lat' dir='ltr'><strong>deos</strong></span> <span class='ocrx_word' id='word_1_77' title='bbox 710 833 893 888; x_wconf 84' lang='lat' dir='ltr'><strong>agentes</strong></span> <span class='ocrx_word' id='word_1_78' title='bbox 924 833 970 873; x_wconf 90' lang='lat' dir='ltr'><strong>et</strong></span> <span class='ocrx_word' id='word_1_79' title='bbox 1009 829 1263 887; x_wconf 83' lang='lat' dir='ltr'><strong>impietates</strong></span> <span class='ocrx_word' id='word_1_80' title='bbox 1298 829 1542 887; x_wconf 89' lang='lat' dir='ltr'><strong>pietatibus</strong></span> <span class='ocrx_word' id='word_1_81' title='bbox 1581 843 1707 886; x_wconf 87' lang='lat' dir='ltr'><strong>prae-</strong></span> 
     </span>
     <span class='ocr_line' id='line_1_10' title="bbox 220 898 1708 958; baseline -0.001 -15"><span class='ocrx_word' id='word_1_82' title='bbox 220 903 450 957; x_wconf 89' lang='lat' dir='ltr'><strong>ponentes.</strong></span> <span class='ocrx_word' id='word_1_83' title='bbox 509 900 682 943; x_wconf 90' lang='lat' dir='ltr'><strong>Deinde</strong></span> <span class='ocrx_word' id='word_1_84' title='bbox 716 902 899 943; x_wconf 88' lang='lat' dir='ltr'><strong>cunctos</strong></span> <span class='ocrx_word' id='word_1_85' title='bbox 932 900 1120 943; x_wconf 85' lang='lat' dir='ltr'><strong>admone</strong></span> <span class='ocrx_word' id='word_1_86' title='bbox 1152 902 1205 943; x_wconf 93' lang='lat' dir='ltr'><strong>ut</strong></span> <span class='ocrx_word' id='word_1_87' title='bbox 1237 899 1439 958; x_wconf 84' lang='lat' dir='ltr'><strong>sacerdos</strong></span> <span class='ocrx_word' id='word_1_88' title='bbox 1471 913 1615 956; x_wconf 90' lang='lat' dir='ltr'><strong>neque</strong></span> <span class='ocrx_word' id='word_1_89' title='bbox 1649 898 1708 942; x_wconf 89' lang='lat' dir='ltr'><strong>ad</strong></span> 
     </span>
     <span class='ocr_line' id='line_1_11' title="bbox 219 969 1774 1028; baseline -0.003 -15"><span class='ocrx_word' id='word_1_90' title='bbox 219 970 473 1027; x_wconf 88' lang='lat' dir='ltr'><strong>spectacula</strong></span> <span class='ocrx_word' id='word_1_91' title='bbox 506 970 718 1028; x_wconf 88' lang='lat' dir='ltr'><strong>procedat</strong></span> <span class='ocrx_word' id='word_1_92' title='bbox 752 985 896 1028; x_wconf 88' lang='lat' dir='ltr'><strong>neque</strong></span> <span class='ocrx_word' id='word_1_93' title='bbox 928 970 976 1013; x_wconf 92' lang='lat' dir='ltr'><strong>in</strong></span> <span class='ocrx_word' id='word_1_94' title='bbox 1011 970 1210 1014; x_wconf 88' lang='lat' dir='ltr'><strong>tabernis</strong></span> <span class='ocrx_word' id='word_1_95' title='bbox 1245 970 1372 1013; x_wconf 86' lang='lat' dir='ltr'><strong>bibat</strong></span> <span class='ocrx_word' id='word_1_96' title='bbox 1409 971 1492 1013; x_wconf 90' lang='lat' dir='ltr'><strong>aut</strong></span> <span class='ocrx_word' id='word_1_97' title='bbox 1523 969 1708 1012; x_wconf 84' lang='lat' dir='ltr'><strong>cuilibet</strong></span> <span class='ocrx_word' id='word_1_98' title='bbox 1729 984 1774 1009; x_wconf 80' lang='grc' dir='ltr'><strong>ιο</strong></span> 
     </span>
     <span class='ocr_line' id='line_1_12' title="bbox 219 1039 1707 1098; baseline -0.001 -15"><span class='ocrx_word' id='word_1_99' title='bbox 219 1040 308 1083; x_wconf 86' lang='lat' dir='ltr'><strong>arti</strong></span> <span class='ocrx_word' id='word_1_100' title='bbox 338 1041 634 1098; x_wconf 88' lang='lat' dir='ltr'><strong>operibusque</strong></span> <span class='ocrx_word' id='word_1_101' title='bbox 663 1041 872 1098; x_wconf 84' lang='lat' dir='ltr'><strong>turpibus</strong></span> <span class='ocrx_word' id='word_1_102' title='bbox 903 1044 984 1084; x_wconf 88' lang='lat' dir='ltr'><strong>aut</strong></span> <span class='ocrx_word' id='word_1_103' title='bbox 1012 1040 1348 1098; x_wconf 91' lang='lat' dir='ltr'><strong>impudentibus</strong></span> <span class='ocrx_word' id='word_1_104' title='bbox 1378 1039 1556 1097; x_wconf 89' lang='lat' dir='ltr'><strong>praesit.</strong></span> <span class='ocrx_word' id='word_1_105' title='bbox 1618 1039 1707 1092; x_wconf 80' lang='lat' dir='ltr'><strong>Qui</strong></span> 
     </span>
     <span class='ocr_line' id='line_1_13' title="bbox 219 1109 1705 1168; baseline -0.001 -14"><span class='ocrx_word' id='word_1_106' title='bbox 219 1111 435 1154; x_wconf 91' lang='lat' dir='ltr'><strong>obediunt</strong></span> <span class='ocrx_word' id='word_1_107' title='bbox 479 1111 767 1163; x_wconf 88' lang='lat' dir='ltr'><strong>honorentur,</strong></span> <span class='ocrx_word' id='word_1_108' title='bbox 806 1111 1113 1154; x_wconf 89' lang='lat' dir='ltr'><strong>inobedientes</strong></span> <span class='ocrx_word' id='word_1_109' title='bbox 1154 1110 1336 1168; x_wconf 84' lang='lat' dir='ltr'><strong>expelle.</strong></span> <span class='ocrx_word' id='word_1_110' title='bbox 1415 1109 1705 1153; x_wconf 86' lang='lat' dir='ltr'><strong>Xenodochia</strong></span> 
     </span>
     <span class='ocr_line' id='line_1_14' title="bbox 217 1180 1708 1239; baseline -0.001 -15"><span class='ocrx_word' id='word_1_111' title='bbox 217 1180 440 1225; x_wconf 86' lang='lat' dir='ltr'><strong>constitue</strong></span> <span class='ocrx_word' id='word_1_112' title='bbox 456 1196 536 1238; x_wconf 90' lang='lat' dir='ltr'><strong>per</strong></span> <span class='ocrx_word' id='word_1_113' title='bbox 550 1181 750 1239; x_wconf 88' lang='lat' dir='ltr'><strong>singulas</strong></span> <span class='ocrx_word' id='word_1_114' title='bbox 766 1181 986 1232; x_wconf 88' lang='lat' dir='ltr'><strong>ciuitates,</strong></span> <span class='ocrx_word' id='word_1_115' title='bbox 999 1185 1051 1224; x_wconf 90' lang='lat' dir='ltr'><strong>ut</strong></span> <span class='ocrx_word' id='word_1_116' title='bbox 1063 1184 1217 1225; x_wconf 89' lang='lat' dir='ltr'><strong>nostra</strong></span> <span class='ocrx_word' id='word_1_117' title='bbox 1233 1180 1458 1239; x_wconf 89' lang='lat' dir='ltr'><strong>peregrini</strong></span> <span class='ocrx_word' id='word_1_118' title='bbox 1470 1180 1708 1223; x_wconf 85' lang='lat' dir='ltr'><strong>clementia</strong></span> 
     </span>
     <span class='ocr_line' id='line_1_15' title="bbox 217 1250 1709 1308; baseline -0.001 -14"><span class='ocrx_word' id='word_1_119' title='bbox 217 1250 442 1303; x_wconf 86' lang='lat' dir='ltr'><strong>fruantur,</strong></span> <span class='ocrx_word' id='word_1_120' title='bbox 475 1266 565 1294; x_wconf 90' lang='lat' dir='ltr'><strong>non</strong></span> <span class='ocrx_word' id='word_1_121' title='bbox 597 1254 776 1294; x_wconf 90' lang='lat' dir='ltr'><strong>tantum</strong></span> <span class='ocrx_word' id='word_1_122' title='bbox 811 1252 967 1304; x_wconf 88' lang='lat' dir='ltr'><strong>nostri,</strong></span> <span class='ocrx_word' id='word_1_123' title='bbox 999 1251 1077 1294; x_wconf 89' lang='lat' dir='ltr'><strong>sed</strong></span> <span class='ocrx_word' id='word_1_124' title='bbox 1109 1251 1246 1294; x_wconf 89' lang='lat' dir='ltr'><strong>etiam</strong></span> <span class='ocrx_word' id='word_1_125' title='bbox 1278 1250 1481 1294; x_wconf 81' lang='lat' dir='ltr'><strong>extranei</strong></span> <span class='ocrx_word' id='word_1_126' title='bbox 1515 1250 1709 1308; x_wconf 86' lang='lat' dir='ltr'><strong>pecunia</strong></span> 
     </span>
     <span class='ocr_line' id='line_1_16' title="bbox 217 1320 1765 1379; baseline -0.002 -15"><span class='ocrx_word' id='word_1_127' title='bbox 217 1321 481 1379; x_wconf 84' lang='lat' dir='ltr'><strong>indigentes.</strong></span> <span class='ocrx_word' id='word_1_128' title='bbox 542 1321 605 1364; x_wconf 90' lang='lat' dir='ltr'><strong>Vt</strong></span> <span class='ocrx_word' id='word_1_129' title='bbox 629 1321 793 1364; x_wconf 91' lang='lat' dir='ltr'><strong>habeas</strong></span> <span class='ocrx_word' id='word_1_130' title='bbox 823 1321 942 1364; x_wconf 89' lang='lat' dir='ltr'><strong>unde</strong></span> <span class='ocrx_word' id='word_1_131' title='bbox 972 1322 1065 1374; x_wconf 89' lang='lat' dir='ltr'><strong>fiat,</strong></span> <span class='ocrx_word' id='word_1_132' title='bbox 1094 1321 1276 1364; x_wconf 90' lang='lat' dir='ltr'><strong>interim</strong></span> <span class='ocrx_word' id='word_1_133' title='bbox 1307 1320 1483 1364; x_wconf 90' lang='lat' dir='ltr'><strong>decreui</strong></span> <span class='ocrx_word' id='word_1_134' title='bbox 1514 1320 1703 1379; x_wconf 87' lang='lat' dir='ltr'><strong>singulis</strong></span> <span class='ocrx_word' id='word_1_135' title='bbox 1723 1337 1765 1372; x_wconf 86' lang='lat'><strong>15</strong></span> 
     </span>
     <span class='ocr_line' id='line_1_17' title="bbox 220 1390 1702 1449; baseline 0 -16"><span class='ocrx_word' id='word_1_136' title='bbox 220 1391 351 1434; x_wconf 88' lang='lat' dir='ltr'><strong>annis</strong></span> <span class='ocrx_word' id='word_1_137' title='bbox 390 1391 581 1448; x_wconf 90' lang='lat' dir='ltr'><strong>triginta</strong></span> <span class='ocrx_word' id='word_1_138' title='bbox 624 1391 749 1434; x_wconf 87' lang='lat' dir='ltr'><strong>milia</strong></span> <span class='ocrx_word' id='word_1_139' title='bbox 789 1391 930 1435; x_wconf 89' lang='lat' dir='ltr'><strong>tritici</strong></span> <span class='ocrx_word' id='word_1_140' title='bbox 970 1392 1141 1435; x_wconf 90' lang='lat' dir='ltr'><strong>modios</strong></span> <span class='ocrx_word' id='word_1_141' title='bbox 1180 1407 1260 1449; x_wconf 91' lang='lat' dir='ltr'><strong>per</strong></span> <span class='ocrx_word' id='word_1_142' title='bbox 1299 1391 1557 1434; x_wconf 89' lang='lat' dir='ltr'><strong>uniuersam</strong></span> <span class='ocrx_word' id='word_1_143' title='bbox 1603 1390 1702 1433; x_wconf 90' lang='lat' dir='ltr'><strong>dari</strong></span> 
     </span>
    </p>

    <p class='ocr_par' dir='ltr' id='par_1_3' title="bbox 172 1460 1765 2362">
     <span class='ocr_line' id='line_1_18' title="bbox 172 1460 1704 1519; baseline 0.001 -17"><span class='ocrx_word' id='word_1_144' title='bbox 172 1462 202 1501; x_wconf 92' lang='lat' dir='ltr'><strong>b</strong></span> <span class='ocrx_word' id='word_1_145' title='bbox 222 1460 446 1504; x_wconf 86' lang='lat' dir='ltr'><strong>Galatiam</strong></span> <span class='ocrx_word' id='word_1_146' title='bbox 468 1463 514 1504; x_wconf 93' lang='lat' dir='ltr'><strong>et</strong></span> <span class='ocrx_word' id='word_1_147' title='bbox 534 1461 770 1519; x_wconf 85' lang='lat' dir='ltr'><strong>sexaginta</strong></span> <span class='ocrx_word' id='word_1_148' title='bbox 790 1461 915 1504; x_wconf 88' lang='lat' dir='ltr'><strong>milia</strong></span> <span class='ocrx_word' id='word_1_149' title='bbox 935 1462 1031 1504; x_wconf 92' lang='lat' dir='ltr'><strong>uini</strong></span> <span class='ocrx_word' id='word_1_150' title='bbox 1056 1461 1284 1504; x_wconf 86' lang='lat' dir='ltr'><strong>sextarios.</strong></span> <span class='ocrx_word' id='word_1_151' title='bbox 1347 1461 1523 1504; x_wconf 86' lang='lat' dir='ltr'><strong>Horum</strong></span> <span class='ocrx_word' id='word_1_152' title='bbox 1543 1461 1704 1518; x_wconf 89' lang='lat' dir='ltr'><strong>quinta</strong></span> 
     </span>
     <span class='ocr_line' id='line_1_19' title="bbox 217 1530 1704 1589; baseline -0.001 -15"><span class='ocrx_word' id='word_1_153' title='bbox 217 1545 323 1588; x_wconf 88' lang='lat' dir='ltr'><strong>pars</strong></span> <span class='ocrx_word' id='word_1_154' title='bbox 343 1531 614 1589; x_wconf 89' lang='lat' dir='ltr'><strong>pauperibus</strong></span> <span class='ocrx_word' id='word_1_155' title='bbox 634 1531 802 1588; x_wconf 88' lang='lat' dir='ltr'><strong>templa</strong></span> <span class='ocrx_word' id='word_1_156' title='bbox 814 1532 1156 1575; x_wconf 86' lang='lat' dir='ltr'><strong>obseruantibus</strong></span> <span class='ocrx_word' id='word_1_157' title='bbox 1169 1531 1302 1574; x_wconf 88' lang='lat' dir='ltr'><strong>debet</strong></span> <span class='ocrx_word' id='word_1_158' title='bbox 1314 1531 1517 1589; x_wconf 89' lang='lat' dir='ltr'><strong>expendi,</strong></span> <span class='ocrx_word' id='word_1_159' title='bbox 1530 1530 1704 1587; x_wconf 85' lang='lat' dir='ltr'><strong>reliqua</strong></span> 
     </span>
     <span class='ocr_line' id='line_1_20' title="bbox 217 1601 1701 1659; baseline -0.001 -15"><span class='ocrx_word' id='word_1_160' title='bbox 217 1602 466 1659; x_wconf 82' lang='lat' dir='ltr'><strong>peregrinis</strong></span> <span class='ocrx_word' id='word_1_161' title='bbox 497 1601 892 1659; x_wconf 88' lang='lat' dir='ltr'><strong>indigentibusque</strong></span> <span class='ocrx_word' id='word_1_162' title='bbox 932 1602 1154 1645; x_wconf 84' lang='lat' dir='ltr'><strong>distribui.</strong></span> <span class='ocrx_word' id='word_1_163' title='bbox 1226 1602 1375 1659; x_wconf 85' lang='lat' dir='ltr'><strong>Turpe</strong></span> <span class='ocrx_word' id='word_1_164' title='bbox 1406 1616 1599 1658; x_wconf 88' lang='lat' dir='ltr'><strong>namque</strong></span> <span class='ocrx_word' id='word_1_165' title='bbox 1632 1603 1701 1644; x_wconf 89' lang='lat' dir='ltr'><strong>est</strong></span> 
     </span>
     <span class='ocr_line' id='line_1_21' title="bbox 216 1671 1765 1730; baseline -0.002 -16"><span class='ocrx_word' id='word_1_166' title='bbox 216 1674 270 1714; x_wconf 91' lang='lat' dir='ltr'><strong>ut</strong></span> <span class='ocrx_word' id='word_1_167' title='bbox 297 1671 459 1714; x_wconf 89' lang='lat' dir='ltr'><strong>Iudeos</strong></span> <span class='ocrx_word' id='word_1_168' title='bbox 485 1686 575 1715; x_wconf 90' lang='lat' dir='ltr'><strong>non</strong></span> <span class='ocrx_word' id='word_1_169' title='bbox 603 1671 799 1715; x_wconf 89' lang='lat' dir='ltr'><strong>abiciant</strong></span> <span class='ocrx_word' id='word_1_170' title='bbox 818 1671 896 1714; x_wconf 93' lang='lat' dir='ltr'><strong>sed</strong></span> <span class='ocrx_word' id='word_1_171' title='bbox 922 1672 1072 1729; x_wconf 89' lang='lat' dir='ltr'><strong>potius</strong></span> <span class='ocrx_word' id='word_1_172' title='bbox 1092 1672 1299 1715; x_wconf 89' lang='lat' dir='ltr'><strong>nutriant</strong></span> <span class='ocrx_word' id='word_1_173' title='bbox 1325 1672 1453 1730; x_wconf 90' lang='lat' dir='ltr'><strong>impii</strong></span> <span class='ocrx_word' id='word_1_174' title='bbox 1474 1671 1635 1714; x_wconf 87' lang='lat' dir='ltr'><strong>Galilei</strong></span> <span class='ocrx_word' id='word_1_175' title='bbox 1655 1674 1702 1714; x_wconf 91' lang='lat' dir='ltr'><strong>et</strong></span> <span class='ocrx_word' id='word_1_176' title='bbox 1722 1686 1765 1710; x_wconf 66' lang='grc' dir='ltr'><strong>πο</strong></span> 
     </span>
     <span class='ocr_line' id='line_1_22' title="bbox 217 1741 1700 1799; baseline -0.001 -15"><span class='ocrx_word' id='word_1_177' title='bbox 217 1755 320 1784; x_wconf 87' lang='lat' dir='ltr'><strong>suos</strong></span> <span class='ocrx_word' id='word_1_178' title='bbox 345 1741 516 1799; x_wconf 89' lang='lat' dir='ltr'><strong>pariter</strong></span> <span class='ocrx_word' id='word_1_179' title='bbox 541 1756 621 1785; x_wconf 91' lang='lat' dir='ltr'><strong>nec</strong></span> <span class='ocrx_word' id='word_1_180' title='bbox 648 1756 739 1784; x_wconf 91' lang='lat' dir='ltr'><strong>non</strong></span> <span class='ocrx_word' id='word_1_181' title='bbox 767 1742 903 1785; x_wconf 90' lang='lat' dir='ltr'><strong>etiam</strong></span> <span class='ocrx_word' id='word_1_182' title='bbox 928 1745 1115 1794; x_wconf 85' lang='lat' dir='ltr'><strong>nostros,</strong></span> <span class='ocrx_word' id='word_1_183' title='bbox 1142 1742 1285 1785; x_wconf 88' lang='lat' dir='ltr'><strong>nostri</strong></span> <span class='ocrx_word' id='word_1_184' title='bbox 1309 1757 1417 1785; x_wconf 93' lang='lat' dir='ltr'><strong>uero</strong></span> <span class='ocrx_word' id='word_1_185' title='bbox 1444 1744 1700 1785; x_wconf 86' lang='lat' dir='ltr'><strong>nostrorum</strong></span> 
     </span>
     <span class='ocr_line' id='line_1_23' title="bbox 215 1811 1702 1870; baseline 0.001 -16"><span class='ocrx_word' id='word_1_186' title='bbox 215 1811 376 1855; x_wconf 89' lang='lat' dir='ltr'><strong>solatio</strong></span> <span class='ocrx_word' id='word_1_187' title='bbox 426 1811 699 1855; x_wconf 85' lang='lat' dir='ltr'><strong>deserantur.</strong></span> <span class='ocrx_word' id='word_1_188' title='bbox 781 1812 1064 1870; x_wconf 79' lang='lat' dir='ltr'><strong>Quapropter</strong></span> <span class='ocrx_word' id='word_1_189' title='bbox 1103 1813 1209 1856; x_wconf 92' lang='lat' dir='ltr'><strong>doce</strong></span> <span class='ocrx_word' id='word_1_190' title='bbox 1259 1812 1395 1856; x_wconf 89' lang='lat' dir='ltr'><strong>etiam</strong></span> <span class='ocrx_word' id='word_1_191' title='bbox 1444 1811 1702 1855; x_wconf 87' lang='lat' dir='ltr'><strong>collationes</strong></span> 
     </span>
     <span class='ocr_line' id='line_1_24' title="bbox 214 1880 1701 1940; baseline 0.001 -17"><span class='ocrx_word' id='word_1_192' title='bbox 214 1880 361 1925; x_wconf 82' lang='lat' dir='ltr'><strong>facere</strong></span> <span class='ocrx_word' id='word_1_193' title='bbox 401 1896 599 1939; x_wconf 88' lang='lat' dir='ltr'><strong>paganos</strong></span> <span class='ocrx_word' id='word_1_194' title='bbox 638 1881 696 1924; x_wconf 89' lang='lat' dir='ltr'><strong>ad</strong></span> <span class='ocrx_word' id='word_1_195' title='bbox 736 1882 847 1925; x_wconf 86' lang='lat' dir='ltr'><strong>talia</strong></span> <span class='ocrx_word' id='word_1_196' title='bbox 886 1883 1136 1926; x_wconf 86' lang='lat' dir='ltr'><strong>ministeria</strong></span> <span class='ocrx_word' id='word_1_197' title='bbox 1175 1897 1538 1940; x_wconf 88' lang='lat' dir='ltr'><strong>paganorumque</strong></span> <span class='ocrx_word' id='word_1_198' title='bbox 1579 1882 1701 1925; x_wconf 90' lang='lat' dir='ltr'><strong>uicos</strong></span> 
     </span>
     <span class='ocr_line' id='line_1_25' title="bbox 212 1951 1701 2010; baseline 0 -16"><span class='ocrx_word' id='word_1_199' title='bbox 212 1952 370 1994; x_wconf 87' lang='lat' dir='ltr'><strong>offerre</strong></span> <span class='ocrx_word' id='word_1_200' title='bbox 409 1952 634 2009; x_wconf 88' lang='lat' dir='ltr'><strong>primitias</strong></span> <span class='ocrx_word' id='word_1_201' title='bbox 674 1952 870 2010; x_wconf 82' lang='lat' dir='ltr'><strong>frugum.</strong></span> <span class='ocrx_word' id='word_1_202' title='bbox 943 1953 1118 2010; x_wconf 89' lang='lat' dir='ltr'><strong>Eosque</strong></span> <span class='ocrx_word' id='word_1_203' title='bbox 1158 1952 1413 1996; x_wconf 90' lang='lat' dir='ltr'><strong>huiusmodi</strong></span> <span class='ocrx_word' id='word_1_204' title='bbox 1454 1951 1701 1995; x_wconf 87' lang='lat' dir='ltr'><strong>benefactis</strong></span> 
     </span>
     <span class='ocr_line' id='line_1_26' title="bbox 215 2021 1762 2081; baseline 0.001 -18"><span class='ocrx_word' id='word_1_205' title='bbox 215 2021 404 2065; x_wconf 90' lang='lat' dir='ltr'><strong>institue</strong></span> <span class='ocrx_word' id='word_1_206' title='bbox 453 2022 615 2066; x_wconf 89' lang='lat' dir='ltr'><strong>docens</strong></span> <span class='ocrx_word' id='word_1_207' title='bbox 665 2037 739 2066; x_wconf 88' lang='lat' dir='ltr'><strong>eos</strong></span> <span class='ocrx_word' id='word_1_208' title='bbox 788 2023 871 2066; x_wconf 90' lang='grc'><strong>1100</strong></span> <span class='ocrx_word' id='word_1_209' title='bbox 920 2038 1032 2081; x_wconf 92' lang='lat' dir='ltr'><strong>opus</strong></span> <span class='ocrx_word' id='word_1_210' title='bbox 1082 2023 1188 2066; x_wconf 91' lang='lat' dir='ltr'><strong>olim</strong></span> <span class='ocrx_word' id='word_1_211' title='bbox 1242 2022 1381 2066; x_wconf 83' lang='lat' dir='ltr'><strong>fuisse</strong></span> <span class='ocrx_word' id='word_1_212' title='bbox 1433 2025 1698 2065; x_wconf 88' lang='lat' dir='ltr'><strong>nostrorum.</strong></span> <span class='ocrx_word' id='word_1_213' title='bbox 1722 2039 1762 2074; x_wconf 85' lang='lat'><strong>²5</strong></span> 
     </span>
     <span class='ocr_line' id='line_1_27' title="bbox 216 2091 1702 2150; baseline -0.001 -15"><span class='ocrx_word' id='word_1_214' title='bbox 216 2091 441 2135; x_wconf 90' lang='lat' dir='ltr'><strong>Homerus</strong></span> <span class='ocrx_word' id='word_1_215' title='bbox 483 2092 601 2135; x_wconf 87' lang='lat' dir='ltr'><strong>enim</strong></span> <span class='ocrx_word' id='word_1_216' title='bbox 643 2093 726 2136; x_wconf 89' lang='lat' dir='ltr'><strong>hoc</strong></span> <span class='ocrx_word' id='word_1_217' title='bbox 768 2094 930 2150; x_wconf 87' lang='lat' dir='ltr'><strong>probat</strong></span> <span class='ocrx_word' id='word_1_218' title='bbox 978 2094 1264 2136; x_wconf 90' lang='lat' dir='ltr'><strong>introducens</strong></span> <span class='ocrx_word' id='word_1_219' title='bbox 1310 2092 1546 2135; x_wconf 90' lang='lat' dir='ltr'><strong>Emenium</strong></span> <span class='ocrx_word' id='word_1_220' title='bbox 1590 2092 1702 2135; x_wconf 85' lang='lat' dir='ltr'><strong>talia</strong></span> 
     </span>
     <span class='ocr_line' id='line_1_28' title="bbox 215 2161 1700 2220; baseline 0.001 -16"><span class='ocrx_word' id='word_1_221' title='bbox 215 2161 467 2206; x_wconf 82' lang='lat' dir='ltr'><strong>facientem.</strong></span> <span class='ocrx_word' id='word_1_222' title='bbox 528 2162 624 2206; x_wconf 92' lang='lat' dir='ltr'><strong>Nos</strong></span> <span class='ocrx_word' id='word_1_223' title='bbox 645 2178 750 2220; x_wconf 88' lang='lat' dir='ltr'><strong>ergo</strong></span> <span class='ocrx_word' id='word_1_224' title='bbox 781 2178 924 2220; x_wconf 93' lang='lat' dir='ltr'><strong>neque</strong></span> <span class='ocrx_word' id='word_1_225' title='bbox 944 2163 1061 2206; x_wconf 90' lang='lat' dir='ltr'><strong>bona</strong></span> <span class='ocrx_word' id='word_1_226' title='bbox 1080 2166 1336 2206; x_wconf 90' lang='lat' dir='ltr'><strong>nostrorum</strong></span> <span class='ocrx_word' id='word_1_227' title='bbox 1356 2163 1599 2215; x_wconf 89' lang='lat' dir='ltr'><strong>imitamur,</strong></span> <span class='ocrx_word' id='word_1_228' title='bbox 1621 2162 1700 2205; x_wconf 92' lang='lat' dir='ltr'><strong>sed</strong></span> 
     </span>
     <span class='ocr_line' id='line_1_29' title="bbox 214 2232 1700 2292; baseline -0.001 -17"><span class='ocrx_word' id='word_1_229' title='bbox 214 2233 315 2276; x_wconf 88' lang='lat' dir='ltr'><strong>aliis</strong></span> <span class='ocrx_word' id='word_1_230' title='bbox 355 2234 641 2287; x_wconf 86' lang='lat' dir='ltr'><strong>remittimus,</strong></span> <span class='ocrx_word' id='word_1_231' title='bbox 682 2234 957 2292; x_wconf 88' lang='lat' dir='ltr'><strong>negligentia</strong></span> <span class='ocrx_word' id='word_1_232' title='bbox 997 2249 1087 2277; x_wconf 92' lang='lat' dir='ltr'><strong>non</strong></span> <span class='ocrx_word' id='word_1_233' title='bbox 1132 2233 1318 2284; x_wconf 81' lang='lat' dir='ltr'><strong>confusi,</strong></span> <span class='ocrx_word' id='word_1_234' title='bbox 1353 2232 1498 2290; x_wconf 89' lang='lat' dir='ltr'><strong>magis</strong></span> <span class='ocrx_word' id='word_1_235' title='bbox 1547 2234 1700 2275; x_wconf 88' lang='lat' dir='ltr'><strong>autem</strong></span> 
     </span>
     <span class='ocr_line' id='line_1_30' title="bbox 214 2302 1699 2362; baseline -0.001 -16"><span class='ocrx_word' id='word_1_236' title='bbox 214 2303 399 2347; x_wconf 89' lang='lat' dir='ltr'><strong>deorum</strong></span> <span class='ocrx_word' id='word_1_237' title='bbox 421 2304 718 2347; x_wconf 86' lang='lat' dir='ltr'><strong>reuerentiam</strong></span> <span class='ocrx_word' id='word_1_238' title='bbox 746 2307 1016 2362; x_wconf 86' lang='lat' dir='ltr'><strong>respuentes.</strong></span> <span class='ocrx_word' id='word_1_239' title='bbox 1078 2303 1127 2347; x_wconf 87' lang='lat' dir='ltr'><strong>Si</strong></span> <span class='ocrx_word' id='word_1_240' title='bbox 1151 2304 1293 2362; x_wconf 86' lang='lat' dir='ltr'><strong>igitur</strong></span> <span class='ocrx_word' id='word_1_241' title='bbox 1317 2303 1425 2347; x_wconf 90' lang='lat' dir='ltr'><strong>haec</strong></span> <span class='ocrx_word' id='word_1_242' title='bbox 1455 2306 1500 2346; x_wconf 89' lang='lat' dir='ltr'><strong>te</strong></span> <span class='ocrx_word' id='word_1_243' title='bbox 1531 2302 1699 2346; x_wconf 80' lang='lat' dir='ltr'><strong>facien-</strong></span> 
     </span>
    </p>

    <p class='ocr_par' dir='ltr' id='par_1_4' title="bbox 173 2373 1762 2713">
     <span class='ocr_line' id='line_1_31' title="bbox 173 2373 1762 2432; baseline -0.001 -15"><span class='ocrx_word' id='word_1_244' title='bbox 173 2392 198 2422; x_wconf 86' lang='lat' dir='ltr'><strong>c</strong></span> <span class='ocrx_word' id='word_1_245' title='bbox 215 2378 306 2418; x_wconf 90' lang='lat' dir='ltr'><strong>tem</strong></span> <span class='ocrx_word' id='word_1_246' title='bbox 334 2389 415 2432; x_wconf 92' lang='lat' dir='ltr'><strong>ego</strong></span> <span class='ocrx_word' id='word_1_247' title='bbox 437 2389 702 2432; x_wconf 36' lang='lat' dir='ltr'><strong>*cognouer0,</strong></span> <span class='ocrx_word' id='word_1_248' title='bbox 721 2374 868 2417; x_wconf 88' lang='lat' dir='ltr'><strong>letitia</strong></span> <span class='ocrx_word' id='word_1_249' title='bbox 891 2374 1050 2431; x_wconf 88' lang='lat' dir='ltr'><strong>plenus</strong></span> <span class='ocrx_word' id='word_1_250' title='bbox 1077 2388 1164 2418; x_wconf 90' lang='lat' dir='ltr'><strong>ero.</strong></span> <span class='ocrx_word' id='word_1_251' title='bbox 1223 2373 1452 2416; x_wconf 87' lang='lat' dir='ltr'><strong>Praesides</strong></span> <span class='ocrx_word' id='word_1_252' title='bbox 1475 2373 1697 2430; x_wconf 92' lang='lat' dir='ltr'><strong>prouinci-</strong></span> <span class='ocrx_word' id='word_1_253' title='bbox 1716 2387 1762 2421; x_wconf 82' lang='lat'><strong>30</strong></span> 
     </span>
     <span class='ocr_line' id='line_1_32' title="bbox 214 2443 1696 2502; baseline -0.001 -15"><span class='ocrx_word' id='word_1_254' title='bbox 214 2459 343 2487; x_wconf 89' lang='lat' dir='ltr'><strong>arum</strong></span> <span class='ocrx_word' id='word_1_255' title='bbox 365 2445 510 2487; x_wconf 88' lang='lat' dir='ltr'><strong>rarius</strong></span> <span class='ocrx_word' id='word_1_256' title='bbox 531 2444 651 2487; x_wconf 93' lang='lat' dir='ltr'><strong>domi</strong></span> <span class='ocrx_word' id='word_1_257' title='bbox 673 2445 856 2502; x_wconf 88' lang='lat' dir='ltr'><strong>suscipe,</strong></span> <span class='ocrx_word' id='word_1_258' title='bbox 878 2444 1138 2502; x_wconf 88' lang='lat' dir='ltr'><strong>frequenter</strong></span> <span class='ocrx_word' id='word_1_259' title='bbox 1158 2444 1221 2487; x_wconf 91' lang='lat' dir='ltr'><strong>eis</strong></span> <span class='ocrx_word' id='word_1_260' title='bbox 1241 2444 1408 2501; x_wconf 88' lang='lat' dir='ltr'><strong>scripta</strong></span> <span class='ocrx_word' id='word_1_261' title='bbox 1427 2443 1696 2486; x_wconf 87' lang='lat' dir='ltr'><strong>transmitte.</strong></span> 
     </span>
     <span class='ocr_line' id='line_1_33' title="bbox 214 2514 1699 2572; baseline 0.001 -16"><span class='ocrx_word' id='word_1_262' title='bbox 214 2514 579 2572; x_wconf 87' lang='lat' dir='ltr'><strong>Ingredientibus</strong></span> <span class='ocrx_word' id='word_1_263' title='bbox 608 2515 672 2558; x_wconf 87' lang='lat' dir='ltr'><strong>eis</strong></span> <span class='ocrx_word' id='word_1_264' title='bbox 711 2515 943 2558; x_wconf 87' lang='lat' dir='ltr'><strong>ciuitatem</strong></span> <span class='ocrx_word' id='word_1_265' title='bbox 983 2515 1262 2558; x_wconf 89' lang='lat' dir='ltr'><strong>sacerdotum</strong></span> <span class='ocrx_word' id='word_1_266' title='bbox 1297 2514 1448 2557; x_wconf 90' lang='lat' dir='ltr'><strong>nullus</strong></span> <span class='ocrx_word' id='word_1_267' title='bbox 1484 2517 1699 2558; x_wconf 90' lang='lat' dir='ltr'><strong>occurrat.</strong></span> 
     </span>
     <span class='ocr_line' id='line_1_34' title="bbox 216 2583 1698 2642; baseline 0 -14"><span class='ocrx_word' id='word_1_268' title='bbox 216 2583 420 2642; x_wconf 87' lang='lat' dir='ltr'><strong>Cumque</strong></span> <span class='ocrx_word' id='word_1_269' title='bbox 440 2585 499 2628; x_wconf 89' lang='lat' dir='ltr'><strong>ad</strong></span> <span class='ocrx_word' id='word_1_270' title='bbox 519 2585 687 2642; x_wconf 89' lang='lat' dir='ltr'><strong>templa</strong></span> <span class='ocrx_word' id='word_1_271' title='bbox 707 2585 914 2628; x_wconf 90' lang='lat' dir='ltr'><strong>uenerint</strong></span> <span class='ocrx_word' id='word_1_272' title='bbox 934 2585 1130 2638; x_wconf 89' lang='lat' dir='ltr'><strong>deorum,</strong></span> <span class='ocrx_word' id='word_1_273' title='bbox 1151 2585 1273 2628; x_wconf 88' lang='lat' dir='ltr'><strong>intra</strong></span> <span class='ocrx_word' id='word_1_274' title='bbox 1296 2584 1454 2627; x_wconf 85' lang='lat' dir='ltr'><strong>ianuas</strong></span> <span class='ocrx_word' id='word_1_275' title='bbox 1474 2599 1547 2627; x_wconf 89' lang='lat' dir='ltr'><strong>eos</strong></span> <span class='ocrx_word' id='word_1_276' title='bbox 1567 2599 1698 2628; x_wconf 90' lang='lat' dir='ltr'><strong>nemo</strong></span> 
     </span>
     <span class='ocr_line' id='line_1_35' title="bbox 214 2654 1698 2713; baseline 0.001 -17"><span class='ocrx_word' id='word_1_277' title='bbox 214 2655 452 2711; x_wconf 88' lang='lat' dir='ltr'><strong>praecedat</strong></span> <span class='ocrx_word' id='word_1_278' title='bbox 476 2655 672 2698; x_wconf 85' lang='lat' dir='ltr'><strong>militum</strong></span> <span class='ocrx_word' id='word_1_279' title='bbox 701 2655 818 2699; x_wconf 81' lang='lat' dir='ltr'><strong>forte</strong></span> <span class='ocrx_word' id='word_1_280' title='bbox 845 2659 926 2699; x_wconf 91' lang='lat' dir='ltr'><strong>aut</strong></span> <span class='ocrx_word' id='word_1_281' title='bbox 955 2655 1316 2713; x_wconf 89' lang='lat' dir='ltr'><strong>praecedentium</strong></span> <span class='ocrx_word' id='word_1_282' title='bbox 1341 2654 1597 2707; x_wconf 89' lang='lat' dir='ltr'><strong>officiorum,</strong></span> <span class='ocrx_word' id='word_1_283' title='bbox 1619 2654 1698 2697; x_wconf 88' lang='lat' dir='ltr'><strong>sed</strong></span> 
     </span>
    </p>
   </div>
   <div class='ocr_carea' id='block_1_3' title="bbox 211 2746 1696 2842">
    <p class='ocr_par' dir='ltr' id='par_1_5' title="bbox 211 2746 1696 2842">
     <span class='ocr_line' id='line_1_36' title="bbox 214 2746 1696 2791; baseline 0.002 -8"><span class='ocrx_word' id='word_1_284' title='bbox 214 2756 235 2791; x_wconf 93' lang='lat'>7</span> <span class='ocrx_word' id='word_1_285' title='bbox 263 2749 549 2784; x_wconf 79' lang='lat' dir='ltr'><strong>contemnentes</strong></span> <span class='ocrx_word' id='word_1_286' title='bbox 566 2748 626 2784; x_wconf 89' lang='lat' dir='ltr'><strong>CB</strong></span> <span class='ocrx_word' id='word_1_287' title='bbox 745 2759 786 2784; x_wconf 90' lang='lat'><strong>12</strong></span> <span class='ocrx_word' id='word_1_288' title='bbox 811 2748 1048 2786; x_wconf 87' lang='lat' dir='ltr'><strong>honerentur</strong></span> <span class='ocrx_word' id='word_1_289' title='bbox 1065 2747 1126 2786; x_wconf 87' lang='lat' dir='ltr'><strong>CB</strong></span> <span class='ocrx_word' id='word_1_290' title='bbox 1249 2748 1293 2785; x_wconf 92' lang='lat'><strong>16</strong></span> <span class='ocrx_word' id='word_1_291' title='bbox 1317 2759 1394 2783; x_wconf 85' lang='lat' dir='ltr'><strong>xxx</strong></span> <span class='ocrx_word' id='word_1_292' title='bbox 1410 2746 1533 2784; x_wconf 84' lang='lat' dir='ltr'>CBAS</span> <span class='ocrx_word' id='word_1_293' title='bbox 1653 2749 1696 2786; x_wconf 93' lang='lat'><strong>18</strong></span> 
     </span>
     <span class='ocr_line' id='line_1_37' title="bbox 211 2794 864 2842; baseline 0.005 -12"><span class='ocrx_word' id='word_1_294' title='bbox 211 2794 368 2841; x_wconf 84' lang='lat' dir='ltr'><strong>templis</strong></span> <span class='ocrx_word' id='word_1_295' title='bbox 387 2796 411 2832; x_wconf 90' lang='lat' dir='ltr'>S</span> <span class='ocrx_word' id='word_1_296' title='bbox 540 2807 584 2842; x_wconf 89' lang='lat'><strong>33</strong></span> <span class='ocrx_word' id='word_1_297' title='bbox 611 2807 722 2833; x_wconf 90' lang='lat' dir='ltr'><strong>nemo</strong></span> <span class='ocrx_word' id='word_1_298' title='bbox 739 2807 802 2833; x_wconf 88' lang='lat' dir='ltr'><strong>eos</strong></span> <span class='ocrx_word' id='word_1_299' title='bbox 817 2796 864 2832; x_wconf 74' lang='grc' dir='ltr'><strong>Αι</strong></span> 
     </span>
    </p>
   </div>
   <div class='ocr_carea' id='block_1_4' title="bbox 262 2883 962 2996">
    <p class='ocr_par' dir='ltr' id='par_1_6' title="bbox 262 2883 962 2996">
     <span class='ocr_line' id='line_1_38' title="bbox 262 2883 962 2922; baseline 0.006 -4"><span class='ocrx_word' id='word_1_300' title='bbox 262 2883 307 2919; x_wconf 85' lang='grc'><strong>26</strong></span> <span class='ocrx_word' id='word_1_301' title='bbox 331 2884 545 2920; x_wconf 82' lang='lat' dir='ltr'><strong>Emenium:</strong></span> <span class='ocrx_word' id='word_1_302' title='bbox 571 2885 778 2921; x_wconf 84' lang='lat' dir='ltr'><strong>Eumaeum</strong></span> <span class='ocrx_word' id='word_1_303' title='bbox 795 2883 962 2922; x_wconf 82' lang='lat' dir='ltr'><strong>Cassiod.</strong></span> 
     </span>
     <span class='ocr_line' id='line_1_39' title="bbox 323 2962 390 2996; baseline 0 0"><span class='ocrx_word' id='word_1_304' title='bbox 323 2962 390 2996; x_wconf 81' lang='lat'><strong>390</strong></span> 
     </span>
    </p>
   </div>
  </div>
 </body>
</html>
