1846 3262
65 215 148 263 625
168 222 193 252 0
543 213 810 258 IOANNIS
851 213 1374 258 SARESBERIENSIS
1521 211 1632 274 [ΗΒ.
1648 223 1700 255 VI

209 349 325 391 quae
362 334 490 378 labor
520 336 763 394 multiplex
798 337 1057 394 adquisiuit,
1093 336 1214 380 solus
1248 335 1400 380 omnia
1435 335 1623 378 deuorat
1653 336 1700 377 et

209 405 443 449 consumit.
525 406 646 459 Quid
685 406 868 451 multa‘l
948 405 1263 451 Condixerunt
1302 409 1356 450 ut
1396 421 1423 449 a
1470 404 1699 448 laboribus

209 475 488 519 abstinerent
519 480 565 520 et
598 477 729 535 graui
764 477 916 520 inedia
946 478 1214 521 conficerent
1253 477 1382 520 illum
1422 477 1612 519 inertem
1653 477 1700 518 et

209 545 438 602 publicum
479 547 664 591 hostem.
737 547 910 591 Exacta
950 550 1018 591 est
1058 549 1120 591 sic
1160 563 1251 591 una
1291 548 1397 598 dies,
1438 548 1591 590 secuta
1630 547 1700 588 est

209 616 352 660 altera
401 618 626 662 tediosior.
705 618 859 661 Tertia
908 618 1019 661 adeo
1068 618 1316 676 perniciosa
1363 617 1454 660 fuit
1503 619 1556 659 ut
1604 615 1699 659 fere
1717 628 1737 665 5

209 688 417 732 omnibus
447 688 673 731 defectum
708 688 937 731 indiceret.
1015 688 1215 747 Vrgente
1245 688 1398 745 itaque
1434 686 1699 730 necessitate

210 759 375 802 fratres
419 758 529 801 item
574 758 623 800 in
653 773 795 801 unum
825 761 1133 802 conuenerunt
1163 758 1308 802 acturi
1344 758 1399 801 de
1431 757 1577 801 salute
1617 771 1700 800 sua
1785 798 1788 803 .

210 832 255 872 et
283 829 425 872 hostis
453 828 621 886 publici
642 831 779 873 statU.
839 828 954 873 Cum
975 844 1083 872 uero
1109 843 1262 872 omnes
1290 829 1561 879 assisterent,
1581 827 1698 871 oculi

209 899 495 957 languerunt,
534 913 613 956 pes
662 899 823 942 molem
873 899 1070 956 corporis
1119 915 1210 943 non
1262 900 1416 955 erexit,
1456 898 1698 956 torpebant

209 969 408 1021 brachia,
447 969 524 1012 sed
565 971 612 1012 et
651 968 749 1026 ipsa
793 969 950 1026 lingua
990 969 1143 1013 inhers
1183 973 1230 1013 et
1269 970 1494 1013 deficienti
1543 969 1697 1027 palato
1719 981 1760 1005 10

160 1042 191 1082 d
210 1039 378 1083 sociata
399 1054 579 1082 causam
599 1053 879 1082 communem
900 1054 1121 1097 exponere
1141 1055 1231 1083 non
1251 1039 1563 1097 praesumpsit.
1624 1038 1698 1081 Ad

208 1109 354 1153 cordis
389 1124 496 1167 ergo
531 1109 766 1152 consilium
798 1110 949 1152 omnia
984 1110 1216 1153 redierunt
1248 1111 1399 1167 ibique
1435 1110 1592 1154 habita
1623 1110 1697 1153 de-

208 1179 473 1226 liberatione
493 1179 610 1223 ratio
630 1179 846 1237 patefecit
866 1180 1078 1237 quoniam
1099 1181 1207 1224 haec
1227 1181 1347 1223 mala
1367 1181 1600 1238 ingerebat
1621 1180 1699 1238 qui

209 1252 316 1293 ante
346 1249 640 1292 denuntiatus
671 1249 822 1293 fuerat
853 1250 1058 1307 publicus
1089 1251 1241 1294 hostis.
1302 1251 1373 1293 Ex
1398 1266 1486 1308 quo
1514 1250 1633 1294 enim
1657 1250 1698 1293 ei

210 1320 384 1363 tributa
419 1320 649 1363 subtracta
681 1322 788 1363 sunt
824 1322 869 1363 et
900 1320 995 1378 ipse
1026 1321 1154 1377 quasi
1183 1321 1388 1378 publicus
1418 1321 1698 1379 dispensator
1718 1335 1759 1370 15

211 1390 418 1434 omnibus
458 1390 673 1433 alimenta
713 1390 941 1434 subduxit,
1003 1391 1063 1434 Et
1103 1391 1210 1449 quia
1249 1406 1380 1435 nemo
1419 1395 1567 1449 potest
1603 1391 1698 1435 sine

211 1461 447 1519 stipendiis
479 1461 686 1513 militare,
722 1476 824 1505 cum
859 1462 1085 1519 stipendia
1119 1477 1210 1505 non
1249 1462 1508 1520 procedunt,
1544 1461 1698 1505 debili-

210 1535 338 1575 tatur
357 1534 403 1575 et
423 1531 653 1589 frangitur
672 1531 811 1575 miles.
868 1531 957 1575 Sed
977 1547 1058 1576 nec
1078 1532 1126 1575 in
1151 1532 1502 1590 dispensatorem
1522 1535 1701 1590 poterat

211 1602 344 1659 culpa
379 1601 572 1653 refundi,
605 1601 683 1658 qui
725 1602 844 1659 quod
878 1617 969 1645 non
1004 1605 1246 1660 acceperat,
1278 1603 1462 1646 minime
1501 1603 1700 1660 potuerit

211 1672 313 1715 aliis
343 1686 538 1730 erogare.
598 1671 838 1729 Longeque
867 1673 1013 1716 tutius
1043 1687 1137 1716 esse
1161 1676 1214 1716 ut
1244 1673 1284 1716 ei
1310 1673 1429 1731 quod
1456 1673 1700 1717 distribuat
1720 1686 1763 1711 20

211 1742 495 1785 ministretur
529 1757 664 1799 quam
703 1742 782 1786 illo
817 1746 1034 1786 euacuato
1069 1744 1219 1787 omnia
1253 1744 1454 1787 membra
1487 1744 1699 1788 esuriant.

213 1813 491 1869 Factumque
522 1815 590 1855 est
620 1812 710 1865 ita3
750 1813 967 1856 suadente
997 1814 1172 1857 ratione
1204 1814 1402 1872 repletus
1432 1817 1500 1857 est
1529 1817 1700 1866 uenter,

213 1882 467 1926 refocillata
486 1882 697 1934 membra,
719 1886 765 1926 et
792 1897 884 1940 pax
912 1884 1113 1927 omnium
1137 1884 1392 1928 reformata.
1453 1884 1701 1928 Absolutus

59 1955 146 1994 626
166 1964 196 1993 a
215 1956 284 1996 est
310 1953 464 2010 itaque
491 1953 758 2005 stomachus,
779 1953 868 2010 qui,
893 1954 997 1997 licet
1021 1969 1166 1997 uorax
1196 1954 1257 1997 sit
1286 1958 1333 1998 et
1362 1954 1523 1997 auidus
1553 1954 1700 2006 alieni,

214 2038 304 2066 non
325 2023 411 2066 sibi
431 2025 584 2066 tamen
604 2023 720 2080 petit
747 2023 825 2066 sed
852 2023 953 2067 aliis
983 2038 1097 2081 quae
1127 2039 1179 2068 eo
1209 2024 1441 2067 exinanito
1470 2027 1700 2081 nequeunt
1719 2041 1735 2064 2
1741 2039 1760 2074 5

213 2093 470 2137 sustentari.
542 2093 649 2136 Tale
684 2096 763 2144 est,
798 2093 959 2151 inquit,
990 2094 1144 2147 frater,
1175 2095 1213 2138 si
1247 2097 1366 2138 recte
1402 2094 1622 2146 attendas,
1652 2095 1701 2137 in

213 2178 395 2221 corpore
416 2163 480 2206 rei
505 2163 710 2220 publicae
734 2163 824 2215 ubi,
845 2164 950 2208 licet
976 2165 1222 2222 plurimum
1249 2167 1435 2223 appetat
1464 2165 1700 2223 magistra-

213 2236 301 2284 tus,
321 2248 412 2276 non
432 2236 527 2276 tam
547 2233 633 2276 sibi
654 2248 789 2291 quam
811 2233 911 2277 aliis
931 2238 1176 2279 coaceruat.
1233 2234 1283 2278 Si
1304 2235 1423 2278 enim
1444 2235 1702 2279 exinanitus

215 2303 367 2356 fuerit,
402 2303 539 2347 nichil
579 2308 647 2347 est
684 2304 803 2361 quod
842 2305 1054 2348 membris
1092 2305 1245 2348 ualeat
1284 2305 1520 2362 impartiri.
1581 2306 1700 2349 Nam

214 2375 431 2418 stomachi
452 2374 501 2417 in
522 2389 703 2431 corpore
723 2378 769 2418 et
789 2375 1004 2433 principis
1030 2376 1078 2418 in
1103 2391 1150 2419 re
1170 2375 1349 2434 publica
1369 2376 1488 2419 idem
1508 2376 1700 2420 officium
1720 2396 1765 2430 30

215 2448 283 2488 est
303 2445 434 2488 iuxta
453 2444 567 2487 illud
589 2444 747 2498 Quinti
769 2444 950 2489 Sereni:

392 2526 482 2580 Qui
511 2526 792 2570 stomachum
822 2542 973 2584 regem
1003 2527 1145 2570 totius
1175 2526 1372 2584 corporis
1403 2542 1497 2571 esse

391 2585 681 2639 contendunt,
711 2600 820 2629 uera
849 2586 936 2629 niti
967 2586 1141 2629 ratione
1170 2585 1394 2629 uidentur.

216 2706 240 2742 9
265 2695 406 2732 molam
423 2695 576 2732 GBA¹S¹
720 2708 766 2734 22
794 2696 978 2745 repletus]
995 2696 1176 2744 impletus
1193 2696 1234 2732 M

239 2778 241 2781 V
268 2798 312 2833 16
335 2809 439 2834 nemo
451 2803 568 2844 potest
584 2799 680 2835 eta:
707 2797 755 2834 cf.
778 2807 792 2833 1
813 2796 896 2834 Cor.
915 2795 966 2833 ix.
984 2806 1018 2842 7.
1205 2807 1251 2842 32
1279 2798 1350 2841 Qui
1365 2799 1587 2835 stomachum
1605 2801 1677 2836 etc.
1694 2812 1704 2837 :

216 2844 258 2889 Q.
286 2845 449 2882 Serenus
474 2845 736 2882 Sammonicus
760 2847 842 2882 Lib.
869 2847 1042 2882 Medicin.
1070 2854 1233 2893 300-305
1263 2845 1475 2893 (Baehrens
1497 2848 1593 2885 Poet.
1619 2849 1704 2886 Lat.

217 2894 312 2929 Min.
331 2892 387 2928 iii.
407 2905 471 2940 pp.
493 2904 570 2939 120,
595 2895 689 2942 121).

328 2973 370 3007 72
