1846 3262
99 209 180 251 733
199 210 231 241 a
563 198 767 244 IOANN
770 198 830 243 IS
870 198 1394 244 SARESBERIENSIS
1515 197 1626 259 [Lm.
1639 209 1733 243 VIII

244 322 382 366 uenit.
442 322 653 365 Testatur
673 322 756 365 hoc
776 321 956 365 Marcus
975 320 1120 364 Varro
1149 321 1227 378 qui
1258 322 1530 365 enumeratis
1550 336 1664 380 quae
1684 322 1734 365 in

245 393 407 450 quibus
438 392 598 435 Italiae
623 391 829 449 partibus
858 391 1030 449 optima
1056 391 1115 434 ad
1139 391 1311 435 uictum
1340 392 1598 450 gignantur,
1622 392 1734 450 pisci

244 463 454 506 Tiberino
474 462 545 505 his
566 462 716 505 uerbis
732 462 896 505 tribuit
911 462 1107 520 palmam
1123 461 1172 504 in
1187 462 1303 506 libro
1317 462 1553 506 undecimo
1565 463 1734 506 Rerum

245 533 586 576 Humanarum:
618 532 690 575 Ad
719 532 890 576 uictum
918 532 1090 590 optima
1114 531 1206 576 fert
1232 548 1340 590 ager
1360 531 1617 591 Campanus
1637 532 1733 576 fru-

243 606 458 654 mentum,
472 603 689 646 Falernus
705 603 876 654 uinum,
893 602 1103 647 Cassinas
1118 603 1279 656 oleum,
1293 603 1572 647 Tusculanus
1585 604 1732 656 ficum,
1750 617 1771 651 5

213 690 216 693 ¹
243 674 332 717 mel
352 674 634 726 Tarentinus,
656 674 821 731 piscem
842 673 1026 717 Tiberis.
1071 673 1195 717 Haec
1216 674 1374 719 Varro.
1419 674 1508 718 Sed
1525 675 1645 719 inter
1659 689 1734 718 eos

243 744 536 802 praecipuum
557 744 703 787 locum
724 744 858 801 lupus
879 744 1041 798 tenuit,
1063 746 1109 788 et
1129 744 1310 802 quidem
1330 745 1370 788 is
1390 746 1468 803 qui
1483 745 1604 789 inter
1622 745 1735 789 duos

242 818 402 872 pontes
442 816 601 872 captus
641 816 769 859 esset.
840 814 895 857 Id
931 815 1177 858 ostendunt
1216 829 1318 859 cum
1353 815 1488 859 multi
1524 815 1602 859 alii
1635 818 1736 859 tum

242 885 379 929 etiam
410 885 550 929 Gaius
581 884 739 936 Titius,
759 885 833 928 uir
863 885 999 929 etatis
1029 885 1312 937 Lucinianae,
1334 886 1382 929 in
1412 886 1613 930 oratione
1644 900 1735 944 qua

242 956 385 1014 legem
422 955 672 998 Phauniam
704 956 869 1009 suasit3
911 956 1039 1000 cuius
1070 956 1210 1000 uerba
1241 956 1342 1000 ideo
1376 956 1583 1015 ponenda
1614 960 1733 1008 sunt,
1755 973 1798 997 ιο

195 1029 225 1068 b
245 1026 351 1083 quia
371 1041 461 1069 non
482 1026 626 1069 solum
647 1025 703 1069 de
723 1026 831 1084 lupo
851 1026 971 1070 inter
989 1026 1102 1070 duos
1120 1029 1280 1085 pontes
1300 1030 1432 1085 capto
1452 1029 1587 1071 erunt
1605 1028 1733 1071 testi-

244 1097 406 1148 monio,
418 1096 495 1140 sed
517 1096 653 1140 etiam
674 1111 819 1140 mores
840 1097 1003 1154 quibus
1019 1099 1129 1141 tunc
1144 1097 1346 1155 plerique
1366 1098 1585 1142 uiuebant
1602 1096 1735 1142 facile

244 1167 551 1224 publicabunt.
612 1167 879 1211 Describens
900 1167 1019 1210 enim
1045 1167 1248 1211 homines
1274 1167 1484 1226 prodigos
1511 1168 1560 1211 in
1583 1167 1735 1212 forum

244 1238 303 1280 ad
323 1238 611 1281 iudicandum
632 1238 777 1281 ebrios
798 1241 1097 1281 commeantes
1117 1253 1319 1296 quaeque
1340 1238 1512 1282 soleant
1538 1239 1660 1282 inter
1687 1253 1734 1282 se

245 1308 544 1360 sermocinari,
565 1308 627 1352 sic
648 1308 738 1352 ait:
770 1308 955 1351 Ludunt
976 1308 1075 1352 alea
1095 1309 1306 1360 studiose,
1319 1308 1510 1352 delibuti
1530 1323 1733 1367 unguen·
1754 1323 1794 1358 ¹5

243 1378 315 1430 tis,
335 1378 494 1422 scortis
518 1379 689 1436 stipati.
750 1378 839 1421 Vbi
871 1379 1009 1422 horae
1039 1379 1190 1423 decem
1219 1382 1338 1431 sunt,
1358 1379 1517 1423 iubent
1543 1394 1733 1438 puerum

244 1449 396 1492 uocari
417 1452 470 1492 ut
490 1449 721 1493 comitium
752 1452 826 1492 eat
852 1452 1194 1507 percunctatum
1219 1450 1328 1507 quid
1355 1450 1404 1492 in
1431 1450 1530 1494 foro
1553 1453 1732 1509 gestum

244 1519 316 1571 sit,
349 1520 426 1577 qui
462 1519 698 1572 suaserint,
733 1520 811 1577 qui
847 1519 1153 1572 dissuaserint,
1186 1523 1296 1578 quot
1327 1520 1473 1564 tribus
1505 1520 1731 1572 iusserint,

245 1593 355 1647 quot
383 1590 625 1634 uetuerint.
684 1590 797 1634 Inde
823 1590 882 1634 ad
908 1590 1140 1634 comitium
1164 1590 1351 1642 uadunt,
1369 1606 1425 1634 ne
1452 1591 1579 1635 litem
1602 1606 1731 1635 suam

246 1660 437 1714 faciant;
468 1660 576 1703 dum
607 1663 728 1712 eunt,
748 1661 875 1704 nulla
904 1663 973 1704 est
1002 1660 1050 1703 in
1080 1660 1322 1719 angiportu
1351 1662 1568 1719 amphora
1597 1677 1733 1719 quam
1754 1674 1799 1699 20

248 1745 339 1774 non
379 1730 608 1788 impleant,
637 1731 803 1788 quippe
843 1731 920 1788 qui
959 1730 1154 1774 uesicam
1198 1731 1377 1788 plenam
1416 1731 1514 1774 uini
1553 1732 1733 1776 habent.

250 1800 452 1843 Veniunt
472 1800 520 1842 in
540 1800 771 1844 comitium
786 1800 951 1852 tristes,
963 1801 1121 1845 iubent
1135 1801 1282 1845 dicere
1297 1816 1487 1859 quorum
1502 1802 1734 1861 negotium

208 1879 234 1910 c
251 1873 329 1916 est.
390 1870 605 1915 Narrant.
662 1870 808 1913 Iudex
827 1873 965 1914 testes
986 1871 1139 1928 poscit,
1159 1870 1284 1928 ipsus
1303 1871 1342 1915 it
1361 1870 1590 1916 minctum.
1644 1873 1734 1916 Vbi

249 1941 379 1992 redit,
418 1941 485 1983 ait
529 1955 576 1984 se
622 1940 773 1984 omnia
819 1940 1056 1984 audiuisse.
1132 1940 1325 1984 Tabulas
1364 1941 1519 1999 poscit,
1557 1942 1734 1987 litteras

247 2011 440 2069 inspicit,
470 2011 552 2054 uix
578 2026 686 2069 prae
714 2012 823 2055 uino
851 2011 1045 2055 sustinet
1069 2011 1317 2069 palpebras.
1391 2012 1531 2057 Eunti
1554 2013 1603 2056 in
1629 2028 1732 2058 con·
1753 2025 1796 2060 ²5

246 2082 397 2126 silium
430 2082 494 2125 ibi
526 2082 635 2126 haec
663 2082 835 2126 oratio:
867 2082 989 2136 Quid
1025 2082 1163 2126 michi
1195 2082 1366 2141 negotii
1394 2085 1463 2127 cst
1496 2098 1598 2127 cum
1633 2084 1734 2129 istis

246 2153 544 2211 nugatoribus
578 2153 730 2211 potius
766 2168 901 2210 quam
937 2155 1143 2211 potemus
1178 2153 1373 2197 mulsum
1404 2153 1599 2198 mixtum
1631 2169 1734 2199 cum

245 2224 354 2268 uino
379 2224 550 2269 Greco'l
613 2224 800 2267 Edimus
827 2223 1013 2267 turdum
1041 2223 1255 2282 pinguem
1285 2224 1542 2282 bonumque
1567 2225 1734 2283 piscem

244 2294 402 2353 lupum
417 2309 682 2353 germanum
698 2294 776 2352 qui
790 2294 911 2337 inter
926 2297 1086 2352 pontes
1101 2297 1259 2352 capt-us
1274 2293 1376 2338 fuit.
1438 2295 1562 2340 Haec
1575 2295 1732 2341 Titius.
1752 2319 1754 2321 ·

245 2365 335 2409 Sed
356 2369 402 2409 et
423 2365 596 2408 Plinius
623 2365 693 2408 sui
719 2364 933 2422 temporis
958 2364 1187 2423 eleganter
1213 2364 1366 2423 tetigit
1389 2365 1555 2423 gulam.
1616 2366 1732 2411 Cum
1751 2379 1796 2413 30

245 2436 365 2479 enim
395 2435 609 2479 scriberet
639 2435 694 2478 de
724 2435 843 2493 pisce
872 2434 1171 2492 ancipensere,
1205 2435 1283 2492 qui
1313 2435 1417 2479 licet
1447 2450 1576 2480 rarus
1605 2441 1734 2492 esset,

247 2540 269 2567 2
295 2528 456 2566 ithaliae
474 2528 514 2564 Μ
617 2539 638 2575 3
664 2527 705 2564 xi
720 2527 804 2564 CB:
829 2526 890 2563 xi0
905 2526 972 2564 SM
1068 2538 1091 2574 4
1115 2527 1306 2575 optimum
1321 2527 1362 2564 M
1459 2537 1478 2576 5
1506 2529 1674 2567 cassinus
1690 2529 1734 2566 M

248 2586 269 2622 7
294 2577 342 2624 is]
361 2576 421 2613 his
438 2578 472 2613 A
618 2585 658 2623 15
686 2575 932 2614 sermonizari
948 2575 989 2611 Μ
1170 2578 1213 2614 16
1238 2588 1263 2612 x
1281 2576 1320 2612 M
1509 2579 1551 2615 18
1576 2577 1644 2626 qui
1660 2579 1733 2628 bie]

247 2625 339 2672 quid
357 2625 396 2661 M
542 2635 588 2671 23
615 2624 775 2661 mictum
794 2623 876 2660 S2M
1021 2633 1066 2669 27
1091 2636 1179 2661 cum
1195 2637 1263 2662 om.
1282 2624 1350 2661 SM

299 2707 313 2732 1
343 2697 495 2732 Marcus
516 2697 632 2732 Varro
659 2696 730 2732 etc.
755 2706 877 2742 usquc
902 2693 952 2731 ad
981 2696 1102 2732 Titius
1132 2695 1215 2742 (733
1229 2695 1291 2741 0)·
1332 2694 1498 2732 Macrob.
1516 2697 1591 2734 Sat.
1611 2696 1666 2734 iii.
1687 2697 1731 2735 16

249 2742 291 2790 §§
324 2745 448 2780 12-16.
562 2745 808 2780 enumeratis.
845 2755 1064 2779 enumerans
1096 2743 1264 2780 Macrob.
1431 2754 1454 2790 9
1479 2745 1730 2782 Lucinianae:

245 2793 465 2828 Lucilianae
481 2790 651 2828 Macrob.
774 2801 821 2837 30
845 2792 915 2827 Sed
931 2796 963 2828 et
979 2792 1128 2828 Plinius
1145 2793 1246 2829 etc..
1238 2804 1246 2813 ·
1273 2804 1307 2828 v.
1327 2791 1495 2829 Macrob.
1514 2793 1589 2829 Sat.
1607 2791 1664 2829 iii.
1686 2794 1730 2830 16

244 2838 290 2922 ἓξ
313 2848 356 2886 5-
359 2849 393 2885 7.
538 2850 580 2885 31
609 2840 863 2886 ancipensere·
887 2838 915 2876 i.
928 2850 962 2877 e.
977 2838 1243 2887 accipensere;
1269 2840 1317 2877 cf.
1335 2839 1501 2878 Macrob.
1521 2840 1603 2878 cod.
1620 2839 1731 2878 Bam·

274 2898 352 2933 erg.
371 2886 413 2923 in
429 2886 487 2924 ed.
504 2884 696 2925 Teubner.
714 2899 803 2935 app.
821 2885 906 2925 crit.

360 2952 425 2986 266
