1846 3262
178 237 279 272 mr.
291 225 396 288 xxx]
691 226 1130 272 POLICRATICVS
1672 239 1754 282 797
1772 238 1802 268 a

178 349 290 400 illos,
309 349 520 407 quoniam
547 349 730 392 tradens
753 348 904 392 tradet
931 348 1031 392 illos
1059 348 1180 392 Deus
1208 363 1361 392 eorum
1381 349 1466 393 tibi
1488 353 1533 394 et
1553 350 1655 394 sub·

177 419 323 477 iugati
353 422 486 462 erunt
514 419 598 462 sub
627 419 733 477 iugo
762 419 989 476 potentiae
1017 421 1134 462 tuae.
1209 418 1258 462 Si
1288 421 1439 462 autem
1469 435 1559 463 non
1589 423 1658 464 est

177 489 361 532 offensio
380 489 532 546 populi
548 489 681 532 huius
693 503 840 532 coram
853 489 949 532 Deo
969 503 1061 540 suo,
1073 503 1163 531 non
1182 489 1427 546 poterimus
1442 490 1658 542 resistere,

178 559 389 616 quoniam
410 559 532 602 Deus
552 573 704 602 eorum
720 558 931 602 defendet
950 558 1049 602 illos
1064 562 1110 602 et
1126 559 1291 602 erimus
1306 558 1354 602 in
1369 560 1658 617 opprobrium

139 645 160 679 5
178 629 414 673 uniuersae
433 632 592 674 terrae.

179 768 286 829 Gap.
308 783 376 815 21.
437 770 665 815 Omnium
694 771 1000 815 tirannorum
1018 770 1168 828 finem
1198 785 1283 816 esse
1315 771 1553 816 miseriam
1567 791 1586 823 ,·
1618 775 1658 816 et

293 841 416 899 quod
444 841 502 885 in
531 857 600 886 eos
629 842 751 885 Deus
781 841 1036 885 vindictam
1065 846 1238 894 emarcet,
1259 842 1301 886 ei
1329 856 1503 886 manus
1532 845 1659 887 cesset

293 911 516 963 humana,
536 916 575 955 et
605 911 682 956 hoc
711 912 768 954 in
796 911 999 956 Iuliano
1027 915 1236 969 apostata
1262 916 1302 956 et
1322 912 1485 956 multis
1504 927 1660 957 sacrae

293 982 561 1039 &rapturae
575 986 700 1039 patet
720 981 946 1038 exemplis.

118 1096 161 1120 πο
237 1073 362 1117 Finis
377 1073 496 1117 enim
511 1073 793 1116 tirannorum
808 1072 1011 1116 confusio
1027 1076 1118 1126 est;
1142 1073 1199 1117 ad
1214 1073 1450 1117 interitum
1466 1073 1658 1131 quidem,

177 1144 215 1188 81
243 1144 290 1186 111
310 1142 484 1186 malitia
503 1145 816 1200 perseuerant;
847 1142 885 1186 si
909 1145 1188 1194 reuocentur,
1208 1143 1266 1186 ad
1286 1143 1478 1188 ueniam.
1537 1143 1658 1187 Nam

177 1218 225 1258 et
259 1213 344 1272 ipsi
378 1212 555 1271 flagello
592 1215 781 1270 paratur
820 1212 1088 1264 incendium,
1122 1227 1224 1256 cum
1260 1212 1309 1255 111
1340 1213 1657 1256 correctionem

175 1283 371 1328 ffliorum
401 1297 453 1326 eo
482 1281 622 1326 fuerit
651 1296 759 1325 usus
790 1281 933 1325 Pater.
994 1281 1054 1324 Et
1083 1281 1257 1339 inquit:
1287 1283 1412 1326 Acab
1435 1283 1656 1327 reueritus
1673 1285 1703 1325 b

177 1356 247 1398 est
272 1353 432 1397 faciem
452 1365 622 1404 meam3
652 1366 743 1394 11011
766 1351 975 1395 inducam
1002 1351 1171 1394 malum
1195 1351 1278 1395 hoc
1298 1352 1346 1395 in
1370 1352 1527 1396 diebus
1547 1353 1656 1397 eius.

118 1441 158 1474 15
177 1424 242 1468 At
261 1423 435 1467 Iezabel
455 1423 502 1465 in
518 1422 680 1466 seuitia
694 1436 983 1479 perseuerans
998 1421 1218 1480 condigno
1232 1422 1511 1466 crudelitatis
1531 1423 1659 1467 exitu

176 1484 440 1552 sanguinem
470 1507 600 1536 suum
630 1492 814 1536 canibus
846 1491 1108 1550 lingendum
1138 1492 1346 1549 praebuit
1375 1492 1423 1535 in
1454 1493 1549 1536 loco
1579 1493 1658 1536 ubi

175 1563 439 1622 sanguinem
471 1562 721 1606 innocentis
752 1561 938 1605 Naboth
973 1562 1202 1605 linxerant
1232 1577 1373 1605 canes.
1449 1563 1579 1616 Quod
1619 1563 1658 1607 si

175 1633 243 1678 ita
274 1633 523 1677 innocentis
554 1632 796 1676 Nabuthae
825 1632 1009 1690 sanguis
1044 1632 1308 1689 exquiritur,
1338 1633 1557 1690 numquid
1588 1636 1660 1677 tot

176 1704 465 1748 innocentum
495 1702 678 1761 sanguis
707 1702 991 1759 irrequisitus
1020 1702 1138 1746 erit'ss
1196 1702 1386 1746 Vineam
1416 1702 1524 1746 iusti
1556 1718 1660 1747 con-

116 1789 160 1814 20
176 1774 350 1832 cupiuit
367 1773 575 1831 impietas
595 1775 641 1815 et
667 1772 715 1814 in
741 1772 1116 1830 permutationem
1137 1772 1232 1815 eius
1251 1773 1392 1816 totius
1412 1772 1538 1830 regni
1559 1773 1660 1817 iura

175 1844 340 1890 amisit.
386 1843 578 1886 Punitur
597 1845 748 1886 autem
768 1841 943 1885 malitia
961 1857 1135 1899 semper
1154 1857 1181 1885 8
1194 1842 1408 1896 Domino;
1429 1843 1506 1886 sed
1520 1844 1658 1887 inter-

175 1914 284 1958 dum
318 1928 411 1965 suo,
445 1912 672 1956 interdum
707 1912 834 1969 quasi
867 1912 1061 1955 hominis
1092 1912 1240 1955 utitur
1278 1912 1367 1955 telo
1407 1913 1455 1955 in
1494 1928 1656 1970 penam

176 1983 427 2042 impiorum.
506 1982 683 2025 Affiixit
724 1982 897 2025 Pharao
936 1981 1150 2039 populum
1191 1981 1276 2024 Dei
1320 1985 1367 2025 et
1405 1982 1463 2025 ab
1502 1983 1656 2026 eodem

175 2053 465 2112 grauissimis,
494 2052 610 2096 sicut
639 2052 687 2094 in
718 2052 874 2095 Exodo
904 2051 1080 2110 legitur,
1110 2051 1362 2109 flagellatus
1392 2055 1460 2096 est
1498 2053 1656 2111 plagis.

116 2140 157 2175 ²5
177 2124 300 2178 Quas
331 2123 529 2166 breuiter
567 2124 620 2165 ut
653 2121 829 2165 fidelius
860 2124 1110 2173 teneantur,
1140 2125 1283 2165 metro
1317 2123 1655 2181 comprehensas
1673 2140 1699 2170 c

175 2193 330 2238 curaui
353 2193 569 2236 inserere:

294 2274 444 2317 Prima
473 2273 637 2316 rubens
666 2271 799 2323 unda,
829 2287 964 2315 ranae
994 2272 1206 2329 tabesque
1236 2273 1439 2316 secunda.

292 2332 404 2376 Inde
432 2332 562 2376 culex
592 2331 748 2382 tristis,
777 2335 879 2388 post
908 2345 1061 2374 musca
1089 2331 1289 2374 nociuior
1318 2331 1428 2376 istis.

175 2467 199 2501 4
223 2454 439 2500 erimusque
456 2453 482 2490 S
597 2450 842 2498 obprobrium
860 2451 927 2488 SM
1071 2453 1095 2488 6
1118 2453 1371 2498 tyrannorum
1388 2451 1478 2488 GBS
1497 2454 1537 2488 in
1554 2454 1654 2491 rubr.

175 2516 254 2550 cap.
267 2503 389 2549 praes.
510 2510 552 2539 12
578 2499 814 2537 correctione
833 2499 910 2535 C²A
1032 2508 1074 2544 17
1100 2500 1219 2536 nabot
1236 2499 1261 2535 S
1385 2503 1426 2537 18
1451 2499 1654 2540 Nabuthae

175 2549 392 2588 innocentis
408 2548 449 2584 M
592 2546 791 2595 sanguinis
807 2547 869 2584 CB
1013 2557 1060 2592 24
1084 2550 1142 2584 est
1157 2559 1225 2584 om.
1244 2546 1270 2583 S
1286 2565 1289 2567 Α

227 2672 270 2708 13
297 2661 398 2697 Aoab
415 2660 512 2695 etc:
538 2671 570 2694 v.
591 2668 612 2703 3
629 2657 723 2704 Reg.
740 2657 818 2694 xxi.
837 2667 894 2703 29.
1119 2666 1158 2704 15
1186 2658 1326 2693 Iezabel
1342 2658 1438 2694 ete:
1465 2657 1654 2695 Memoria

176 2709 327 2746 fallitur
352 2708 525 2750 Ioannes,
552 2705 617 2752 qui
642 2717 785 2752 poenas
813 2717 907 2751 quae
935 2704 1067 2741 Achab
1088 2705 1203 2742 luisse
1229 2707 1406 2741 narratur
1429 2705 1470 2741 111
1494 2717 1653 2743 uxorem

175 2757 259 2796 eius
287 2754 437 2793 Iezabel
466 2753 686 2798 transtulit3
721 2765 754 2790 v.
783 2763 808 2800 3
834 2754 926 2799 Reg.
954 2752 1030 2789 xxi.
1064 2763 1116 2798 19,
1143 2752 1233 2788 xxii.
1266 2754 1332 2798 38;
1370 2752 1419 2790 de
1445 2753 1593 2790 Iezabel
1617 2766 1652 2791 v.

176 2815 198 2851 3
215 2805 308 2852 Reg.
326 2802 402 2839 xxi.
421 2812 477 2848 23,
496 2813 519 2847 4
537 2802 628 2848 Reg.
646 2800 696 2837 ix.
714 2801 771 2847 36.
948 2811 992 2846 23
1018 2802 1164 2837 Pharao
1177 2803 1271 2837 etc.:
1298 2814 1331 2837 v.
1348 2799 1467 2837 Exod.
1484 2800 1536 2837 vii
1547 2813 1651 2848 seqq.

175 2862 221 2896 27
246 2855 374 2888 Prima
392 2852 485 2887 etc.:
513 2849 568 2886 De
591 2849 694 2886 111800
715 2847 907 2885 versieulis
926 2860 958 2885 v.
982 2848 1161 2884 Haureau
1186 2850 1256 2885 Les
1276 2850 1456 2894 me'lanqes
1473 2851 1654 2897 poetique:

175 2900 399 2937 d'Hildebm
421 2900 464 2935 de
486 2899 674 2934 Lavardin
698 2908 763 2944 pp.
786 2906 862 2940 121,
884 2906 960 2934 122.
1009 2895 1152 2933 Dubito
1173 2899 1305 2933 tamen
1329 2907 1392 2942 an,
1416 2898 1461 2933 ut
1482 2897 1563 2934 vult
1584 2897 1652 2936 ille

1463 2971 1467 2974 ’
1477 2977 1542 3014 379
