1846 3262
78 231 166 272 709
185 232 217 262 a
572 218 777 264 IOANN
779 218 837 262 IS
868 218 1389 264 SARESBERIENSIS
1518 220 1720 277 [LIB.V11

233 342 444 386 furorem.
506 342 625 399 Ergo
655 340 831 384 cautius
860 341 909 382 in
939 340 1147 394 conuiuio
1177 340 1492 384 abstinendum
1523 343 1718 386 scomate

231 413 351 470 quod
382 415 548 456 tectam
583 412 705 453 intra
739 425 787 453 se
826 410 964 453 habet
1006 410 1231 455 iniuriam.
1294 411 1440 456 Tanto
1480 413 1598 456 enim
1639 427 1715 456 ex-

230 483 427 540 pressius
452 482 611 524 herent
631 481 753 524 dicta
780 480 892 523 talia
919 495 1054 537 quam
1079 480 1272 524 directae
1295 481 1501 533 ledoriae,
1521 485 1574 525 ut
1593 481 1717 525 hami

231 552 436 610 angulosi
453 566 587 609 quam
603 550 764 594 directi
779 565 1012 593 mucrones
1027 551 1228 594 tenacius
1243 551 1508 609 infiguntur,
1521 552 1718 595 maxime

185 624 214 663 b
233 624 338 681 quia
360 623 481 666 dicta
501 621 757 665 huiusmodi
779 621 920 664 risum
941 621 1253 678 praesentibus
1274 625 1470 675 mouent,
1483 637 1571 680 quo
1591 622 1719 666 uelut
1738 643 1756 677 5

231 708 437 736 assensus
471 707 633 750 genere
664 691 956 735 confirmatur
995 691 1173 735 iniuria.
1247 691 1329 736 Est
1361 695 1513 736 autem
1548 692 1719 736 ledoria

229 763 509 806 huiusmodi:
541 762 779 806 Oblitusne
795 776 841 805 es
859 761 965 818 quia
981 761 1251 806 salsamenta
1271 763 1525 808 uendebas?
1558 763 1718 807 Scoma

229 837 393 887 autem,
417 832 535 890 quod
556 832 727 875 dictum
749 834 817 874 est
837 831 1154 875 contumeliam
1176 847 1270 876 esse
1291 832 1491 884 celatam,
1512 833 1603 877 tale
1623 835 1712 877 est:

230 903 518 947 Meminimus
547 902 726 960 quando
750 901 934 945 brachio
955 905 1000 945 te
1028 903 1312 960 emungebas.
1372 903 1503 954 Nam,
1523 918 1625 947 cum
1645 918 1717 947 res

229 974 383 1018 eadem
415 973 655 1030 utrobique
694 972 816 1015 dicta
851 972 923 1023 sit,
956 972 1069 1015 illud
1103 975 1256 1016 tamen
1290 973 1460 1017 ledoria
1493 976 1562 1017 est
1597 973 1717 1031 quod
1738 994 1778 1018 10

227 1047 381 1103 aperte
427 1044 651 1087 obiectum
691 1043 1102 1101 exprobratumque
1142 1046 1233 1097 est;
1285 1044 1368 1087 hoc
1408 1059 1556 1088 scoma
1596 1044 1717 1102 quod

226 1116 432 1174 figurate.
495 1114 614 1158 Sunt
633 1116 831 1157 scomata
850 1113 1000 1156 minus
1015 1127 1174 1171 aspera
1195 1128 1308 1171 quae
1330 1114 1457 1171 quasi
1479 1114 1715 1159 edentatae

226 1185 384 1229 beluae
424 1187 531 1228 sunt
570 1199 755 1227 morsus.
834 1184 899 1227 Vt
938 1183 1112 1227 Tullius
1152 1183 1201 1226 in
1240 1184 1466 1228 consulem
1506 1185 1584 1242 qui
1624 1200 1715 1229 uno

225 1259 406 1299 tantum
427 1255 500 1298 die
520 1254 800 1298 consulatum
820 1254 1017 1312 peregit:
1046 1253 1214 1306 Solent,
1226 1254 1390 1312 inquit,
1403 1269 1497 1299 esse
1511 1256 1715 1300 flamines

226 1326 393 1378 diales3
442 1325 573 1368 modo
612 1324 814 1368 consules
854 1324 995 1368 diales
1036 1324 1275 1377 habemus;
1326 1327 1372 1368 et
1410 1325 1460 1368 in
1495 1326 1711 1370 eundem:
1734 1344 1773 1378 15

225 1396 613 1454 Vigilantissimus
638 1396 707 1438 est
733 1394 887 1437 consul
914 1397 1067 1437 noster
1095 1393 1264 1438 Canius
1294 1395 1373 1452 qui
1399 1395 1448 1438 in
1478 1396 1714 1440 consulatu

226 1481 307 1510 suo
337 1480 573 1523 sompnum
604 1478 695 1507 non
724 1463 871 1516 uidit3
903 1463 1046 1506 eidem
1078 1465 1369 1521 exprobranti
1394 1465 1480 1508 sibi
1508 1465 1628 1523 quod
1654 1466 1713 1509 ad

83 1550 158 1591 710
177 1552 208 1582 a
227 1552 328 1581 eum
349 1535 575 1580 consulem
602 1549 693 1578 non
719 1534 938 1577 uenisset:
971 1534 1229 1586 Veniebam‚
1250 1535 1412 1592 inquit,
1432 1535 1510 1579 sed
1530 1551 1622 1579 nox
1641 1551 1712 1580 me

225 1605 574 1664 comprehendit.
632 1605 696 1648 At
716 1604 771 1647 de
786 1619 872 1647 usu
887 1604 1081 1648 ledoriae
1101 1605 1174 1648 uel
1195 1605 1404 1649 scomatis
1424 1609 1470 1649 et
1490 1606 1711 1650 ciuilitate

224 1677 399 1720 dicetur
448 1676 496 1718 in
539 1674 853 1733 sequentibus;
907 1688 1027 1718 nunc
1070 1675 1317 1719 ostendisse
1367 1675 1558 1720 sufficiat
1602 1677 1709 1734 quia
1730 1695 1773 1721 πο

223 1761 411 1805 arguere
426 1746 600 1789 licitum
617 1748 685 1788 est
702 1744 820 1802 quod
836 1759 1029 1802 aequum
1050 1747 1119 1788 est
1134 1760 1228 1788 esse
1249 1748 1507 1790 correctum.
1557 1747 1710 1791 Vnum

221 1819 403 1860 tantum
424 1816 479 1859 de
500 1815 771 1859 scomatibus
791 1814 1040 1858 Alexandri
1057 1815 1185 1873 quasi
1206 1815 1254 1858 in
1275 1815 1391 1859 calce
1412 1816 1554 1860 libelli
1574 1817 1711 1862 huius

222 1886 526 1945 superioribus
556 1886 802 1928 adnectam.
863 1884 979 1929 Cum
1004 1885 1045 1928 ei
1073 1900 1154 1928 rex
1179 1885 1358 1939 Darius,
1378 1901 1469 1930 uno
1493 1889 1539 1930 et
1566 1887 1710 1932 altero

222 1957 391 2015 praelio
421 1957 639 2000 uirtutem
664 1955 761 1998 eius
788 1957 1013 2012 expertus,
1033 1957 1208 2013 partem
1236 1956 1364 2014 regni
1388 1956 1536 2001 Tauro
1556 1961 1708 2002 monte

222 2030 355 2070 tenus
375 2030 422 2070 et
440 2026 581 2069 filiam
601 2025 650 2068 in
671 2025 1022 2078 matrimonium,
1039 2040 1139 2069 cum
1161 2025 1304 2070 decies
1324 2029 1504 2070 centum
1525 2027 1708 2073 milibus
1728 2047 1744 2071 a
1750 2049 1770 2083 5

221 2097 406 2140 talentis
445 2096 742 2154 polliceretur,
773 2095 901 2152 eique
942 2095 1209 2139 Parmenion
1248 2096 1321 2139 uir
1360 2111 1551 2155 magnus
1589 2098 1710 2143 inter

222 2167 553 2210 Alexandrinos
585 2166 775 2209 dixisset
805 2180 864 2218 se,
895 2165 933 2208 si
963 2165 1222 2210 Alexander
1251 2170 1379 2220 esset,
1408 2182 1595 2211 usurum
1625 2169 1710 2214 hac

222 2238 488 2288 conditione,
519 2236 772 2294 respondit:
804 2235 864 2279 Et
893 2251 987 2294 ego,
1008 2236 1047 2280 si
1078 2236 1345 2280 Parmenion
1376 2252 1527 2290 essem,
1555 2239 1709 2283 eadem

222 2312 395 2362 uterer3
426 2308 563 2351 tacite
587 2307 767 2364 quidem
795 2306 1037 2350 consiliarii
1065 2307 1358 2351 timiditatem
1381 2323 1575 2366 arguens
1601 2325 1710 2354 uoce

222 2379 397 2422 duabus
437 2378 641 2422 uictoriis
682 2377 990 2434 respondente,
1026 2377 1251 2436 dignaque
1291 2378 1363 2421 eui
1403 2379 1551 2430 tertia,
1591 2380 1710 2424 sicut
1725 2401 1774 2436 30

173 2456 203 2496 b
223 2449 385 2500 euenit,
411 2449 699 2492 tribueretur.
760 2446 973 2490 Liberum
998 2463 1104 2506 ergo
1135 2447 1228 2491 fuit
1255 2453 1301 2492 et
1331 2463 1507 2506 semper
1533 2449 1708 2494 licitum

219 2572 240 2598 2
264 2563 412 2598 tectum
430 2561 491 2597 CB
615 2570 634 2608 5
661 2560 779 2597 uelud
797 2559 821 2597 S
952 2569 993 2606 17
1013 2566 1100 2608 post
1117 2559 1242 2598 eidem
1259 2562 1346 2599 add.
1365 2573 1438 2608 que
1457 2561 1526 2598 SM
1661 2573 1705 2611 23

217 2611 425 2646 annectam
443 2609 485 2645 M

270 2721 313 2747 12
338 2712 435 2747 Sunt
450 2717 608 2747 scomata
624 2712 719 2749 etc.:
746 2724 779 2748 v.
797 2711 968 2749 Macrob.
982 2714 1055 2749 Sat.
1072 2711 1136 2748 vii.
1155 2722 1176 2759 3
1197 2711 1215 2759 ,ξ
1238 2714 1516 2751 10.16
1543 2715 1706 2752 Canius·

218 2758 351 2795 Tacito
380 2758 545 2795 consulis
573 2759 729 2796 nomine
755 2759 950 2797 Ciceronis
980 2760 1126 2797 dictum
1153 2760 1271 2798 refert
1303 2760 1523 2816 Macrobius
1555 2761 1599 2798 in
1632 2762 1702 2800 loc.

219 2818 336 2852 supra
364 2806 451 2850 cit.;
478 2818 593 2853 quem
622 2810 754 2844 tamen
780 2807 984 2844 Caninium
1007 2807 1125 2846 fuisse
1155 2808 1250 2846 dicit
1279 2809 1381 2845 idem
1405 2811 1483 2846 Sat.
1509 2809 1550 2846 ii.
1574 2821 1595 2856 3
1624 2809 1642 2857 ξ
1670 2812 1704 2847 6.

218 2865 267 2890 20
292 2856 434 2890 dicetur
448 2856 489 2890 in
505 2858 754 2902 sequentibus:
781 2868 816 2894 v.
834 2856 937 2892 infra
953 2855 1032 2892 viii.
1055 2867 1110 2893 10.
1293 2867 1339 2903 23
1369 2858 1461 2894 Cum
1478 2859 1513 2893 ei
1528 2869 1594 2894 rex
1609 2859 1705 2895 eta:

217 2913 250 2938 v.
266 2901 349 2937 Val.
368 2901 470 2938 Max.
488 2903 534 2941 vi.
553 2905 672 2948 4ext.
690 2914 723 2950 3.

331 2982 397 3017 ²²4
