1846 3262
171 230 271 264 car.
284 218 391 280 m]
686 219 1126 266 POLICRATICVS
1666 223 1750 273 798
1770 232 1803 269 a

169 339 293 384 tione
320 341 612 391 Heln-eorum,
632 341 749 386 sicut
778 341 1029 386 Ieronimus
1059 345 1216 386 auctor
1246 345 1326 394 est,
1349 341 1468 386 idem
1495 346 1651 401 penta-

168 411 347 454 nomius
366 411 533 456 extitit.
573 411 732 455 Dictus
753 415 821 455 est
842 413 960 455 enim
977 412 1264 456 Salmanasar
1283 416 1329 456 et
1349 412 1653 457 Sennacherib

168 483 216 523 et
248 480 363 524 Phul
394 484 441 524 et
475 481 642 539 Teglad
679 481 893 524 Phalasar
927 485 973 525 et
1012 482 1197 540 Sargon.
1256 483 1358 526 Nisi
1389 483 1508 526 enim
1539 483 1651 541 poli-

167 551 346 594 nomius
377 551 608 604 habeatur,
638 551 950 594 historicorum
982 552 1174 608 quadam
1208 553 1524 596 contrarietate
1558 553 1653 596 dis·

128 640 149 674 5
167 619 410 663 sidentium
465 621 730 678 quandoque
783 621 1015 665 uacillabit
1064 621 1319 665 auctoritas.
1409 622 1497 666 Hic
1546 637 1654 681 ergo

166 689 368 747 angelico
414 690 566 747 gladio
614 691 810 748 primum
859 691 1075 734 aduersus
1124 692 1370 735 exercitum
1426 707 1534 735 usus
1583 696 1652 736 est

166 757 398 811 Dominus,
418 760 578 803 deinde
601 760 816 804 aduersus
842 761 1030 818 impium
1050 761 1258 804 manibus
1277 761 1485 806 filiorum.
1543 762 1652 820 Ipsa

166 842 343 886 quoque
386 834 551 873 natura
589 830 812 873 uindictas
861 834 1014 888 stupet
1062 831 1289 874 interdum
1331 832 1553 875 Altissimi
1603 835 1650 876 et

165 897 398 942 hominnm
427 904 699 957 prouocante
729 900 904 943 malitia
933 900 1160 945 Creatoris
1199 901 1270 944 sui
1300 901 1474 959 legibus
1513 903 1645 945 mira-
1664 907 1694 945 b

105 984 149 1013 ιο
164 966 318 1011 biliter
355 968 613 1026 adquiescit.
694 969 814 1012 Hinc
858 972 926 1013 est
976 969 1095 1026 quod
1138 969 1353 1014 aduersus
1403 971 1648 1015 Dominum

164 1036 551 1096 Nabugodonomr
576 1038 875 1082 intumescens
901 1042 1059 1082 exacto
1088 1040 1321 1097 septennio
1344 1040 1534 1084 bestiam
1555 1043 1649 1100 egit

163 1109 211 1151 et
229 1108 435 1165 penitens
455 1111 523 1151 est
543 1108 690 1152 denuo
710 1123 915 1152 reuersus
942 1110 990 1151 in
1011 1109 1236 1152 hominem
1257 1110 1390 1153 rebus
1410 1111 1647 1155 restitutus

163 1178 210 1220 et
229 1192 378 1236 regno,
390 1177 495 1221 licet
514 1193 566 1222 eo
585 1179 869 1236 postmodum
889 1179 1103 1222 meruerit
1123 1179 1285 1222 misero
1304 1180 1431 1223 exitu
1451 1181 1647 1238 spoliari.

161 1246 235 1290 Ad
261 1250 465 1305 tempora
490 1250 670 1291 transeo
698 1247 968 1300 Christiana,
989 1249 1200 1306 quoniam
1227 1249 1275 1291 in
1296 1250 1417 1292 omni
1444 1255 1579 1308 gente
1599 1256 1646 1296 et

101 1320 142 1370 ἐξ,
160 1317 327 1374 populo
351 1316 594 1361 manifesta
623 1321 692 1361 est
715 1318 919 1376 nequitia
946 1319 1228 1362 tirannorum
1249 1324 1295 1362 et
1315 1320 1498 1363 euidens
1514 1336 1644 1379 pena.

131 1430 134 1432 ,
160 1386 365 1431 Iulianus
394 1387 499 1431 uilis
529 1391 736 1446 apostata
764 1393 811 1432 et
839 1389 1045 1432 sordidus
1074 1389 1319 1447 imperator
1356 1390 1458 1434 dolo
1491 1392 1642 1448 potius

159 1471 296 1515 quam
325 1458 500 1501 uiribus
529 1462 788 1515 persecutus
818 1462 886 1502 est
910 1458 1155 1510 Christum,
1175 1474 1256 1503 nec
1286 1462 1439 1503 tamen
1469 1462 1644 1506 uiribus

159 1528 440 1585 temperauit.
500 1527 620 1571 Nam
641 1528 726 1571 sub
746 1544 798 1572 eo
817 1529 1084 1587 grauissima
1103 1528 1464 1574 Christianorum
1484 1535 1643 1576 exorta

158 1600 228 1640 est
258 1597 518 1655 persecutio,
552 1597 662 1640 dum
696 1598 870 1650 Galilei,
902 1614 1034 1656 quem
1067 1599 1255 1653 dicebat,
1295 1604 1459 1644 conatu
1501 1601 1642 1659 impio

97 1683 139 1710 20
156 1680 320 1709 nomen
368 1666 637 1710 moliebatur
685 1667 959 1726 extinguere.
1043 1667 1212 1712 Verum
1266 1669 1375 1712 dum
1423 1670 1640 1715 aduersus

157 1734 349 1779 Parthos
375 1736 622 1780 infaustam
646 1738 976 1795 expeditionem
1003 1741 1157 1796 ageret
1183 1742 1230 1782 et
1255 1739 1387 1783 idolis
1414 1740 1462 1783 in
1487 1741 1636 1784 reditu
1656 1756 1682 1786 c

155 1819 239 1849 suo
266 1819 350 1863 pro
377 1806 593 1850 sacrificio
621 1807 772 1850 cedem
803 1807 1044 1851 deuoueret
1084 1807 1455 1861 Christianorum,
1485 1811 1639 1868 magni

157 1874 314 1918 Basilii
343 1875 621 1933 aliorumque
650 1880 905 1920 sanctorum
934 1877 1140 1935 precibus
1170 1878 1379 1922 misertus
1409 1882 1478 1922 est
1504 1880 1638 1932 Deus,

157 1942 516 2002 Mercuriumque
535 1946 765 1989 martirem
786 1946 1032 1989 destinauit
1058 1947 1136 2004 qui
1159 1948 1390 1990 tirannum
1411 1949 1459 1991 in
1479 1951 1638 1994 castris

94 2032 138 2066 ³5
156 2014 371 2058 mandato
409 2014 566 2058 beatae
595 2015 796 2073 Virginis
824 2016 977 2059 lancea
1006 2016 1256 2073 perforauit
1285 2019 1636 2077 morientemque

154 2084 301 2142 coegit
330 2084 518 2141 impium
547 2085 749 2128 confiteri
778 2085 1000 2129 Galileum
1031 2086 1263 2130 Christum
1293 2088 1473 2140 scilicet,
1502 2104 1634 2146 quem

153 2154 516 2211 persequebatur,
540 2169 634 2198 esse
662 2155 879 2198 uictorem
909 2158 955 2198 et
985 2155 1040 2198 de
1069 2170 1116 2199 se
1146 2157 1457 2214 triumphasse.
1517 2158 1633 2203 Cum

153 2223 273 2266 enim
307 2223 540 2280 praefatus
571 2224 802 2282 episcopus
825 2225 977 2268 fideles
1009 2224 1215 2269 Cesar-iae
1246 2226 1295 2268 in
1327 2227 1508 2271 ecclesia
1533 2244 1633 2286 per-

151 2296 315 2351 petuae
334 2293 535 2350 Virginis
563 2294 794 2351 genitricis
823 2294 908 2337 Dei
937 2299 1250 2352 pernoctantes
1279 2297 1327 2339 in
1356 2298 1635 2341 orationibus

90 2382 135 2416 30
150 2363 413 2420 collegisset,
432 2364 530 2420 ipsa
558 2366 687 2407 nocte
711 2364 888 2407 beatam
909 2365 1140 2423 Virginem
1171 2366 1220 2408 in
1250 2367 1422 2410 uisione
1451 2371 1634 2411 sanctus

152 2478 175 2505 2
198 2468 424 2506 senacherib
441 2467 512 2505 CM
657 2478 699 2505 21
726 2468 849 2523 ydolis
866 2467 972 2505 CRM
1114 2480 1160 2516 24
1185 2473 1393 2518 martyrem
1410 2470 1442 2506 Β
1517 2471 1630 2510 desti·

150 2516 262 2553 nanit
278 2516 476 2554 martirem
494 2514 549 2552 Μ’
692 2527 741 2563 3ο
763 2516 953 2554 uisionem
969 2516 1003 2552 A

202 2620 234 2655 1,
258 2620 289 2668 ⁰2
324 2611 605 2664 pen-tumim:
643 2609 750 2665 quasi
781 2612 912 2647 πεντών
913 2622 1020 2656 υμος·;
1057 2623 1090 2647 v.
1124 2610 1282 2669 iliez-on.
1319 2613 1526 2668 Comng..¹'n
1552 2616 1629 2654 Im.

148 2657 1158 2763 ‘wwsssssswffigffloe{25305233'1'23353231137
1181 2661 1257 2696 ¹⁸⁰·
1282 2672 1346 2753 ²53·
1368 2661 1512 2745 {³232}
1534 2663 1629 2709 ¹⁸8’·

147 2755 309 2791 dicebat:
341 2766 390 2791 sc
409 2753 572 2795 Christi3
596 2765 630 2789 v.
657 2753 820 2790 Cassiod.
846 2755 945 2790 Hm.
968 2755 1071 2800 Trip.
1091 2767 1139 2790 vi.
1163 2754 1299 2803 47(M
1356 2758 1438 2794 eP.
1465 2758 1508 2794 L.

150 2803 273 2842 1062).
373 2812 429 2844 20,
442 2811 484 2838 21
511 2802 644 2837 Verum
659 2804 748 2838 dum
762 2804 940 2838 adamus
955 2803 1111 2839 Parthos
1126 2805 1221 2839 etc..
1245 2815 1276 2840 v.
1287 2767 1398 2840 ιἔξω.
1415 2804 1477 2841 vii.
1494 2758 1627 2854 3οὲἰῗ

147 2859 197 2894 24
213 2851 505 2905 Mercuriumque
526 2851 714 2885 martirem
736 2852 835 2886 etc.·
858 2861 890 2886 v.
921 2851 991 2885 Vit.
1008 2851 1045 2886 S.
1062 2851 1200 2886 Basilii
1223 2863 1278 2888 cc.
1300 2853 1359 2897 36,
1381 2861 1427 2898 37
1450 2853 1544 2899 (Aet.
1561 2856 1626 2893 SS.

147 2896 261 2935 Iun.
250 2897 291 2935 xi.
308 2898 411 2944 944).
553 2907 602 2944 29
624 2899 957 2944 Deipemoaantes
972 2900 1068 2935 eta:
1092 2909 1125 2935 v.
1143 2898 1232 2936 Luc.
1250 2897 1297 2936 vi.
1319 2910 1373 2937 12.

1449 2956 1515 3000 381
