1846 3262
153 282 252 316 cAP.
268 268 351 332 xv]
666 270 1075 318 POLICRATICV
1078 270 1110 315 S
1656 271 1741 320 670
1761 269 1791 309 d

150 392 270 437 cium
291 395 360 437 est
379 393 548 448 docere,
568 394 632 439 sic
651 395 910 439 auditorum
929 395 1141 453 praebere
1161 409 1208 438 se
1227 393 1411 446 dociles;
1441 392 1642 451 alioquin

151 466 364 507 neutrum
404 464 500 508 sine
540 464 683 509 altero
722 466 900 510 sufficit.
958 466 1089 517 Nam,
1125 466 1242 510 sicut
1279 465 1474 509 hominis
1515 467 1642 508 ortus

152 547 210 577 ex
239 537 431 592 utroque
460 535 744 594 gignentium
775 540 844 580 est
872 536 1114 588 confectus,
1144 540 1191 580 et
1219 536 1392 580 frustra
1426 534 1642 593 sparseris

152 604 325 648 semina
353 605 441 648 nisi
472 621 525 649 ea
554 598 862 664 praemollitus
891 606 1060 651 fouerit
1094 607 1253 659 sulcus,
1286 608 1352 651 ita
1387 605 1643 664 eloquentia

114 692 135 729 5
154 675 396 719 coalescere
422 677 580 734 nequit
603 677 690 720 nisi
718 678 886 722 sociata
911 678 1133 722 tradentis
1162 678 1508 736 accipientisque
1536 691 1642 721 con-

153 747 316 791 cordia.
357 748 481 792 Haec
502 748 682 806 quidem
699 749 1008 803 Quintilianus
1023 749 1071 791 in
1086 749 1336 807 praeceptis
1351 748 1643 806 eloquentiae,

153 817 232 861 sed
263 818 580 863 nichilominus
611 823 719 863 sunt
755 819 813 863 ad
845 820 1178 863 institutionem
1214 819 1460 877 sapientiae
1499 818 1642 876 appli-

152 887 307 932 canda.
368 888 574 933 Profecto
604 904 685 934 nec
715 890 970 947 eloquentia
1000 889 1087 933 nisi
1117 890 1366 947 praeceptis
1395 888 1642 946 sapientiae

153 962 451 1017 comparatur,
471 962 518 1002 et
538 959 587 1002 in
607 959 757 1003 forum
778 960 958 1004 illorum
990 960 1068 1018 qui
1089 975 1220 1003 aures
1240 960 1452 1003 audiendi
1473 959 1643 1002 habent

94 1044 139 1071 1ο
154 1043 246 1072 11011
277 1029 409 1072 1110ᾶο
441 1029 706 1074 ridiculosus
739 1030 816 1073 sed
849 1029 1176 1087 quodammodo
1207 1045 1401 1074 uesanus
1430 1030 1644 1087 irrumpit

154 1113 477 1157 quemcumque
516 1100 800 1158 philosophia
843 1103 897 1143 ut
944 1100 1203 1158 loqueretur
1245 1101 1508 1159 diligentius
1551 1115 1644 1144 non

153 1169 384 1212 instruxit.
443 1169 625 1228 Septem
673 1170 785 1214 alias
829 1170 990 1222 claues,
1035 1185 1148 1228 quas
1193 1171 1251 1214 ad
1294 1171 1642 1229 intelligentiam
1662 1169 1738 1219 671
1757 1179 1788 1208 a

154 1238 490 1297 Scripturarum
518 1240 727 1284 Ticonius
757 1241 919 1299 posuit,
939 1241 988 1284 in
1017 1241 1162 1285 lucem
1191 1240 1393 1299 proferet
1421 1241 1536 1284 liber
1565 1241 1644 1298 qui

153 1309 210 1353 de
238 1310 457 1354 Doctrina
491 1310 754 1355 Christiana
786 1312 1049 1355 inscribitur
1061 1327 1071 1365 ;
1111 1312 1190 1355 sed
1229 1326 1512 1369 nequaquam
1543 1311 1644 1355 istis

94 1390 136 1427 ¹5
153 1380 352 1432 obuiant,
372 1396 526 1425 omnes
545 1382 696 1439 potius
722 1386 961 1426 uersantur
986 1383 1035 1426 in
1058 1397 1151 1426 una
1176 1383 1394 1435 istarum3
1424 1397 1498 1425 eas
1522 1396 1646 1424 nam-

153 1465 240 1508 que
259 1451 461 1495 studium
481 1453 724 1510 quaerendi
738 1453 1060 1511 complectitur.
1101 1451 1313 1497 Ceterum
1329 1452 1384 1496 de
1399 1450 1644 1496 traditione

153 1521 392 1579 gentilium
412 1536 558 1566 sermo
583 1522 734 1566 fuerat
760 1523 1011 1574 institutus,
1031 1523 1099 1566 ita
1122 1526 1275 1566 tamen
1293 1526 1348 1566 ut
1377 1522 1436 1566 ad
1462 1522 1646 1565 institu-

154 1592 323 1636 tionem
342 1592 544 1636 fidelium
564 1608 622 1637 ex
646 1594 876 1652 proposito
901 1593 1138 1637 referatur.
1197 1593 1300 1636 Vna
1326 1596 1479 1637 tamen
1503 1596 1573 1636 est
1599 1596 1647 1636 et

150 1662 399 1720 singularis
418 1666 465 1706 et
485 1664 613 1721 quasi
633 1664 830 1708 clauium
850 1665 990 1708 clauis
1014 1664 1154 1708 clauis
1181 1664 1260 1707 illa
1287 1679 1402 1722 quae
1429 1664 1575 1722 aperit
1598 1666 1646 1706 et

95 1745 143 1771 ὀ
156 1747 288 1776 nemo
306 1733 489 1785 claudit,
508 1734 679 1778 claudit
699 1737 746 1778 et
764 1750 895 1779 nemo
915 1735 1073 1793 aperit,
1094 1737 1141 1778 et
1163 1735 1259 1778 sine
1287 1750 1376 1792 qua
1396 1734 1454 1778 ad
1478 1733 1645 1777 intelli·

155 1803 357 1862 gentiam
394 1804 492 1848 ueri
534 1805 686 1849 nullus
721 1806 904 1859 accedit,
940 1820 1075 1863 quam
1118 1805 1320 1863 quisquis
1358 1820 1450 1848 non
1484 1819 1644 1862 appre-

114 1874 118 1878 ’
155 1873 315 1917 hendit
353 1876 435 1918 aut
473 1889 564 1919 non
603 1879 741 1928 tenet,
775 1876 926 1934 potius
966 1875 1163 1919 insanire
1202 1875 1467 1920 crediderim
1507 1889 1644 1932 quam

154 1944 474 2003 philomphari.

156 2105 264 2164 Cap.
289 2116 353 2163 15.
383 2106 448 2151 In
475 2122 563 2165 quo
583 2107 823 2164 Epicurus
848 2111 886 2151 d
914 2107 992 2151 sui
1015 2121 1253 2151 summum
1280 2105 1451 2150 bonum
1477 2105 1641 2149 consti·

94 2194 138 2229 ²5
225 2180 393 2228 tuant;
424 2182 463 2221 et
482 2179 603 2235 quod
616 2193 703 2235 per
723 2177 892 2222 labores
911 2177 1078 2221 ‘multos
1095 2178 1200 2221 itur
1218 2177 1282 2220 ad
1302 2176 1567 2233 uoluptates.
1657 2179 1687 2219 b

214 2281 363 2325 Multa
391 2282 572 2340 quidem
602 2285 710 2325 sunt
739 2284 786 2325 et
815 2281 1013 2325 difficilia
1040 2281 1203 2339 quibus
1228 2280 1643 2338 philosophantium

155 2351 374 2410 probatur
408 2352 567 2403 uirtus,
595 2353 702 2409 quia
736 2352 794 2394 ad
834 2366 1059 2394 summum
1093 2366 1184 2394 non
1217 2354 1285 2394 est
1324 2351 1412 2393 iter
1442 2350 1529 2392 nisi
1562 2365 1644 2407 per

155 2421 310 2464 ardua.
373 2421 430 2464 In
465 2437 543 2480 spe
573 2426 726 2465 tamen
757 2421 1016 2479 proficiendi
1049 2421 1199 2464 omnia
1233 2423 1549 2463 mansuescunt
1583 2423 1643 2471 et,

155 2491 265 2535 dum
299 2491 465 2535 laboris
495 2495 712 2549 pensatur
742 2492 930 2542 utilitas,
959 2506 1085 2534 mens
1119 2491 1177 2533 ad
1208 2491 1359 2533 omnia
1392 2489 1644 2534 roboratur.

159 2611 176 2638 1
196 2612 235 2637 se
253 2600 410 2647 prebere
421 2599 511 2636 A¹M
608 2611 630 2636 2
648 2606 734 2646 post
745 2600 867 2638 altero
880 2602 967 2637 add.
981 2611 1059 2636 non
1071 2598 1183 2635 CBA¹
1279 2608 1310 2644 7,
1330 2600 1352 2636 8
1378 2598 1584 2646 aplicanda
1601 2598 1644 2635 S¹

157 2650 181 2686 8
202 2654 288 2695 post
305 2660 375 2685 nec
393 2651 480 2686 add.
493 2648 704 2695 sapientiae
722 2648 763 2684 M
854 2658 894 2685 11
922 2646 1179 2694 phylosophia
1195 2646 1237 2683 M
1325 2658 1367 2694 13
1392 2647 1582 2694 proferret
1599 2646 1642 2683 M

156 2707 200 2733 21
224 2701 308 2742 post
325 2696 496 2742 quisquis
512 2699 598 2733 add.
616 2700 686 2734 aut
704 2695 745 2732 S²
895 2707 940 2742 23
964 2695 1239 2743 phylosophari
1256 2695 1298 2731 M
1439 2696 1487 2731 26
1511 2695 1643 2742 phylo-

155 2743 402 2791 sophantium
419 2744 460 2779 M

205 2837 227 2872 3
252 2831 303 2862 esi
320 2829 520 2873 confectus:
530 2829 735 2882 confertur
751 2825 909 2870 Quintil.
1034 2835 1077 2862 12
1102 2827 1243 2872 Septem
1260 2827 1315 2862 ali
1300 2837 1357 2862 ωε
1371 2826 1467 2862 etc.:
1492 2837 1526 2862 v.
1542 2825 1640 2874 Aug.

157 2876 202 2911 de
224 2875 345 2910 Doctr.
375 2877 508 2911 Christ.
526 2874 582 2911 iii.
605 2885 652 2920 30
678 2874 696 2922 ξ
723 2885 771 2919 42
798 2874 867 2920 (Mi
856 2885 947 2920 igne
965 2875 1008 2909 P.
1026 2875 1069 2909 L.
1094 2873 1221 2912 xxxiv.
1246 2873 1321 2920 81).
1467 2884 1511 2918 14
1535 2876 1618 2910 istis

157 2933 268 2968 quas
276 2921 452 2959 videlicet
477 2925 678 2960 enumerat
703 2922 923 2959 Bel-nardus
947 2921 1203 2959 Carnotensis.
1361 2931 1407 2968 19
1431 2922 1550 2958 clauis
1574 2923 1643 2958 illa

157 2982 250 3019 quae
266 2974 386 3016 aper-ic
401 2973 496 3009 eta:
519 2983 555 3009 v.
570 2971 687 3018 Apoc.
703 2969 760 3008 111.
779 2980 812 3016 7.

206 3041 291 3062 mu
308 3042 332 3062 11
875 3041 906 3068 1
1464 3040 1479 3065 ¹
1486 3042 1530 3077 53
