1846 3262
77 239 156 302 7'53
174 250 207 290 ιι
553 247 815 294 IOANNIS
855 246 1371 294 sARESBEmENSIs
1470 247 1584 309 [mn.
1599 261 1696 295 vm

221 371 417 415 crinibus
429 371 594 429 sparsis
609 373 654 414 et
669 370 863 414 turbatis
883 373 963 413 aut
982 370 1202 413 nudatum
1217 373 1370 428 pectus
1389 371 1437 414 in
1457 375 1694 430 conspectu

198 441 500 499 *frequentiae
534 441 755 498 plangere,
788 441 836 482 in
868 440 1165 484 conditorium
1197 441 1332 484 etiam
1363 445 1596 498 prosecuta
1626 445 1696 486 est

223 511 485 554 defunctum
524 511 807 568 positumque
853 511 901 552 in
941 510 1154 568 hipogato
1193 510 1333 554 Greco
1378 526 1499 554 more
1536 526 1696 570 corpus

223 581 444 625 custodire
484 595 535 623 ac
572 581 678 624 flere
717 581 825 624 totis
864 581 1069 624 noctibus
1107 580 1350 638 diebusque
1392 581 1548 638 coepit.
1621 581 1696 626 Sic

182 664 208 692 c
225 650 510 693 afflictantem
526 664 572 692 se
589 665 639 693 ac
654 653 842 693 mortem
858 650 1006 693 inedia
1026 653 1361 707 persequentem
1380 665 1471 694 non
1490 654 1697 708 parentes
1714 664 1738 699 5.

224 722 469 778 potuerunt
505 720 735 772 abducere,
764 735 855 763 non
895 720 1145 778 propinqui.
1206 720 1498 778 Magistratus
1537 720 1697 764 ultimo

224 790 390 847 repulsi
417 790 636 842 abierunt,
662 791 1020 848 complorataque
1046 790 1285 848 singularis
1312 790 1503 848 exempli
1529 790 1699 834 femina

223 860 281 902 ab
319 860 526 903 omnibus
565 861 773 918 quintum
812 861 902 903 iam
942 861 1060 903 diem
1099 861 1194 904 sine
1232 860 1444 904 alimento
1478 861 1698 907 trahebat.

222 930 461 973 Assidebat
501 945 632 987 egrae
680 930 895 974 fidissima
933 930 1105 984 ancilla,
1141 931 1361 988 simulque
1407 933 1453 974 et
1492 931 1698 974 lacrimas

223 1000 560 1044 commendabat
571 1000 765 1058 lugenti,
780 1003 826 1044 et
846 1000 1240 1058 quotienscumque
1259 1001 1483 1045 defecerat
1502 1001 1697 1059 positum
1717 1017 1760 1043 ιο

222 1070 271 1112 in
295 1074 582 1114 monumento
606 1071 756 1114 lumen
783 1071 1041 1115 renouabat.
1102 1071 1203 1114 Vna
1229 1071 1370 1129 igitur
1395 1072 1444 1114 in
1469 1074 1566 1115 tota
1590 1071 1698 1115 ciui-

222 1143 317 1183 tate
354 1141 508 1183 fabula
543 1143 662 1194 erat3
694 1141 838 1184 solum
867 1141 980 1184 illud
1014 1141 1231 1185 affulsisse
1265 1156 1423 1185 uerum
1457 1141 1700 1199 pudicitiae

223 1211 473 1267 amorisque
500 1211 752 1268 exemplum
776 1211 920 1254 omnis
943 1211 1112 1255 ordinis
1136 1211 1335 1255 homines
1361 1212 1701 1257 confitebantur.

224 1280 338 1325 Cum
366 1281 546 1324 interim
573 1281 815 1338 imperator
837 1282 1092 1338 prouinciae
1119 1281 1313 1325 latrones
1339 1282 1542 1325 crucibus
1568 1282 1700 1326 iussit

222 1350 344 1408 affigi
393 1351 635 1394 secundum
683 1351 806 1393 illam
849 1351 1045 1394 casulam
1089 1351 1137 1394 in
1181 1366 1271 1409 qua
1313 1366 1464 1395 recens
1507 1352 1700 1396 cadauer
1718 1364 1760 1399 15

224 1424 430 1464 matrona
463 1421 664 1464 deflebat.
736 1421 945 1464 Proxima
985 1436 1089 1478 ergo
1128 1424 1268 1473 nocte,
1301 1436 1403 1465 cum
1442 1421 1580 1473 miles,
1620 1421 1699 1478 qui

225 1505 375 1534 cruces
405 1491 623 1542 seruabat,
643 1506 700 1534 ne
730 1491 829 1548 quis
860 1491 916 1534 ad
932 1491 1218 1548 vsepulturam
1245 1506 1404 1548 corpus
1430 1491 1697 1544 detraheret,

179 1566 209 1606 d
225 1562 424 1604 notasset
447 1561 533 1604 sibi
560 1565 605 1604 et
630 1561 780 1604 lumen
806 1561 925 1604 inter
951 1563 1239 1604 monumenta
1263 1561 1426 1605 clarius
1448 1561 1627 1619 fulgens
1653 1564 1701 1606 et

225 1631 441 1688 gemitum
471 1631 666 1689 lugentis
692 1631 900 1682 audisset,
920 1631 1034 1674 uitio
1057 1632 1204 1689 gentis
1229 1633 1451 1675 humanae
1474 1633 1700 1690 concupiit

226 1701 337 1744 scire
353 1701 452 1759 quis
468 1705 548 1744 aut
562 1702 670 1759 quid
686 1701 863 1745 faceret.
895 1701 1135 1745 Descendit
1154 1702 1306 1759 itaque
1326 1702 1373 1745 in
1386 1702 1697 1754 conditorium,
1717 1716 1763 1741 ιο

225 1771 411 1828 uisaque
434 1771 732 1828 pulcherrima
757 1771 942 1815 muliere
969 1772 1113 1829 primo
1140 1772 1267 1829 quasi
1288 1773 1479 1830 quodam
1499 1777 1700 1817 monstro

226 1840 502 1898 infernisque
531 1841 801 1899 imaginibus
828 1842 1037 1885 turbatus
1066 1842 1279 1885 substitit.
1338 1842 1522 1894 Deinde,
1546 1843 1624 1886 ubi
1654 1847 1702 1887 et

225 1925 384 1968 corpus
410 1911 595 1955 iacentis
619 1911 796 1969 aspexit
822 1915 867 1955 et
892 1912 1097 1955 lacrimas
1126 1912 1424 1956 considerauit
1453 1912 1700 1971 faciemque

226 1981 453 2038 unguibus
487 1983 664 2034 sectam,
696 1983 822 2024 ratus
851 1981 1030 2033 scilicet,
1061 1982 1107 2024 id
1139 1982 1257 2039 quod
1289 1985 1397 2033 erat,
1429 1982 1698 2026 desiderium

226 2051 414 2094 extincti
446 2051 660 2094 feminam
690 2051 786 2109 pati
815 2066 904 2094 non
935 2066 1073 2109 posse,
1098 2052 1254 2095 attulit
1283 2052 1331 2095 in
1360 2055 1698 2096 monumentum
1717 2068 1760 2104 25

225 2121 427 2165 cenulam
454 2136 581 2165 suam
607 2122 837 2180 coepitque
863 2122 1034 2165 hortari
1059 2122 1287 2180 lugentem
1313 2137 1370 2166 ne
1394 2125 1701 2180 perseueraret

227 2191 274 2233 in
314 2191 464 2235 dolore
495 2205 770 2249 superuacuo
804 2207 855 2236 ac
889 2192 1026 2236 nichil
1060 2192 1298 2250 profuturo
1336 2193 1508 2251 gemitu
1546 2197 1701 2251 pectus

227 2261 455 2305 diduceret
467 2276 477 2315 3
516 2262 715 2305 omnium
748 2262 901 2306 eadem
936 2277 1040 2314 esse,
1071 2263 1238 2306 scilicet
1267 2261 1385 2306 idem
1415 2263 1701 2318 domicilium,

80 2348 161 2389 754
180 2351 210 2380 a
228 2333 273 2374 et
307 2335 453 2375 cetera
492 2332 654 2389 quibus
693 2332 970 2375 exulceratae
1002 2335 1173 2375 mentes
1204 2333 1262 2376 ad
1301 2332 1540 2376 sanitatem
1574 2348 1699 2378 reuo-

227 2404 399 2445 cantur.
476 2401 540 2444 At
585 2401 663 2444 illa
708 2401 863 2459 ignota
905 2402 1202 2445 consolatione
1242 2417 1448 2459 percussa
1486 2402 1701 2447 lacerauit
1717 2417 1761 2452 30

227 2471 536 2514 uehementius
565 2473 719 2528 pectus
746 2474 984 2528 raptosque
1010 2472 1152 2515 crines
1182 2487 1316 2529 super
1341 2475 1495 2530 pectus
1515 2473 1700 2516 iacentis

227 2540 451 2598 imposuit.
511 2541 615 2584 Non
639 2541 818 2584 recessit
841 2544 992 2584 tamen
1012 2541 1139 2584 miles
1158 2541 1235 2584 sed
1255 2541 1408 2585 eadem
1423 2542 1703 2586 exortatione

229 2656 545 2741 ”dymabgiinibffi
562 2657 603 2742 Άξ
626 2704 656 2742 ff
746 2657 934 2742 2A6²hc1>rtari
951 2657 976 2694 S
1119 2669 1164 2706 32
1189 2658 1316 2706 posuit
1331 2657 1365 2694 A
1459 2658 1699 2696 exortatione

229 2715 274 2741 ea
301 2717 360 2742 em
431 2718 439 2741 :
466 2717 485 2742 e
541 2717 730 2743 oraione

278 2817 298 2851 3
324 2808 516 2853 hipoqato:
541 2809 721 2854 hypoyaeo
738 2807 893 2844 Petron.
1075 2817 1119 2844 10
1142 2808 1431 2844 commendabat:
1456 2807 1700 2844 commodabat

228 2852 380 2890 Petron.
524 2866 569 2891 22
593 2856 680 2891 ubi:
703 2860 745 2891 ut
761 2855 914 2893 Petron-
1057 2856 1102 2891 28
1127 2857 1250 2891 eadem
1266 2867 1350 2898 esse,
1366 2857 1521 2891 scilicet:
1546 2856 1698 2892 eundem

229 2911 300 2936 esse
316 2903 453 2937 exitum
468 2904 530 2939 sed
546 2908 578 2939 et
595 2902 745 2940 Petron.
891 2911 935 2949 31
962 2907 1172 2950 raptosque:
1197 2908 1390 2950 ruptosque
1406 2902 1555 2940 Petron.

340 2976 402 3008 30²
