1846 3262
75 220 158 263 ⁷⁵9
177 212 208 254 b
557 211 820 257 IOANNIS
858 210 1375 259 SARESBERIENSIS
1483 211 1594 274 [mn.
1609 223 1704 259 vm

225 333 331 379 dine
346 336 392 378 et
407 333 661 378 saltationis
673 333 842 378 lubrico
855 338 1080 379 exerceret
1095 334 1313 380 illecebris
1327 337 1704 398 philosophantes.

226 403 436 450 Ceterum
456 404 696 449 histriones
720 420 811 450 non
832 404 951 449 inter
974 408 1128 463 turpes
1155 406 1334 451 habitos
1363 406 1518 453 Cicero
1547 411 1704 454 auctor

225 477 294 519 est
315 475 403 532 qui,
423 475 540 518 sicut
561 474 723 518 Furius
743 474 935 519 Albinus
955 475 1106 527 refert,
1128 475 1287 520 Roscio
1307 478 1353 521 et
1374 476 1518 536 Esopo
1538 477 1703 523 famili·

224 546 364 588 ariter
390 559 497 587 usus
524 546 603 596 est,
619 544 729 589 adeo
756 544 935 602 quidem
964 548 1017 590 ut
1043 560 1114 590 res
1141 546 1423 605 rationesque
1449 561 1602 592 eorum
1621 562 1704 593 sua

224 614 423 658 sollertia
464 617 694 669 tueretur;
748 615 867 673 quod
914 630 1014 660 cum
1055 631 1112 660 ex
1151 616 1252 661 aliis
1291 617 1459 669 multis,
1498 620 1597 662 tum
1644 632 1703 663 ex
1721 630 1742 668 ε

224 683 425 742 epistolis
455 684 550 729 eius
580 684 843 729 declaratur.
914 685 1033 730 Nam
1063 685 1143 731 illa
1170 686 1315 731 oratio
1345 687 1602 732 celebritate
1631 687 1703 733 sui

224 754 424 798 innotuit
454 755 503 798 in
531 769 620 812 qua
643 755 857 814 populum
889 756 1139 800 Romanum
1167 757 1378 816 obiurgat
1397 757 1517 815 quod
1545 757 1704 804 Roscio

224 827 385 883 agente
405 824 707 870 tumultuarit.
771 825 830 870 Et
850 826 1029 884 quidem
1052 829 1228 871 constat
1247 841 1347 872 cum
1367 827 1466 886 ipso
1485 827 1704 874 histrione

182 903 207 934 c
225 895 490 939 contendere
517 894 699 939 solitum
727 898 881 940 utrum
908 896 984 941 ille
1013 897 1190 955 saepius
1216 897 1401 941 eandem
1433 897 1703 943 sententiam

223 964 363 1009 uariis
394 965 595 1023 gestibus
629 966 819 1010 efficeret
857 980 916 1010 an
960 965 1054 1025 ipse
1094 981 1174 1024 per
1211 966 1491 1025 eloquentiae
1530 967 1703 1027 copiam
1723 981 1767 1010 ιο

223 1049 424 1079 sermone
458 1035 636 1079 diuerso
669 1035 994 1094 pronuntiaret.
1074 1036 1199 1091 Quae
1238 1051 1308 1081 res
1348 1036 1406 1081 ad
1440 1037 1556 1082 hanc
1589 1037 1704 1083 artis

223 1119 329 1149 suae
364 1105 572 1150 fiduciam
606 1106 814 1150 Roscium
854 1106 1078 1151 abstraxit
1112 1110 1165 1151 ut
1204 1107 1369 1151 librum
1407 1107 1704 1153 conscriberet

224 1190 312 1233 quo
327 1175 627 1233 eloquentiam
648 1190 749 1221 cum
770 1177 1008 1221 histrionia
1021 1179 1310 1235 compararet.
1360 1177 1409 1222 Is
1429 1180 1497 1222 est
1516 1177 1704 1223 Roscius

224 1245 301 1302 qui
332 1245 468 1289 etiam
498 1245 637 1290 Sillae
665 1246 920 1291 carissimus
953 1246 1044 1291 fuit
1064 1250 1109 1291 et
1136 1246 1272 1291 anulo
1298 1261 1433 1292 aureo
1459 1247 1518 1292 ab
1545 1246 1699 1293 eodem

224 1314 441 1359 dictatore
470 1315 663 1360 donatus
693 1318 770 1360 est.
830 1316 976 1361 Tanta
1005 1319 1155 1361 autem
1187 1316 1279 1361 fuit
1305 1317 1455 1375 gratia
1483 1320 1530 1361 et
1557 1316 1702 1376 gloria
1722 1330 1764 1368 η

224 1387 277 1429 ut
297 1385 541 1430 mercedem
569 1385 776 1429 diurnam
801 1385 856 1430 de
885 1386 1063 1444 publico
1093 1386 1214 1431 mille
1243 1386 1448 1431 denarios
1477 1386 1572 1431 sine
1602 1401 1701 1446 gre-

223 1454 400 1513 galibus
439 1455 558 1499 solus
607 1455 838 1514 acciperet.
919 1455 1113 1514 Esopum
1153 1470 1327 1514 quoque
1367 1470 1423 1501 ex
1463 1457 1561 1515 pari
1602 1459 1701 1502 arte

224 1524 453 1569 ducenties
486 1525 751 1569 sextertium
792 1525 1021 1584 reliquisse
1055 1528 1242 1571 constat.
1317 1525 1407 1570 Sed
1441 1526 1627 1579 utinam,
1661 1526 1702 1572 si

224 1594 464 1638 histriones
495 1595 709 1639 uidentur
739 1595 796 1639 ob
831 1595 1144 1639 auctoritatem
1174 1594 1400 1640 Ciceronis
1439 1598 1486 1641 et
1524 1596 1701 1655 praedi-

177 1662 206 1704 d
224 1666 396 1708 ctorum
427 1665 611 1709 heroum
642 1665 689 1709 in
709 1668 857 1709 cetum
877 1665 1147 1723 sapientium
1167 1665 1446 1718 admittendi,
1471 1666 1700 1726 eligantur
1719 1681 1765 1710 ιο

223 1734 381 1779 Roscio
411 1735 578 1779 similes
608 1738 654 1779 et
685 1735 829 1793 Esopo
859 1735 949 1793 qui,
969 1735 1053 1779 etsi
1083 1750 1173 1779 non
1204 1735 1350 1780 facere
1380 1734 1516 1793 (quod
1546 1739 1699 1782 tamen

222 1804 288 1847 illi
309 1805 559 1863 nouerant),
579 1805 652 1849 uel
674 1805 923 1863 intelligere
950 1804 1086 1849 libros
1113 1805 1259 1850 sciant
1284 1807 1330 1849 et
1355 1808 1576 1850 amatores
1602 1805 1697 1853 sint

221 1875 371 1933 potius
391 1890 525 1933 quam
546 1875 880 1933 impugnatores
906 1874 1171 1927 litterarum,
1192 1890 1303 1933 quas
1329 1890 1460 1920 nemo
1486 1890 1700 1935 umquam

221 1945 398 2003 sapiens
419 1948 499 1989 aut
525 1945 668 1989 bonus
687 1945 789 1989 odio
816 1945 987 1989 habuit.
1047 1944 1305 1990 Ciceronem
1331 1944 1473 1990 refert
1492 1945 1698 1992 Valerius

179 2043 184 2050 -
222 2014 396 2058 litteras
425 2015 740 2074 contempsisse
770 2018 816 2060 et
845 2015 893 2059 in
932 2018 1191 2073 contemptu
1223 2015 1319 2073 ipso
1352 2014 1491 2060 fuisse
1526 2014 1697 2062 fontem
1719 2028 1762 2066 ’Β

222 2084 689 2130 habundantissimum
717 2085 983 2138 litterarum,
1003 2085 1061 2130 ob
1087 2086 1169 2130 hoc
1200 2084 1317 2130 forte
1348 2085 1466 2144 quod
1495 2085 1697 2131 studium

222 2154 414 2213 negotiis
448 2155 757 2213 postponebat.
828 2155 947 2199 Nam
977 2155 1146 2199 institit
1176 2155 1239 2199 eis
1269 2155 1376 2199 dum
1405 2155 1700 2215 contempsit;

222 2223 403 2282 ipseque
433 2227 715 2283 contemptus
745 2224 971 2270 Ciceronis
1000 2224 1243 2268 multorum
1274 2224 1424 2268 studio
1458 2224 1701 2271 studiosior

222 2297 302 2338 est.
374 2293 478 2338 Non
518 2293 650 2338 facile
690 2297 841 2339 tamen
881 2294 1142 2339 crediderim
1191 2293 1248 2338 ad
1298 2293 1380 2338 hoc
1431 2308 1701 2354 quemquam

225 2412 267 2447 ¹4
292 2400 515 2438 karissimus
532 2399 618 2437 sille
637 2399 661 2437 Β
758 2398 890 2437 eodem
909 2399 1067 2436 Macrob.
1085 2412 1093 2436 :
1119 2396 1291 2437 eiusdem
1310 2396 1476 2435 CBASM
1653 2397 1700 2437 16

221 2449 327 2487 mille
365 2448 416 2487 Μ.
434 2447 598 2485 CBASM
697 2446 872 2484 denarios
887 2459 954 2484 om.
974 2446 1013 2482 M
1158 2456 1202 2493 23
1229 2445 1428 2483 literarum
1446 2443 1505 2482 As
1651 2446 1699 2484 26

220 2498 321 2535 abun
351 2495 594 2534 antissimum
612 2494 686 2532 MS

268 2601 289 2628 2
319 2592 483 2629 ceterum
499 2590 691 2627 him-iones
707 2590 779 2626 etc.
796 2598 911 2635 usque
928 2585 976 2625 ad
994 2587 1178 2635 reliquisse
1194 2590 1351 2623 constat:
1378 2597 1411 2624 v.
1437 2584 1603 2624 Macrob.
1621 2584 1699 2623 Sat.

220 2637 274 2676 iii.
299 2638 377 2686 14§
401 2649 453 2677 11.
566 2647 586 2684 3
612 2637 752 2673 Fur-ius
769 2637 950 2673 Albinae:
976 2646 1024 2671 sc.
1043 2633 1084 2672 in
1109 2633 1290 2671 Macrobii
1311 2633 1570 2671 Saturnalibus
1584 2631 1700 2689 inter·

222 2686 380 2724 locutor.
574 2695 619 2731 24
648 2686 852 2722 Ciceronem
877 2685 968 2720 etc.:
995 2681 1095 2720 Male
1120 2680 1316 2719 intellexit
1342 2680 1478 2719 Noster
1501 2679 1698 2718 Valerium

224 2733 435 2771 Maximum
454 2744 533 2769 non
551 2732 597 2770 de
614 2731 796 2770 Cicerone
813 2731 878 2768 sed
896 2730 942 2767 de
959 2728 998 2766 Ο.
1023 2728 1146 2768 Mario
1168 2729 1411 2777 loquentem3
1439 2740 1471 2767 v.
1489 2727 1571 2765 Vel.
1595 2726 1696 2765 Max.

222 2781 261 2817 ii.
280 2792 300 2817 π
319 2780 337 2828 §
356 2792 376 2828 3
395 2783 610 2827 conspicuae
617 2780 813 2828 felicitatis
823 2780 1011 2825 Arpinum
1023 2778 1200 2821 unicum‚·
1224 2779 1295 2813 sive
1308 2777 1510 2813 litterarum
1519 2776 1699 2823 plor-doeio-

221 2830 355 2864 simum
380 2833 651 2874 contemptorem
678 2828 744 2868 (sc.
773 2826 955 2874 Marium)
978 2826 1056 2863 siue
1082 2825 1439 2863 abundantissimum
1461 2826 1605 2872 sontem
1630 2822 1695 2871 (ιο.

222 2875 459 2924 Ciceronem)
478 2877 617 2912 intueri
632 2876 734 2913 uelis.

332 2956 396 2990 2¹²
