1846 3262
77 206 162 245 802
182 215 208 247 c
555 205 819 250 IOANNIS
859 205 1379 253 SARESBERIENSIS
1483 209 1592 267 [ΗΒ.
1605 220 1701 254 v111

220 327 534 379 Antiochenos‚
574 328 789 372 aduersus
829 343 940 386 quos
978 330 1077 372 tum
1116 328 1282 372 librum
1322 330 1432 374 satis
1479 331 1704 374 urbanum

221 397 410 455 scripsit.
452 399 515 441 Vt
534 402 686 441 autem
708 398 844 442 etiam
860 398 1020 442 Iudeos
1040 398 1186 442 denuo
1206 400 1428 444 animaret
1448 404 1494 444 et
1508 403 1704 445 armaret

223 468 271 509 in
293 467 537 521 Christum,
559 469 777 526 templum
804 468 1074 512 Ierosolimis
1095 483 1169 512 eos
1196 469 1447 514 instaurare
1467 471 1704 529 praecepit.

178 538 207 579 d
227 536 694 596 Concurrentibusque
715 553 826 596 quos
846 538 901 582 de
921 541 1019 582 toto
1033 539 1140 583 orbe
1160 543 1497 594 conuocauerat,
1510 540 1706 598 plurima

222 608 512 661 ministrauit,
543 609 753 666 misitque
782 609 1030 666 praesidem
1059 609 1300 667 impiorum
1331 613 1612 654 executorem
1639 610 1706 654 di·
1725 626 1745 662 5

220 677 486 734 gnissimum
500 682 841 736 praeceptorem.
863 679 1007 722 Aiunt
1020 679 1139 722 enim
1153 680 1364 737 quoniam
1377 681 1433 724 ad
1446 680 1707 738 repurgium

222 746 478 791 faciendum
499 751 734 806 argenteas
749 763 873 792 amas
889 751 935 792 et
949 749 1162 806 cophinos
1178 753 1224 793 et
1240 751 1428 808 scaphas
1442 751 1707 804 habuerint3

222 832 411 875 cumque
452 818 604 862 fodere
644 818 735 862 iam
770 819 1028 876 coepissent,
1065 822 1239 863 statuta
1279 821 1459 878 quidem
1505 821 1578 865 die
1623 821 1709 866 hoc

223 888 469 932 multitudo
499 889 694 946 plurima
724 889 928 933 faciebat.
988 889 1133 934 Nocte
1167 905 1275 934 uero
1307 895 1554 949 spontanea
1586 893 1710 935 terra

223 959 279 1002 de
319 959 437 1002 ualle
477 960 713 1004 crescebat.
793 960 964 1004 Solutis
1009 960 1162 1019 itaque
1211 961 1373 1019 prioris
1423 961 1708 1006 fundamenti
1727 980 1772 1005 ιο

223 1029 436 1086 reliquiis,
456 1044 575 1072 noua
594 1030 745 1073 omnia
764 1030 1104 1088 praeparabant.
1148 1030 1352 1089 Cumque
1374 1032 1492 1090 gipsi
1512 1035 1559 1076 et
1578 1032 1712 1076 calcis

224 1099 370 1142 multa
396 1099 646 1143 modiorum
674 1100 800 1143 milia
819 1104 1174 1159 congregassent,
1196 1101 1267 1145 uis
1287 1117 1453 1160 magna
1471 1106 1711 1146 uentorum

225 1171 407 1226 repente
427 1169 651 1226 respirans
672 1172 960 1228 tempestates
980 1174 1116 1228 atque
1143 1171 1361 1229 procellae
1387 1171 1538 1216 subito
1564 1171 1712 1216 factae

227 1239 439 1296 quicquid
469 1244 788 1298 congregatum
818 1240 970 1284 fuerat
994 1241 1311 1299 disperserunt.
1370 1242 1532 1286 Adhuc
1557 1245 1712 1286 autem

227 1310 564 1353 uesanientibus
592 1310 655 1354 eis
682 1313 728 1354 et
752 1326 1035 1369 nequaquam
1063 1312 1219 1355 diuina
1242 1312 1583 1371 longanimitate
1613 1327 1710 1357 cor·
1732 1328 1775 1363 15

227 1380 380 1437 reptis,
400 1380 624 1423 maximus
644 1381 789 1437 primo
811 1384 958 1425 terrae
977 1384 1127 1425 motus
1147 1381 1295 1426 factus
1322 1385 1414 1436 est3
1444 1385 1490 1427 et
1510 1383 1714 1441 quisquis

227 1465 318 1493 non
348 1449 499 1493 fuerat
529 1450 695 1494 diuinis
725 1451 937 1495 misteriis
966 1452 1179 1505 imbutus,
1210 1453 1499 1497 uehementer
1527 1453 1715 1497 attritus

77 1530 161 1578 803
180 1539 211 1568 a
229 1523 309 1565 est.
369 1519 484 1564 Cum
524 1535 632 1564 uero
666 1535 810 1578 neque
850 1521 933 1565 hoc
965 1525 1243 1566 terrerentur
1281 1523 1458 1576 indicio,
1498 1523 1616 1581 ignis
1656 1538 1714 1567 ex

229 1590 536 1634 fundamentis
574 1605 688 1648 quae
728 1591 1084 1635 suffodiebantur
1118 1593 1349 1650 egrediens
1388 1593 1605 1651 plurimos
1645 1592 1714 1637 fo-

229 1660 449 1703 dientium
479 1661 791 1714 concmmauit,
820 1662 1010 1705 aliorum
1045 1663 1245 1706 membra
1278 1663 1498 1707 dissoluit.
1569 1663 1714 1708 Nocte
1733 1682 1778 1706 πο

229 1731 436 1788 plurimis
456 1731 503 1773 in
524 1731 675 1774 uicina
700 1731 876 1789 porticu
903 1732 1228 1776 dormientibus
1253 1734 1415 1778 cadens
1442 1734 1592 1778 subito
1611 1749 1714 1778 cum

231 1804 350 1844 tecto
370 1801 468 1858 ipsa
487 1801 685 1858 porticus
711 1801 983 1845 dormientes
1009 1802 1240 1860 oppressit.
1299 1803 1404 1846 Alia
1429 1818 1538 1848 uero
1567 1804 1639 1848 die
1666 1805 1715 1847 in

231 1871 325 1914 celo
349 1871 529 1929 signum
559 1871 796 1929 splendens
823 1871 966 1916 crucis
998 1872 1208 1916 salutaris
1235 1874 1458 1931 apparuit,
1477 1874 1555 1918 sed
1579 1874 1716 1918 etiam

232 1940 474 1984 Iudeorum
524 1944 672 1984 uestes
728 1941 870 1986 crucis
920 1942 1150 2000 signaculo
1199 1946 1306 1987 sunt
1355 1943 1577 2002 impletae,
1626 1959 1717 1988 non

232 2011 435 2069 signatae
462 2013 615 2054 tamen
642 2011 895 2069 splendenti
926 2013 1070 2056 colore
1099 2013 1178 2057 sed
1206 2014 1350 2072 nigro.
1411 2014 1535 2058 Haec
1564 2014 1717 2073 itaque
1737 2031 1780 2067 25

234 2080 319 2124 Dei
340 2081 526 2124 rebelles
545 2082 877 2126 considerantes
893 2086 939 2126 et
954 2083 1110 2127 diuina
1126 2084 1515 2133 contremiscentes
1528 2085 1718 2143 flagella,

235 2150 293 2193 ad
313 2151 495 2208 propria
515 2154 622 2194 sunt
642 2152 823 2205 reuersi,
839 2153 1103 2196 confitentes
1118 2168 1211 2196 esse
1227 2153 1374 2197 Deum
1390 2154 1467 2211 qui
1487 2154 1546 2198 ab
1565 2169 1719 2198 eorum

235 2220 596 2278 progenitoribus
635 2221 759 2278 ligno
798 2222 1017 2279 probatur
1058 2237 1293 2280 appensus.
1363 2223 1419 2266 In
1458 2224 1529 2267 his
1568 2226 1722 2268 tamen

236 2290 443 2333 omnibus
473 2304 564 2333 non
599 2294 668 2333 est
696 2305 881 2334 auersus
911 2291 1039 2335 furor
1069 2292 1210 2350 impii,
1241 2293 1319 2336 sed
1349 2293 1561 2355 indurato
1590 2294 1721 2338 corde

237 2359 465 2416 praecepit
494 2362 558 2410 ut,
588 2360 856 2418 quicumque
891 2362 1138 2406 sacrificare
1168 2362 1350 2414 nollent,
1379 2363 1598 2420 palatium
1628 2379 1720 2408 non
1738 2383 1789 2419 30.

185 2434 215 2472 b
239 2429 461 2472 intrarent
482 2431 528 2472 et
552 2445 695 2487 neque
715 2431 899 2489 collegio
919 2446 1062 2490 neque
1090 2431 1189 2475 foro
1208 2447 1352 2490 neque
1371 2433 1559 2477 arbitrio
1578 2449 1723 2492 neque

240 2498 462 2556 dignitate
511 2514 592 2542 nec
648 2500 848 2557 qualibet
896 2501 1286 2546 administratione
1334 2503 1723 2562 participarentur.

242 2630 257 2657 1
285 2619 507 2657 antiocenus
524 2620 550 2657 S
733 2631 754 2668 7
779 2634 884 2660 amos
899 2622 953 2660 A:
977 2623 1111 2660 hamos
1129 2623 1212 2660 S²M
1245 2619 1248 2622 ⁴
1406 2634 1450 2671 17
1474 2624 1667 2671 mysteriis
1684 2624 1726 2662 M

243 2677 286 2713 19
312 2667 624 2705 subfodiebantur
638 2667 671 2705 A
835 2681 889 2718 19,
909 2681 956 2708 20
980 2671 1219 2709 fodiendium
1240 2671 1268 2709 Ο
1412 2683 1458 2720 23
1485 2673 1610 2711 celum
1627 2673 1727 2711 CBA

240 2726 284 2761 32
311 2715 659 2754 amministratione
675 2717 716 2754 M

287 2835 308 2860 2
340 2827 383 2862 Vt
399 2831 521 2863 autem
537 2829 645 2864 etiam
661 2829 793 2864 Iudeos
809 2830 905 2866 etc.:
931 2841 963 2866 v.
981 2827 1145 2866 Cassiod.
1162 2829 1260 2867 Hist.
1282 2830 1384 2878 Trcp.
1402 2829 1450 2867 vi.
1467 2840 1528 2878 43.
1678 2841 1729 2878 30

237 2876 422 2920 praecepit
438 2877 510 2912 etc.
525 2888 534 2913 :
562 2887 594 2913 v.
612 2875 704 2913 ibid.
722 2876 769 2913 vi.
788 2887 846 2923 30.

353 2947 419 2986 388
