1846 3262
86 217 159 257 714
179 205 208 247 d
557 205 759 250 IOANN
762 204 820 249 IS
861 204 1381 250 SARESBERIENSIS
1491 203 1602 266 [ΜΒ.
1617 212 1710 250 VIII

225 327 433 385 pudicam
483 327 717 371 lectionem
767 327 1118 370 arbitrabantur.
1180 326 1437 371 Noluerunt
1486 328 1605 372 enim
1655 343 1709 372 ea

224 398 464 441 liberorum
496 413 677 440 suorum
706 398 878 441 animos
909 398 1063 450 imbui,
1083 412 1140 441 ne
1170 398 1271 455 plus
1300 399 1499 442 moribus
1528 402 1708 443 noceret

224 483 357 525 quam
399 468 591 526 ingeniis
631 469 872 525 prodesset.
935 469 1096 525 Itaque
1135 468 1383 511 maximum
1415 472 1594 526 poetam
1626 472 1708 512 aut

222 540 341 581 certe
361 553 534 580 summo
554 538 823 595 proximum,
844 538 950 595 quia
977 538 1157 581 domum
1186 538 1271 581 sibi
1293 539 1486 582 inuisam
1506 539 1707 583 obscenis

223 608 473 651 maledictis
493 608 769 651 lacerauerat
795 609 1055 660 carminum,
1075 608 1211 652 exilio
1238 609 1500 653 multarunt.
1562 610 1708 653 Simili
1726 624 1746 659 5

88 697 158 737 715
177 698 207 727 a
225 679 318 722 fere
368 679 593 722 sententia
642 679 968 736 condempnata
1017 682 1086 722 est
1133 679 1319 722 lasciuia
1367 680 1615 723 carminum
1661 681 1709 723 in

225 749 416 791 Nasone.
478 748 711 806 Numquid
727 749 899 792 licitum
916 751 984 792 est
1000 748 1146 791 audiri
1167 749 1215 791 in
1230 749 1401 806 poculis
1421 749 1540 806 quod
1560 749 1711 793 ieiuna

223 819 440 862 sobrietas
475 834 565 862 non
602 819 797 862 audebat
832 819 1020 864 audire'l
1092 818 1260 862 Eadem
1300 819 1462 862 ciuitas
1502 820 1710 864 omnibus

223 889 300 946 qui
321 904 401 946 per
420 889 617 946 aliquam
639 889 867 947 religionis
894 889 1224 932 simulationem
1245 889 1460 932 alimenta
1487 889 1708 933 inhertiae

224 959 498 1016 quaerebant
525 959 698 1002 clausas
729 959 924 1003 habebat
950 962 1116 1017 portas,
1143 959 1400 1003 mendacem
1428 962 1474 1003 et
1507 959 1707 1003 fucosam
1729 977 1772 1002 ιο

223 1030 586 1087 superstitionem
619 1030 971 1074 submouendam
1003 1045 1097 1073 esse
1133 1030 1406 1073 existimans.
1479 1029 1521 1073 Ii
1555 1032 1708 1073 tamen

224 1101 301 1157 qui
345 1101 678 1158 superstitionis
716 1101 803 1144 sibi
854 1100 1016 1144 conscii
1057 1103 1164 1144 sunt
1203 1101 1488 1158 praecipuam
1533 1103 1708 1158 partem

222 1171 464 1214 uendicant
498 1171 619 1228 apud
649 1186 723 1214 eos
754 1171 830 1228 qui
861 1169 1007 1214 laudis
1037 1186 1187 1214 amore
1217 1174 1510 1214 macerantur.
1572 1170 1709 1214 Porro

221 1241 338 1284 sicut
358 1255 545 1284 auarum
566 1256 594 1284 a
609 1241 747 1299 largo,
763 1241 829 1284 ita
849 1244 895 1284 et
914 1241 1151 1299 prodigum
1173 1241 1366 1299 quadam
1387 1241 1706 1285 contrarietate

220 1311 399 1354 differre
434 1314 703 1354 censuerunt
739 1311 816 1368 qui
851 1311 940 1354 duo
971 1312 1107 1355 unius
1139 1311 1311 1369 opinati
1343 1314 1450 1355 sunt
1479 1326 1573 1355 esse
1603 1326 1706 1355 con·
1726 1333 1767 1367 15

220 1382 374 1432 traria,
414 1381 668 1438 quantitate
712 1382 914 1432 alterum,
962 1382 1154 1424 alterum
1195 1382 1437 1439 qualitate;
1483 1382 1703 1439 siquidem

222 1451 585 1508 magnanimitati
624 1451 845 1494 timiditas
884 1451 1150 1494 aduersatur
1190 1452 1408 1509 qualitate
1440 1452 1562 1505 mali,
1597 1452 1706 1495 dum

222 1521 428 1564 audenda
467 1521 652 1575 metuit;
693 1524 738 1564 et
770 1521 957 1565 audacia
992 1522 1258 1579 quantitate,
1291 1522 1398 1565 dum
1432 1523 1535 1580 plus
1570 1537 1706 1580 quam

221 1591 427 1635 audenda
453 1592 711 1649 praesumit.
773 1592 1070 1650 Prodigalitas
1100 1592 1253 1650 itaque
1284 1593 1509 1651 eroganda
1538 1595 1584 1636 et
1614 1608 1705 1637 non

174 1675 203 1714 b
222 1662 446 1720 eroganda
476 1661 713 1719 profundit
748 1662 795 1704 in
828 1677 902 1705 eas
934 1677 1004 1705 res
1037 1677 1150 1720 quae
1183 1663 1354 1706 nullam
1384 1666 1491 1706 sunt
1522 1664 1704 1707 omnino
1725 1684 1769 1710 πο

220 1735 301 1775 aut
321 1733 501 1775 breuem
522 1732 759 1775 habiturae
778 1733 1050 1776 memoriam.
1107 1733 1238 1776 Hanc
1258 1736 1410 1776 autem
1430 1734 1703 1786 effusionem,

220 1804 401 1846 auctore
442 1801 665 1853 Cicerone,
699 1802 1028 1846 commendasse
1062 1803 1209 1846 dictus
1249 1805 1317 1846 est
1356 1803 1617 1848 Teofrastus
1656 1805 1705 1848 in

220 1873 336 1916 libro
368 1888 499 1930 quem
532 1873 598 1916 De
629 1873 816 1916 Diuitiis
846 1873 1035 1930 scripsit.
1096 1873 1152 1916 In
1183 1888 1272 1931 quo
1299 1874 1443 1917 multa
1469 1875 1706 1932 praeclare,

220 1943 334 1987 illud
368 1943 559 1986 absurde
595 1943 714 2000 quod
749 1943 919 1987 multus
955 1944 1003 1986 in
1033 1944 1260 1987 laudanda
1288 1945 1624 2002 magnificentia
1659 1949 1706 1990 et

221 2013 512 2072 apparatione
556 2013 840 2071 popularium
880 2029 1116 2058 munerum
1155 2014 1404 2072 taliumque
1442 2018 1704 2074 sumptuum
1725 2046 1767 2081 ²5

221 2085 484 2128 facultatem
512 2083 710 2127 fructum
738 2084 1001 2128 diuitiarum
1031 2087 1175 2142 putat.
1236 2085 1417 2138 Quanto
1447 2085 1706 2131 Aristotiles

219 2155 405 2213 grauius
438 2157 484 2198 et
518 2155 669 2198 uerius
701 2156 782 2198 has
817 2155 1107 2213 pecuniarum
1140 2156 1428 2213 reprehendit
1458 2157 1706 2210 effusiones,

220 2226 483 2283 praesertim
513 2240 614 2269 cum
639 2241 784 2283 neque
812 2225 1068 2269 necessitati
1099 2226 1371 2269 subueniant
1399 2241 1480 2270 nec
1509 2231 1707 2285 augeant

219 2296 499 2354 dignitatem,
520 2297 705 2354 ipsaque
725 2297 804 2339 illa
825 2296 1062 2340 delectatio
1082 2296 1297 2340 delinitae
1317 2297 1624 2342 multitudinis
1644 2298 1703 2343 ad

219 2368 354 2411 breue
387 2368 689 2425 exiguumque
722 2370 901 2425 tempus
930 2367 1002 2419 sit,
1032 2382 1172 2425 eaque
1203 2382 1231 2410 a
1260 2367 1486 2411 leuissimo
1517 2383 1703 2428 quoque,
1723 2397 1770 2431 30

222 2502 261 2528 11
291 2490 343 2527 Hi
361 2489 501 2526 G²BM:
529 2489 596 2525 Hii
612 2489 636 2526 S
747 2498 790 2535 17
814 2489 919 2526 mala
936 2488 1108 2526 c2BA¹M
1218 2490 1261 2526 18
1287 2487 1547 2535 quantitatem
1566 2490 1705 2528 CBAS²

220 2549 266 2575 22
291 2539 469 2575 cicerone
487 2540 645 2575 auctore
663 2537 704 2573 M
799 2537 1035 2575 theofrastus
1050 2537 1127 2573 AM
1270 2546 1313 2584 25
1340 2536 1586 2584 apparitione
1603 2539 1690 2577 0¹M

270 2660 300 2698 5,
320 2652 343 2688 6
369 2652 494 2687 Simili
507 2653 590 2697 fere
612 2652 794 2687 sententia
818 2652 917 2688 etc.:
952 2649 979 2686 i.
994 2661 1026 2687 e.
1052 2649 1290 2698 relegatione
1315 2649 1365 2686 ad
1389 2649 1549 2698 Tomou3
1578 2664 1610 2690 v.
1638 2652 1705 2692 Ov.

224 2700 331 2735 Trist.
352 2698 392 2735 ii.
411 2710 493 2742 211,
512 2709 603 2740 212;
631 2698 707 2735 Sid.
726 2699 849 2746 Apoll.
873 2700 992 2735 Carm.
1018 2698 1126 2734 xxiii.
1149 2700 1214 2745 158
1232 2710 1337 2745 seqq.
1517 2701 1538 2736 8
1562 2701 1706 2738 Eadem

219 2749 376 2784 ciuitas:
403 2759 452 2784 sc.
471 2758 568 2794 quae
586 2746 702 2784 libros
717 2746 938 2784 Archilochi
961 2746 1156 2794 exportari
1176 2746 1288 2782 iussit
1304 2758 1312 2791 ;
1338 2758 1371 2782 v.
1387 2745 1473 2783 Val.
1499 2746 1600 2784 Max.
1622 2748 1663 2785 ii.
1682 2750 1706 2787 6

222 2794 240 2841 §
262 2805 295 2839 7.
397 2805 438 2841 15
464 2797 529 2842 qui
544 2797 616 2831 duo
634 2797 729 2832 etc.:
755 2807 788 2833 v.
806 2795 940 2832 Boeth.
958 2795 1008 2831 ad
1025 2794 1139 2831 Arist.
1161 2795 1281 2841 C'ateq.
1300 2806 1332 2831 c.
1355 2804 1408 2831 11.
1433 2805 1473 2841 13
1487 2795 1522 2838 b,
1543 2797 1588 2841 36
1599 2808 1702 2844 seqq.

222 2845 280 2886 (in
300 2845 418 2888 Cateq.
436 2845 550 2879 Arist.
570 2843 631 2888 iv;
659 2842 792 2890 Migne
809 2845 851 2880 P.
871 2845 914 2879 L.
941 2843 1030 2880 lxiv.
1056 2842 1153 2889 281).
1347 2852 1393 2879 20
1412 2845 1613 2891 profundit
1629 2847 1704 2883 etc.

222 2890 358 2938 (usque
375 2891 423 2927 ad
438 2893 631 2938 probat-0:
657 2903 689 2927 v.
709 2891 785 2928 Cic.
804 2893 848 2928 de
867 2893 933 2938 Off.
953 2891 994 2930 ii.
1016 2892 1059 2929 16
1079 2890 1122 2939 ἕξ
1143 2899 1271 2939 55-57.

333 2973 397 3007 234
