1846 3262
99 217 181 267 675
199 212 230 256 d
561 211 827 258 IOANNIS
869 211 1392 258 SARESBERIENSIS
1531 210 1737 274 [ma-vn

246 335 332 380 etsi
352 350 444 380 non
463 336 640 395 populo,
660 338 814 380 tamen
835 337 1058 393 quatenus
1079 333 1269 392 quisque
1287 337 1438 392 potest
1468 335 1737 380 dominatur.

248 406 355 451 Non
375 407 495 451 enim
516 407 572 450 de
592 407 664 450 his
684 406 924 449 institutus
940 408 1008 449 est
1023 419 1168 449 sermo
1184 405 1262 462 qui
1278 408 1386 448 sunt
1399 406 1582 450 omnino
1597 406 1738 449 animi

247 477 441 521 defecati
477 480 523 521 et
557 477 832 521 subiectione
864 476 1079 520 continua
1113 475 1362 533 gaudentes
1391 475 1527 519 alicui
1558 476 1608 519 in
1639 476 1740 520 uita

92 553 179 603 676
200 563 230 593 a
247 562 450 606 praeesse
475 547 710 605 refugiunt
717 560 727 600 ;
757 547 857 589 uita
880 546 1032 604 potius
1059 546 1345 603 politicorum
1370 546 1638 590 excutienda
1660 548 1740 590 est.

249 618 392 671 Quem
413 617 549 661 michi
571 617 699 660 dabis
719 617 841 660 inter
860 616 960 660 illos
982 616 1059 673 qui
1080 631 1172 659 non
1192 616 1305 660 uelit
1329 615 1402 659 uel
1421 630 1564 659 unum
1583 619 1739 674 poten·
1760 636 1780 671 5

245 688 313 732 tia
343 688 546 732 anteire?
606 687 718 741 Quis
749 689 818 730 est
848 686 926 744 qui
954 686 1070 730 nolit
1097 686 1183 730 sibi
1211 686 1283 730 ius
1314 701 1408 730 esse
1434 686 1483 729 in
1511 685 1741 744 aliquem?

248 758 360 812 Quis
381 760 449 801 est
470 757 548 815 qui
569 757 632 801 sic
653 757 886 800 subditum
912 759 1078 800 tractet
1105 757 1222 800 sicut
1251 772 1299 800 se
1326 757 1465 800 uellet
1488 756 1676 801 tractari
1702 756 1742 800 si

246 828 539 873 subderetur?
599 827 720 871 Dum
737 842 844 886 ergo
859 828 1047 871 ambitio
1063 828 1311 879 inualescit‚
1327 827 1498 871 calcata
1513 827 1742 886 aequitate

246 899 449 957 procedit
487 898 714 942 iniustitia
747 901 804 949 et,
837 898 1079 942 tirannidis
1113 913 1359 956 procurans
1393 901 1556 950 ortum,
1586 897 1738 941 omnia

246 969 410 1027 quibus
439 969 520 1012 illa
545 969 704 1013 crescit
731 969 985 1027 exequitur.
1045 969 1135 1023 Qui
1163 984 1269 1027 ergo
1297 969 1390 1012 suis
1419 984 1510 1012 non
1537 968 1742 1027 preualet
1762 987 1805 1012 10

245 1040 433 1092 uiribus,
453 1040 619 1084 nititur
646 1039 815 1083 alienis.
876 1039 959 1082 Est
987 1039 1140 1083 uidere
1169 1039 1523 1097 quamplurimos
1547 1053 1742 1097 aucupes

246 1113 536 1168 potestatum,
568 1111 789 1153 honorum
824 1124 994 1168 procos,
1027 1110 1242 1154 adherere
1281 1110 1553 1167 potentibus,
1589 1125 1637 1154 se
1676 1109 1742 1154 rei
1803 1116 1807 1118 ’

247 1179 452 1238 publicae
473 1180 640 1224 muniis
661 1180 920 1232 immiscere,
941 1183 1217 1238 temptantes
1237 1180 1360 1224 uiam
1381 1195 1471 1238 qua
1490 1195 1537 1224 se
1566 1180 1741 1238 possint

247 1266 273 1295 e
288 1251 428 1294 latere
443 1250 517 1294 uel
538 1266 596 1294 ex
615 1250 805 1294 aduerso
821 1250 869 1293 in
885 1250 1029 1294 altum
1045 1250 1213 1302 tollere,
1227 1266 1315 1308 quo
1331 1266 1438 1308 prae
1454 1250 1554 1294 aliis
1569 1251 1743 1308 possint

247 1323 330 1364 aut
362 1321 521 1364 saltem
554 1335 682 1378 posse
717 1320 891 1364 ratione
927 1321 1140 1364 consortii
1175 1321 1430 1365 uideantur.
1490 1320 1744 1364 Effundunt
1763 1339 1803 1373 15

199 1394 231 1436 b
248 1391 532 1449 patrimonia,
562 1390 737 1434 labores
766 1391 1005 1434 immensos
1040 1391 1369 1449 aggrediuntur
1399 1393 1447 1436 et
1481 1391 1742 1449 perferunt;

247 1461 419 1505 instare
442 1461 667 1518 obsequiis
696 1464 741 1504 et
768 1461 1001 1505 blanditiis
1028 1461 1269 1505 sollicitare
1299 1477 1410 1519 quos
1437 1465 1624 1520 captant
1650 1477 1742 1506 non

249 1535 476 1576 uerentur.
539 1530 730 1574 Nullum
765 1546 871 1590 ergo
904 1531 1098 1575 officium
1129 1532 1382 1590 gratuitum
1412 1534 1492 1586 est,
1517 1547 1610 1576 non
1644 1532 1740 1576 dux

249 1605 331 1646 aut
358 1602 508 1655 iudex,
529 1602 732 1645 centurio
759 1605 840 1645 aut
860 1602 1066 1654 decanus,
1087 1602 1166 1646 sed
1193 1617 1275 1646 nec
1301 1617 1462 1660 praeco
1488 1617 1569 1646 nec
1596 1617 1739 1661 caupo

248 1672 337 1716 nisi
358 1672 416 1715 ad
437 1672 633 1730 pretium
653 1672 742 1715 fiet.
803 1672 867 1715 At
888 1672 996 1716 haec
1018 1672 1066 1715 in
1087 1672 1332 1730 prophanis
1352 1673 1616 1724 tolerabilia,
1632 1673 1741 1716 dum
1762 1694 1806 1722 20·

250 1758 365 1800 quae
377 1742 557 1800 publica
572 1745 679 1786 sunt
695 1742 883 1786 ambitio
898 1757 988 1786 non
1004 1746 1262 1800 corrumpat
1275 1757 1285 1796 3
1315 1758 1421 1786 nam
1437 1758 1743 1802 quaecumque

248 1813 430 1871 publica
469 1815 588 1865 sunt,
617 1812 777 1870 pietati
809 1812 974 1856 debent
1004 1816 1050 1857 et
1086 1813 1191 1857 fidei
1228 1814 1502 1868 consecrari3
1543 1817 1742 1858 ceterum

194 1920 198 1924 .
249 1884 358 1927 haec
398 1883 706 1927 ambitiosiora
745 1886 853 1926 sunt
893 1887 939 1927 et
979 1884 1060 1927 uix
1100 1888 1182 1927 aut
1220 1899 1468 1942 numquam
1511 1885 1655 1943 gratis
1693 1885 1743 1929 in

249 1954 445 2011 aliquem
475 1954 654 1997 cadunt.
716 1953 806 1997 Sed
829 1956 1044 2011 poterunt
1071 1954 1127 1998 de
1151 1955 1222 1998 his
1246 1970 1360 2013 quae
1389 1958 1498 1999 sunt
1521 1955 1580 1999 ab
1604 1955 1741 1999 Insti-

248 2025 426 2070 tutione
448 2024 631 2067 Traiani
661 2024 868 2082 superius
895 2025 1016 2069 dicta
1046 2025 1258 2069 sufficere.
1320 2025 1599 2069 Domesticas
1625 2026 1741 2070 cala·
1762 2050 1778 2074 2
1785 2049 1805 2085 5

248 2095 432 2138 mitates
452 2097 498 2138 61,
517 2095 768 2138 thalamum
789 2095 1037 2153 sapientiae
1058 2096 1313 2154 expositum
1329 2083 1677 2140 fornicatoribus
1697 2100 1743 2141 et

243 2165 494 2211 sanctuarii
524 2165 751 2209 interioris
780 2180 1000 2209 recessum
1031 2166 1080 2208 in
1107 2166 1407 2224 prostibulum
1436 2169 1745 2224 permutatum

248 2236 346 2280 sine
369 2235 543 2294 gemitu
564 2238 610 2279 et
630 2235 826 2279 lacrimis
850 2251 1022 2293 nequeo
1047 2236 1291 2294 deplorare.
1351 2236 1524 2280 Domus
1550 2252 1745 2295 namque

208 2323 234 2354 c
250 2307 466 2351 orationis
486 2306 816 2365 negotiationis,
833 2306 1027 2349 Domino
1043 2307 1323 2364 prohibente,
1340 2306 1464 2350 facta
1479 2310 1548 2351 est
1562 2307 1721 2351 domus
1734 2323 1743 2362 ;

248 2380 297 2421 et
336 2377 556 2436 templum
596 2375 840 2420 fundatum
877 2376 926 2419 in
966 2377 1116 2434 lapide
1155 2377 1371 2421 adiutorii
1419 2377 1469 2421 in
1515 2378 1744 2422 latronum
1762 2398 1807 2433 30

249 2448 508 2506 speluncam
547 2461 729 2490 uersum
769 2449 850 2492 est.
922 2446 1154 2504 Siquidem
1197 2447 1393 2491 Ecclesia
1439 2448 1548 2492 data
1586 2451 1656 2493 est
1695 2449 1744 2492 in

248 2518 547 2576 direptionem
567 2517 669 2560 aliis
689 2517 850 2575 palam,
871 2517 972 2560 aliis
999 2517 1115 2561 clam
1140 2518 1462 2576 occupantibus
1483 2533 1609 2573 eam3
1637 2534 1745 2564 nam

254 2624 298 2660 16
323 2622 578 2670 agrediuntur
595 2622 684 2659 GBS

303 2716 347 2742 10
373 2707 459 2741 vlla:
493 2705 519 2742 i.
532 2718 564 2743 6.
596 2704 784 2753 tyrannis.
979 2713 1021 2749 13
1049 2707 1265 2750 temptantes
1296 2705 1402 2740 uiam
1436 2705 1534 2742 etc.:
1560 2717 1592 2741 v.
1627 2704 1741 2753 Verg.

255 2753 380 2798 Geory.
400 2752 454 2790 iii.
475 2755 509 2799 8,
527 2764 561 2799 9.
633 2764 675 2799 14
695 2754 844 2802 possint
862 2753 958 2789 etc.:
987 2751 1036 2788 cf.
1053 2750 1166 2799 Verg.
1184 2753 1275 2789 Aen.
1288 2764 1322 2788 v.
1334 2762 1415 2798 231.
1482 2761 1526 2800 25
1552 2755 1742 2800 superius:

251 2800 292 2836 in
307 2801 406 2838 libro
424 2801 571 2849 quinto.
726 2803 771 2838 28
798 2802 938 2837 Domus
955 2802 1030 2837 etc.
1047 2810 1056 2835 ε
1083 2811 1118 2836 v·
1139 2800 1251 2836 Matt.
1270 2799 1348 2836 xxi.
1370 2810 1435 2847 135
1462 2800 1596 2839 Ioann.
1615 2800 1656 2838 ii.
1678 2803 1743 2844 163

251 2850 302 2886 cf.
329 2849 437 2886 Grat.
466 2852 571 2887 Decr.
596 2849 645 2886 11.
667 2851 721 2887 16.
742 2862 779 2896 q.
800 2858 820 2894 7
850 2848 900 2885 ad
923 2847 1008 2885 init.
1038 2848 1112 2894 (ed.
1137 2847 1346 2896 Friedberg
1371 2847 1397 2886 i.
1425 2861 1464 2896 p.
1489 2850 1588 2898 800).
1696 2860 1744 2897 30

250 2900 292 2933 in
309 2899 432 2943 lapide
449 2900 649 2936 adiutor-ii:
680 2910 714 2934 v.
737 2908 752 2936 1
774 2897 865 2944 ch.
884 2895 949 2934 vii.
972 2906 1037 2940 125
1063 2895 1112 2933 cf.
1129 2896 1214 2933 Act.
1229 2897 1327 2944 App.
1346 2896 1395 2935 iv.
1416 2907 1471 2936 11.

366 2970 428 3003 162
