1846 3262
79 227 164 277 673
185 237 210 267 c

557 223 822 270 IOANNIS
863 222 1384 268 SARESBERIENSIS
1513 220 1625 284 [mn.
1640 207 1714 267 ⁴VII

225 348 446 392 maiorum
474 347 652 392 facilius
688 346 747 389 ad
778 361 883 404 opes
913 359 1027 403 quae
1060 344 1374 388 desiderantur
1399 345 1591 390 accedat.
1664 344 1715 389 Si

178 423 208 463 d
226 421 386 476 potest,
403 420 613 462 uersatur
632 417 680 459 in
701 417 852 474 aliquo
872 415 1147 469 ministerio;
1178 415 1249 459 sin
1273 418 1437 467 autem,
1457 415 1622 460 sufficit
1641 415 1716 459 uel

224 490 273 532 in
314 489 551 532 matricula
586 487 823 531 curialium
864 501 958 530 6886
990 486 1317 544 conscriptum3
1359 486 1454 530 sola
1493 486 1716 544 siquidem

223 558 492 615 conscriptio
508 560 776 615 quaestuosa
791 559 872 601 est.
923 556 987 599 Vt
1001 556 1239 599 minimum
1255 556 1401 600 locum
1417 556 1716 614 parsimoniae

224 629 346 680 facit,
368 644 457 686 qua
477 628 652 670 nullum
673 614 868 685 uectigal
889 627 1072 680 utilius3
1103 627 1196 670 suis
1217 627 1337 670 enim
1361 626 1715 670 commodissime

223 698 370 756 parcit
389 713 522 755 quem
538 697 671 741 loculi
687 697 904 740 exhibent
920 697 1068 741 alieni.
1130 696 1357 740 Militatur
1371 696 1420 739 in
1435 697 1560 740 curia
1575 710 1717 754 usque

224 767 281 810 ad
306 782 452 818 canos,
472 767 610 810 immo
637 770 683 810 et
711 767 812 810 illos
843 767 1067 810 consumit
1091 767 1227 810 curia.
1288 767 1380 809 Vix
1410 769 1479 811 est
1501 769 1555 810 ut
1583 780 1717 824 quem

222 839 349 882 curia
377 837 593 895 perduxit
622 837 680 880 ad
710 852 844 881 canos
874 837 1057 880 domum
1088 837 1243 881 redeat
1271 837 1345 880 uel
1375 837 1593 881 exclusus.
1666 836 1718 880 Si

222 908 533 967 migrauerint,
558 907 679 951 fame
709 910 926 965 pereunt3
957 908 1076 966 quia,
1096 911 1150 952 ut
1180 908 1246 951 ait
1278 908 1501 960 Sidonius,
1522 922 1596 951 eos
1625 921 1718 951 non

226 982 319 1023 tam
346 979 489 1023 bonus
516 978 661 1037 pascit
688 993 823 1036 quam
844 979 975 1036 panis
1001 979 1202 1031 alienus3
1235 978 1418 1022 suauior
1442 978 1562 1022 enim
1583 981 1652 1022 est
1671 980 1718 1022 et

223 1049 439 1107 quiddam
475 1049 533 1092 ab
567 1048 714 1092 alieno
747 1048 930 1092 innatae
965 1049 1214 1092 dulcedinis
1247 1050 1394 1092 habet.
1454 1049 1612 1093 Nescit
1646 1048 1717 1092 uti

223 1135 306 1163 suo
337 1120 415 1177 qui
448 1134 622 1177 semper
654 1119 821 1162 abusus
854 1123 923 1163 est
958 1120 1115 1163 alieno.
1189 1120 1239 1163 Si
1275 1121 1464 1163 honesta
1494 1119 1718 1162 finiuntur

224 1191 379 1242 officia,
393 1190 581 1248 parasiti
599 1193 750 1247 partes
771 1205 862 1233 non
878 1190 1100 1234 erubescit
1115 1191 1294 1248 explere
1309 1191 1382 1234 uel
1397 1190 1535 1234 mimi.
1591 1189 1718 1244 Quae

225 1261 414 1319 indigna
427 1261 628 1318 patietur
642 1263 884 1317 antequam
901 1264 1034 1304 exeat
1048 1265 1056 1304 1
1106 1261 1241 1319 Apud
1255 1261 1491 1304 Virronem
1504 1260 1718 1303 Trebium

74 1334 158 1382 674
178 1343 208 1373 a
225 1332 393 1389 cogites
425 1330 790 1374 discumbentem.
851 1331 971 1373 Nam
1002 1333 1048 1375 et
1077 1331 1182 1375 huic
1212 1331 1331 1374 idem
1361 1331 1641 1389 propositum
1671 1333 1718 1375 et

224 1416 400 1459 semper
429 1401 583 1444 eadem
613 1415 740 1444 mens
769 1404 839 1445 est

401 1491 454 1531 ut
483 1488 602 1532 bona
631 1503 807 1532 summa
835 1491 967 1546 putet
996 1489 1143 1533 aliena
1172 1490 1328 1534 uiuere
1358 1489 1542 1547 quadra,

225 1578 272 1619 et
291 1590 344 1619 ea
363 1575 556 1633 patienti
577 1575 777 1633 perferre
796 1576 948 1620 animo

813 1677 927 1720 quae
958 1677 1039 1707 nec
1068 1662 1333 1707 Sarmentus
1362 1664 1541 1722 iniquas

402 1719 580 1765 Cesaris
609 1720 668 1764 ad
697 1735 873 1765 mensas
902 1736 984 1765 1166
1012 1722 1118 1766 uilis
1149 1722 1293 1766 Galba
1321 1723 1511 1767 tulisset.

225 1813 584 1858 Innumerabiles
616 1814 718 1858 uiae
753 1817 861 1858 sunt
897 1815 1061 1873 quibus
1092 1816 1242 1874 palam
1274 1819 1356 1860 aut
1385 1815 1587 1860 clanculo
1615 1831 1717 1875 pro·-

225 1887 412 1943 peratur
431 1885 490 1928 ad
512 1888 774 1943 quaestum3
804 1889 851 1929 et
875 1900 1008 1944 quem
1027 1901 1119 1930 non
1139 1887 1311 1944 subigit
1336 1902 1462 1931 amor
1492 1887 1718 1946 pecuniae,

225 1955 454 1999 interdum
475 1959 659 2013 superat
678 1956 903 2014 cupiditas
927 1957 1186 2015 specierum.
1249 1957 1410 2015 Equos,
1430 1961 1590 2010 uestes,
1611 1973 1718 2005 aues

227 2029 435 2077 armatas,
455 2026 686 2070 uenaticos
710 2042 852 2079 canes,
872 2042 1134 2072 numerosos
1160 2043 1318 2086 greges
1344 2031 1651 2073 armentorum
1672 2022 1723 2073 et'

228 2151 247 2188 5
276 2141 368 2188 suis]
385 2141 418 2178 si
431 2142 490 2178 uis
507 2142 536 2179 C
625 2142 890 2181 comodissime
909 2143 934 2181 S
1050 2154 1095 2190 14
1119 2155 1322 2182 uarronem
1339 2144 1439 2182 CBA
1525 2144 1718 2183 crebrium

227 2190 268 2225 M
415 2201 472 2237 23,
491 2201 537 2236 24
563 2193 732 2228 armatas
748 2204 839 2230 aues
854 2192 901 2228 Αι

274 2295 298 2330 4
322 2287 571 2332 parsimoniae
589 2287 686 2323 etc.:
712 2298 746 2322 v.
758 2285 836 2323 Cic.
853 2288 898 2322 de
913 2287 1001 2333 Rep.
1017 2286 1065 2323 iv.
1077 2295 1098 2332 7
1119 2285 1137 2334 §
1157 2295 1178 2332 7
1192 2287 1270 2334 (ap.
1285 2286 1382 2324 Non.
1396 2299 1434 2334 p.
1454 2286 1516 2334 24)
1530 2288 1719 2334 Optimum

226 2340 349 2370 autem
374 2339 406 2369 et
429 2335 471 2369 in
490 2336 658 2380 priuatis
672 2336 840 2380 familiis
864 2340 897 2371 et
920 2337 963 2371 in
988 2348 1028 2371 re
1048 2337 1198 2382 publiea
1222 2337 1380 2382 uectiyal
1403 2337 1494 2372 duco
1511 2348 1582 2372 esse
1598 2339 1720 2383 parsi·

227 2384 398 2418 moniam.
437 2381 616 2429 Suspicor
626 2382 822 2426 Ioannem,
838 2395 963 2429 quem,
978 2385 1022 2419 ut
1034 2394 1150 2430 supra
1160 2382 1251 2427 dixi,
1266 2383 1452 2420 librorum
1465 2385 1510 2419 de
1521 2385 1721 2431 Republica

227 2429 396 2476 ipsorum
419 2442 496 2467 non
521 2430 700 2478 ignarum
725 2431 841 2468 fuisse
865 2433 971 2478 puto,
995 2443 1071 2468 non
1093 2431 1251 2468 aliunde
1275 2432 1375 2468 hanc
1400 2431 1634 2469 sententiam
1659 2432 1721 2471 de-

228 2477 455 2524 sumpsisse;
483 2479 531 2515 cf.
556 2477 632 2515 Cic.
659 2480 796 2515 Parad.
822 2478 869 2516 vi.
895 2490 916 2524 3
944 2479 962 2527 §
990 2491 1039 2527 49
1063 2492 1138 2516 non
1170 2481 1387 2526 intelleyunt
1417 2481 1582 2516 homines
1609 2493 1720 2527 quam

228 2538 404 2571 maynum
419 2528 575 2571 uectiyal
589 2528 639 2563 sit
650 2529 897 2573 parsimonia.
1074 2528 1097 2564 6
1121 2529 1312 2564 exhibent:
1337 2527 1363 2564 i.
1376 2539 1407 2564 e.
1426 2527 1552 2572 alunt,
1570 2530 1720 2566 susten-

227 2575 338 2620 tant;
380 2574 439 2611 ita
470 2574 573 2611 enim
606 2575 789 2612 vocabulo
825 2587 905 2612 non
939 2587 1027 2613 raro
1059 2577 1225 2612 utuntur
1255 2575 1350 2612 iuris
1383 2575 1506 2613 civilis
1532 2580 1718 2615 auctores.

229 2621 325 2659 Inde
364 2622 484 2660 etiam
517 2622 630 2659 hodie
661 2623 830 2660 subsidia
899 2623 1092 2661 ecuniaria
1123 2622 1300 2661 studiosis
1331 2623 1373 2660 in
1406 2624 1719 2664 universitatibus

229 2669 444 2716 scholisque
469 2670 610 2707 nostris
635 2671 826 2718 praestita
851 2672 863 2718 (
901 2671 1016 2709 allice
1041 2671 1198 2718 bour-ses)
1226 2684 1297 2709 nos
1321 2673 1541 2709 eoehibitions
1555 2673 1718 2721 Anglice

228 2729 415 2756 vocamus.
575 2729 608 2765 9,
629 2730 673 2755 10
690 2731 763 2756 non
779 2725 857 2755 tam
873 2721 987 2756 bonus
1001 2721 1094 2757 etc.:
1121 2719 1249 2757 Sidon.
1266 2719 1395 2766 Apoll.
1412 2722 1486 2767 Ep.
1503 2719 1561 2758 iii.
1581 2732 1624 2768 13
1644 2721 1662 2770 ξ
1682 2732 1717 2769 3.

232 2775 277 2810 14
308 2767 519 2804 Virronemt
552 2779 584 2803 v.
613 2767 691 2804 Iuv.
719 2770 795 2804 Sat.
814 2780 846 2804 v.
872 2778 929 2814 39.
1093 2769 1287 2805 Trebium:
1325 2780 1359 2805 v.
1392 2768 1472 2806 Iuv.
1498 2770 1575 2806 Sat.
1599 2781 1632 2806 v.
1661 2779 1717 2817 19.

231 2814 275 2850 16
300 2816 424 2850 eadem
448 2827 549 2851 mens
573 2821 624 2851 est
648 2818 746 2853 eta:
775 2828 806 2852 v.
835 2816 914 2852 Iuv.
939 2816 1015 2852 Sat.
1039 2828 1073 2853 v.
1102 2826 1180 2861 1—4.
1324 2827 1370 2862 23
1394 2819 1618 2863 specierum:
1643 2817 1669 2854 i.
1683 2830 1717 2856 e.

228 2862 477 2898 materiarum
503 2862 694 2909 ipsarum3
737 2863 785 2900 cf.
814 2863 902 2900 God.
930 2863 1025 2901 Iust.
1051 2863 1103 2900 xi.
1133 2873 1167 2909 9.
1199 2873 1214 2900 1
1254 2865 1428 2901 Omnibus
1453 2866 1615 2911 fabricis
1642 2877 1718 2903 non

227 2912 404 2955 pecunias
417 2922 485 2956 pro
494 2913 686 2958 speciebus,
701 2914 764 2948 sed
779 2914 881 2959 ipsas
889 2914 1021 2960 species
1032 2914 1112 2949 sine
1121 2913 1300 2949 delatione
1310 2914 1446 2960 inferri
1455 2915 1716 2962 praecipimus.

341 2982 405 3026 158

1735 643 1754 679 ⁵

1739 999 1780 1024 10

1738 1351 1781 1389 151

1737 1740 1779 1769 20
