1846 3262
623 774 992 826 APPENDIX
1037 774 1092 824 II

540 918 634 966 (vide
650 920 679 957 t.
696 919 739 966 ii,
756 931 793 967 p.
810 927 894 967 425.
913 928 957 966 25
976 930 1067 967 app.
1084 918 1186 966 crit.)

170 1042 382 1090 Sequuntur
393 1042 562 1078 versiculi
581 1042 626 1077 de
639 1042 802 1087 fallacia
817 1041 949 1076 mundi
967 1051 1056 1088 quos
1069 1042 1111 1077 in
1130 1042 1204 1078 eod.
1222 1041 1403 1088 Spayina
1420 1048 1601 1089 postrema

122 1112 221 1139 mn.
237 1113 328 1138 eaeo.
344 1102 407 1137 ,τίν
420 1101 578 1147 scripsit,
595 1112 661 1137 nec
675 1101 768 1137 alibi
782 1100 892 1148 (quod
905 1099 1035 1146 sciam)
1053 1101 1152 1147 typis
1167 1102 1372 1138 commissos
1386 1102 1555 1138 invenies.

263 1203 444 1250 Queritur
465 1213 490 1240 a
514 1203 659 1240 mundo
683 1202 785 1250 quod
808 1204 915 1240 totus
939 1214 1017 1239 non
1041 1202 1153 1241 daret
1174 1204 1244 1240 uni

312 1262 494 1300 Subditus
518 1264 564 1299 ut
587 1262 707 1300 faciat
730 1262 821 1299 inde
845 1262 980 1299 beatus
1003 1261 1132 1299 homo.

265 1320 340 1367 Qui
362 1321 479 1358 timet
502 1322 571 1358 aut
596 1322 726 1368 sperat
750 1319 943 1368 gaudetue
966 1319 1122 1358 doletue
1146 1320 1283 1358 beatus

311 1380 399 1418 Non
424 1379 524 1423 erit;
555 1380 627 1417 hec
652 1379 789 1416 mundi
813 1380 902 1416 sunt
925 1378 1029 1416 mala
1053 1378 1177 1417 mixta
1199 1380 1321 1418 bonis.

264 1440 349 1478 Hec
372 1439 476 1476 mala
499 1438 665 1476 mundus
689 1438 809 1476 habet
833 1449 905 1484 que
931 1440 1040 1475 motu
1064 1439 1249 1486 temporis
1271 1440 1376 1477 omni

313 1498 511 1542 Crescunt,
538 1497 759 1545 augmentis
782 1496 1044 1544 multiplicata
1067 1497 1158 1535 suis.

264 1558 453 1606 Prospera.
474 1559 678 1595 mutantur
699 1556 883 1600 aduersis,
908 1555 1039 1593 tristia
1061 1556 1170 1601 letis;

312 1617 374 1655 Sic
399 1619 486 1654 rota
507 1616 665 1654 fortune
689 1615 836 1653 nobilis
859 1615 931 1653 issa
953 1618 1100 1653 monet.

265 1676 436 1714 Ptesidet
460 1676 533 1713 hec
558 1674 714 1720 mundo,
742 1674 949 1711 mundanis
971 1674 1042 1712 hec
1066 1674 1298 1719 dominatur,

312 1735 428 1772 Ludit
453 1737 493 1772 et
515 1733 559 1771 in
582 1734 708 1778 rebus,
733 1733 901 1771 moribus
925 1745 995 1771 usa.
1017 1733 1108 1772 suis.
1562 1746 1606 1771 10

266 1794 425 1832 Summa
446 1793 602 1842 premit,
626 1804 716 1830 mox
740 1804 831 1840 yma
854 1792 983 1838 leuat;
1017 1792 1072 1830 sic
1096 1793 1227 1830 omnia.
1248 1793 1392 1837 turbat,

313 1853 393 1892 Nec
417 1852 510 1890 sinit
531 1852 614 1889 ulla
636 1852 737 1890 leuis
760 1851 872 1888 firma
895 1862 1050 1888 manere
1074 1852 1154 1890 diu.

266 1912 319 1951 Et
343 1911 466 1950 nichil
491 1911 550 1948 his
573 1910 727 1956 stabile,
751 1910 907 1947 firmum
930 1909 1066 1954 nichil,
1093 1910 1224 1948 omnia
1246 1922 1358 1948 cursu

314 1969 553 2017 Precipitata
575 1967 656 2006 leui
679 1967 914 2015 preteritum
938 1969 1069 2005 ruunt.

266 2030 351 2068 Hec
376 2028 593 2073 stimulant,
619 2029 780 2075 angunt,
804 2025 980 2064 cruciant
1004 2026 1202 2064 mundana
1225 2029 1473 2074 sequentem3

316 2087 421 2136 Ergo
445 2099 532 2125 cum
555 2086 698 2124 mundo
721 2097 835 2124 nemo
859 2085 994 2123 beatus
1019 2085 1104 2122 erit.

268 2147 367 2194 Quid
390 2158 460 2184 nos
484 2146 644 2184 exilium
669 2145 872 2183 delectat?
902 2144 997 2191 quid
1021 2143 1215 2192 peregrini

316 2205 410 2244 Esse
433 2205 503 2242 diu
526 2205 732 2242 uolumus?
763 2204 856 2251 quid
879 2204 946 2241 uia
967 2203 1087 2251 longa
1110 2203 1254 2241 iuuat?

270 2264 344 2303 Hic
368 2265 477 2303 labor
499 2266 541 2302 et
564 2263 674 2302 dolor
697 2265 779 2306 est;
811 2263 914 2300 mala
938 2274 1007 2299 nos
1029 2261 1094 2300 hic
1117 2263 1286 2309 undique
1308 2261 1493 2305 turbant3

316 2324 392 2362 Hic
415 2335 616 2370 nunquam
639 2321 788 2369 requies
811 2323 968 2368 integra
992 2332 1129 2368 parsue
1154 2323 1307 2364 manet3
1559 2331 1608 2358 20

271 2383 346 2421 Hic
371 2382 521 2429 requies
545 2381 655 2418 labor
679 2383 750 2425 est,
776 2380 878 2427 quia,
903 2380 993 2416 dum
1017 2391 1152 2427 corpus
1174 2379 1390 2427 requiescit,

318 2441 547 2479 concutitur
569 2439 704 2477 multis
728 2451 836 2477 mens
860 2439 1012 2486 agitata.
1035 2438 1157 2476 malis.

272 2500 449 2548 Corporis
472 2499 515 2536 in
539 2498 713 2546 requiem
737 2498 847 2546 plebs
870 2497 1040 2545 insurgit
1064 2497 1265 2545 uiciorum,

321 2560 440 2606 Inque
465 2558 685 2605 uoluptates
710 2569 819 2595 mens
844 2556 1015 2594 resoluta
1036 2555 1125 2595 ruit.

273 2618 385 2655 Pacis
409 2616 652 2665 prosperitas,
678 2615 801 2654 elacio
824 2614 1092 2663 prosperitatis

320 2677 389 2714 Est
415 2688 563 2720 comes;
595 2676 670 2713 hec
695 2675 797 2713 uicis.
820 2676 949 2713 cetera.
972 2685 1121 2721 queque
1145 2674 1261 2722 parit.

273 2737 393 2783 Quem
417 2747 530 2773 nemo
554 2737 682 2781 uexat,
706 2735 868 2772 mundus
892 2745 979 2771 cum
1003 2731 1182 2780 principe
1206 2731 1342 2769 mundi
1421 2775 1425 2777 λ

322 2795 485 2844 Impetit
508 2797 549 2833 et
572 2794 684 2832 uiciis
707 2795 823 2832 uexat
845 2792 969 2830 amica
992 2803 1091 2829 caro.

499 2908 533 2934 2.
558 2901 580 2933 1.
597 2898 662 2932 fiat
881 2897 904 2931 8
917 2898 1035 2936 sonan
1050 2894 1075 2930 l.
1092 2895 1237 2930 mobilis

1427 2968 1495 3005 4⁸5
