1846 3262
123 227 226 266 ou».
241 217 357 280 vm]
644 218 1087 265 POLICRATICVS
1620 228 1705 272 ⁷39
1725 229 1756 262 a

240 341 476 386 Summum
505 341 635 386 crede
665 341 793 385 nefas
822 342 1018 384 animam
1048 340 1276 399 praeferre
1305 341 1466 399 pudori
1622 354 1654 384 a

240 404 288 444 et
315 406 499 459 propter
527 401 671 444 uitam
700 401 884 444 uiuendi
914 400 1098 458 perdere
1125 415 1294 444 causas.

123 491 280 536 Refert
315 493 521 536 Valerius
552 493 648 536 uini
683 507 815 536 usum
855 492 962 536 olim
999 492 1213 536 Romanis
1252 491 1432 536 feminis
1464 491 1604 536 fuisse

122 562 341 620 ignotum,
355 578 412 606 ne
436 563 604 606 scilicet
625 560 672 605 in
703 562 884 619 aliquod
909 562 1099 605 dedecus
1127 562 1478 620 prolaberentur,
1499 562 1606 620 quia

82 653 103 688 5
121 632 354 690 proximus
378 647 406 675 a
429 632 590 676 Libero
618 636 747 690 patre
778 631 1150 690 intemperantiae
1180 632 1348 690 gradus
1370 632 1429 675 ad
1454 632 1604 675 incon-

121 716 289 746 cessam
305 702 523 746 Venerem
544 717 638 746 esse
658 701 901 746 consueuit.
960 700 1234 745 Conuiuium
1254 701 1391 744 etiam
1410 701 1605 745 solemne

122 772 312 815 maiores
350 773 692 821 constituerunt,
722 771 856 828 idque
895 771 1076 814 caristia
1115 771 1390 828 appellatum
1421 775 1503 824 est,
1533 771 1605 815 cui

122 843 302 900 praeter
326 845 538 899 cognatos
561 845 608 885 et
634 841 788 884 affines
811 855 941 884 nemo
966 840 1336 898 interponebatur
1362 845 1428 897 ut,
1447 842 1485 885 si
1517 856 1607 899 qua

122 911 244 955 inter
276 911 545 955 necessarias
576 925 787 969 personas
819 910 1000 967 querela
1033 913 1150 953 esset
1184 914 1295 963 orta,
1325 911 1446 969 apud
1480 926 1607 956 sacra

65 993 109 1019 ιο
123 996 303 1025 mensae
333 986 379 1024 et
408 982 528 1024 inter
557 981 832 1023 hilaritatem
862 979 1114 1022 animorum
1144 982 1191 1022 et
1220 980 1472 1024 fautoribus
1502 995 1605 1024 con-

122 1050 299 1095 cordiae
312 1051 527 1094 adhibitis
547 1050 790 1094 tolleretur.
840 1049 1072 1092 Senectuti
1088 1049 1300 1092 iuuentus
1320 1049 1387 1092 ita
1405 1051 1603 1094 cumula-

121 1124 221 1164 tum
241 1123 288 1164 et
306 1121 674 1177 circumspectum
694 1120 907 1162 honorem
927 1118 1142 1162 reddebat
1160 1121 1392 1176 tamquam
1412 1120 1602 1164 maiores
1618 1126 1648 1165 b

122 1193 235 1234 natu
254 1190 601 1234 adolescentium
621 1203 876 1233 communes
907 1190 1058 1246 patres
1078 1191 1238 1234 essent.
1298 1189 1515 1242 Quocirca
1534 1191 1604 1234 iu-

121 1272 259 1303 uenes
271 1260 366 1313 fita
376 1262 650 1303 senectutem
665 1259 837 1312 die‚ut†
850 1258 1044 1315 aliquem
1057 1272 1114 1300 ex
1127 1258 1332 1315 patribus
1345 1260 1607 1318 conscriptis

63 1339 107 1376 ¹5
123 1332 206 1373 aut
224 1330 525 1387 propinquum
551 1332 633 1372 aut
658 1332 897 1386 paternum
916 1328 1109 1371 amicum
1139 1327 1198 1370 ad
1225 1328 1395 1372 curiam
1419 1330 1605 1374 deduce-

122 1399 247 1450 bant,
274 1399 486 1456 affixique
514 1398 663 1442 ualuis
692 1398 990 1456 expectabant
1019 1397 1158 1440 donee
1188 1397 1428 1441 reducendi
1463 1399 1606 1443 officio

123 1468 433 1527 fungerentur.
506 1469 608 1522 Qua
639 1468 819 1526 quidem
845 1467 1104 1511 uoluntaria
1130 1467 1324 1511 statione
1351 1471 1398 1511 et
1421 1483 1607 1527 corpora

122 1541 171 1583 et
189 1538 363 1583 animos
381 1539 439 1582 ad
459 1538 639 1596 publica
658 1538 802 1582 officia
821 1537 1011 1595 impigre
1030 1537 1294 1581 sustinenda
1323 1539 1606 1590 roborabant,

122 1608 339 1666 breuique
377 1623 584 1666 processu
615 1608 664 1650 in
698 1607 842 1651 lucem
874 1606 1099 1650 uirtutum
1139 1621 1322 1650 suarum
1353 1608 1607 1652 uerecunda

64 1690 110 1716 ὀ
124 1678 292 1722 laboris
310 1679 602 1722 meditatione
616 1677 703 1735 ipsi
719 1677 938 1721 doctiores
958 1679 1098 1720 erant.
1157 1676 1350 1721 Inuitati
1370 1678 1429 1721 ad
1449 1693 1604 1722 cenam

123 1748 365 1807 diligenter
398 1749 673 1807 quaerebant
706 1748 891 1806 quinam
923 1747 964 1791 ei
997 1747 1205 1791 conuiuio
1235 1747 1515 1799 interessent,
1546 1763 1603 1792 ne

123 1818 312 1863 senioris
365 1818 613 1861 aduentum
668 1817 894 1861 discubitu
946 1820 1299 1874 praecurrerent,
1338 1818 1605 1875 sublataque

125 1902 280 1932 mensa
299 1888 469 1946 priores
489 1902 754 1945 consurgere
775 1889 821 1930 et
840 1887 963 1930 abire
987 1886 1290 1943 patiebantur.
1352 1887 1422 1930 Ex
1443 1888 1607 1945 quibus

125 1961 313 2016 apparet
332 1972 466 2001 cenae
481 1972 657 2014 quoque
672 1960 871 2014 tempore
886 1971 1021 2013 quam
1036 1970 1171 2014 parco
1186 1959 1233 1999 et
1247 1971 1383 2013 quam
1402 1957 1603 2001 modesto
1622 1971 1648 2001 c

67 2043 109 2079 ²⁵
125 2042 327 2072 sermone
358 2028 430 2071 his
464 2026 773 2084 praesentibus
808 2026 929 2070 soliti
964 2026 1057 2070 sint
1087 2026 1157 2069 uti
1191 2027 1381 2069 maiores
1412 2031 1524 2070 natu
1556 2027 1605 2070 in

125 2097 356 2142 conuiuiis.
429 2097 502 2140 Ad
542 2097 678 2140 tibias
718 2097 897 2155 egregia
935 2110 1197 2154 superorum
1236 2111 1372 2153 opera
1410 2097 1607 2140 carmine

126 2167 443 2224 comprehensa
480 2166 749 2224 pangebant,
784 2181 873 2223 quo
918 2165 976 2208 ad
1026 2181 1079 2209 ea
1124 2165 1344 2208 imitanda
1387 2166 1606 2209 uirtutem

126 2235 386 2280 alacriorem
417 2235 665 2278 redderent.
737 2235 858 2288 Quid
892 2235 975 2278 hoc
1007 2234 1294 2292 splendidius,
1329 2234 1438 2292 quid
1469 2235 1606 2278 etiam

126 2305 285 2350 utilius
313 2306 587 2351 certamine?
648 2305 866 2348 Pubertas
896 2319 1028 2348 suum
1062 2304 1185 2348 canis
1217 2304 1350 2348 decus
1381 2304 1608 2356 reddebat,

126 2435 152 2472 6
176 2433 350 2472 sollenne
366 2434 423 2488 Ag
446 2433 659 2481 sollempne
678 2433 704 2470 S
847 2442 869 2479 7
894 2433 1106 2488 apellatum
1123 2431 1180 2470 CS
1326 2444 1371 2470 10
1393 2432 1606 2472 ilaritatem

127 2481 154 2519 S
260 2481 496 2519 sanctoribus
510 2482 545 2517 A
689 2492 730 2519 11
757 2479 936 2519 Senectus
951 2480 1076 2517 CBAS
1219 2491 1241 2518 2
1245 2489 1264 2528 5
1290 2483 1379 2518 sunt
1395 2480 1437 2516 M
1558 2483 1607 2520 26

128 2540 241 2577 super
257 2532 384 2566 ortum
402 2529 474 2566 C¹S

179 2652 196 2679 1
222 2643 413 2678 Summum
429 2642 529 2677 etc.:
557 2639 634 2676 Iuv.
652 2640 729 2676 Sat.
745 2638 824 2675 viii.
842 2640 899 2684 83,
918 2639 978 2683 84.
1132 2647 1154 2684 3
1178 2638 1304 2683 Refert
1323 2638 1493 2674 Valerius
1507 2639 1604 2676 etc.:

126 2701 164 2726 v.
178 2688 263 2726 Val.
281 2688 384 2724 Max.
401 2688 442 2724 ii
465 2698 480 2724 1
502 2687 521 2735 ξ
543 2696 576 2734 5.
719 2688 743 2724 6
771 2688 995 2723 Conuiuium
1012 2687 1109 2723 etc.:
1131 2684 1217 2722 Val.
1235 2685 1336 2721 Max.
1353 2684 1393 2721 ii.
1415 2695 1430 2721 1
1453 2685 1495 2732 §§
1514 2687 1549 2730 8,
1569 2697 1604 2733 9.

129 2746 151 2783 7
176 2738 402 2784 appellatum
419 2741 491 2772 ed:
517 2735 798 2782 appellauerunt
812 2733 896 2770 Val.
914 2734 1016 2771 Max.
1179 2742 1223 2778 14
1246 2735 1300 2768 ita
1318 2738 1532 2769 senectutem
1546 2736 1606 2770 die

126 2790 196 2822 ut:
229 2790 376 2820 senatus
399 2786 458 2819 die
473 2785 597 2830 utique
619 2781 703 2818 val.
733 2781 861 2825 Max.;
884 2781 1026 2824 forsan,
1043 2782 1087 2818 ut
1103 2780 1207 2827 quod
1232 2779 1330 2827 legit
1346 2780 1604 2829 intellegeret,

126 2833 358 2870 honorabant
373 2830 590 2868 subaudivit
606 2830 782 2867 Ioannes.
929 2839 973 2876 19
989 2840 1184 2877 processu:
1204 2840 1516 2876 processurarum
1527 2828 1605 2868 sive

125 2891 423 2929 processurarum
437 2879 557 2916 habet
571 2877 655 2915 val.
673 2877 775 2915 Max.

1429 2955 1494 2994 ²77
