1846 3262
120 246 312 309 cnm-1]
337 304 340 305 ⁷
654 248 1101 296 POLICRATICVS

122 385 256 429 saepe
276 370 388 415 facit
408 386 502 415 esse
522 372 754 417 uictorem.
814 372 935 426 Quid
956 373 1076 417 enim
1096 373 1279 432 prodest
1299 373 1338 418 si
1359 377 1624 419 exerceatur

122 440 348 500 ignobilis,
368 443 406 487 si
427 443 635 501 pluribus
662 443 900 501 stipendiis
928 447 1130 488 moretur
1158 445 1207 488 in
1227 445 1419 490 castris?
1478 445 1623 489 Num-

124 527 261 570 quam
282 514 507 558 exercitus
527 514 707 572 proficit
726 514 775 557 in
795 517 997 572 tempore
1024 514 1143 567 belli,
1162 515 1290 560 cuius
1310 515 1359 558 in
1379 515 1624 574 probandis

125 582 351 628 tironibus
391 585 665 629 claudicauit
704 585 872 629 electio.
954 585 1015 628 Et
1054 588 1276 643 quantum
1322 600 1408 629 usu
1450 586 1623 644 experi-

87 672 109 708 ⁵
124 655 379 713 mentisque
406 656 711 715 cog-nouimus,
732 656 838 700 hinc
861 658 932 699 tot
956 656 1123 714 ubique
1151 656 1210 700 ab
1236 656 1443 700 hostibus
1470 657 1624 701 illatae
1642 667 1669 698 c

125 729 235 770 sunt
260 726 420 778 clades,
441 727 550 770 dum
577 726 713 785 longa
739 741 831 784 pax
856 726 1048 771 militem
1075 727 1343 771 incuriosius
1370 727 1494 786 legit,
1516 727 1626 770 dum

125 796 312 841 inutiles
333 797 500 855 quique
524 797 678 842 ciuilia
707 800 940 841 sectantur
962 797 1119 849 officia,
1140 797 1248 840 dum
1272 797 1432 842 indicti
1454 813 1627 856 posses-

126 867 304 912 soribus
323 868 494 912 tirones
509 882 590 926 per
604 868 800 926 gratiam
817 871 899 911 aut
914 867 1319 912 dissimulationem
1335 869 1628 926 probantium

126 938 242 983 tales
262 939 492 983 sociantur
518 939 667 990 armis,
689 938 844 996 quales
870 938 1042 982 domini
1069 939 1234 982 habere
1266 938 1523 983 fastidiunt.
1584 939 1628 983 A

70 1028 113 1053 10
128 1009 307 1068 magnis
341 1024 448 1067 ergo
487 1009 601 1053 uiris
638 1023 893 1067 magnaque
928 1008 1167 1067 diligentia
1199 1009 1382 1053 idoneos
1415 1009 1629 1053 conuenit

129 1079 237 1138 eligi
271 1079 481 1124 iuniores.
541 1078 658 1124 Cum
698 1094 808 1123 uero
847 1079 1042 1136 diligens
1082 1079 1240 1123 electio
1279 1079 1447 1124 iudicio
1487 1079 1629 1124 fuerit

129 1150 391 1209 approbata,
411 1149 622 1208 signandi
643 1153 751 1194 sunt
771 1151 818 1194 et
838 1149 1090 1194 ascribendi
1120 1150 1311 1193 militiae
1340 1150 1418 1208 qui
1446 1150 1504 1194 ad
1529 1166 1629 1194 eam

130 1221 423 1265 inuenientur
456 1220 617 1264 idonei.
693 1220 815 1264 Nam
851 1223 897 1265 et
928 1220 1144 1265 uelocitas
1176 1221 1446 1279 requirenda
1482 1224 1551 1264 est
1583 1224 1630 1265 et

131 1292 271 1336 robur
299 1294 346 1336 et
375 1294 531 1335 utrum
561 1306 790 1335 armorum
820 1291 1102 1350 disciplinam
1129 1292 1231 1349 quis
1258 1291 1451 1336 ediscere
1478 1292 1631 1336 ualeat

74 1383 115 1420 15
133 1365 181 1407 et
200 1377 260 1406 an
279 1361 445 1405 habeat
465 1361 783 1406 confidentiam
803 1362 1063 1406 militarem.
1106 1362 1313 1420 Plerique
1334 1362 1455 1405 enim
1476 1377 1631 1420 quam-

132 1434 206 1478 uis
236 1448 328 1477 non
362 1432 681 1491 improbabiles
718 1432 963 1476 uideantur
998 1433 1046 1476 in
1077 1433 1234 1491 specie,
1269 1436 1423 1477 tamen
1456 1434 1631 1492 experi-

132 1504 299 1548 mentis
344 1503 694 1562 comprobantur
742 1503 931 1563 indigni.
1012 1504 1275 1562 Repellendi
1325 1519 1432 1562 ergo
1482 1504 1633 1548 minus

133 1574 271 1619 utiles
310 1577 357 1618 et
395 1574 445 1617 in
483 1573 631 1618 locum
672 1589 827 1618 eorum
868 1574 1168 1618 strenuissimi
1209 1574 1498 1633 subrogandi.
1574 1574 1632 1618 In
1649 1575 1679 1616 d

136 1645 260 1690 omni
304 1645 425 1689 enim
464 1645 676 1689 conflictu
718 1660 810 1689 non
849 1647 946 1689 tam
986 1646 1170 1704 prodest
1208 1645 1456 1689 multitudo
1498 1660 1634 1703 quam

77 1735 122 1760 πο
137 1715 296 1760 uirtus·
377 1715 436 1759 In
485 1730 576 1773 qua
624 1715 902 1773 exploranda
951 1715 1191 1759 formanda
1238 1720 1285 1759 et
1328 1715 1636 1774 promouenda

137 1786 264 1831 ducis
283 1786 482 1830 uertitur
501 1789 595 1830 tam
616 1801 753 1844 opera
773 1801 909 1844 quam
929 1786 1159 1830 iudicium.
1221 1786 1424 1845 Signatis
1440 1801 1636 1844 namque

138 1857 362 1901 tironibus
407 1871 489 1915 per
535 1856 763 1900 cotidiana
802 1857 1017 1900 exercitia
1060 1872 1288 1901 armorum
1333 1860 1402 1901 est
1452 1857 1634 1900 demon-

137 1927 325 1972 stranda
354 1927 560 1971 doctrina
588 1930 643 1971 ut
672 1927 763 1971 leui
794 1931 1026 1971 armatura
1059 1931 1105 1972 et
1134 1928 1278 1987 graui,
1298 1932 1420 1972 terra
1448 1927 1558 1971 item
1589 1930 1636 1971 et

138 1997 311 2057 pelago,
340 1997 514 2056 pedites
543 1997 637 2041 sint
667 2012 727 2041 an
756 1998 942 2056 equites,
973 2002 1209 2043 strenuum
1239 1998 1431 2043 militem
1461 1998 1637 2056 possint

81 2087 124 2122 ²5
140 2068 338 2127 implere.

141 2189 250 2249 Gap.
281 2191 322 2233 6.
372 2189 499 2244 Quae
536 2189 666 2233 'mala
701 2190 989 2247 proueniant
1029 2191 1197 2235 ‘nostris
1236 2190 1426 2247 ‘neylecto
1467 2190 1637 2234 delectu

267 2261 492 2315 militum,
512 2264 552 2304 et
572 2260 772 2318 qualiter
791 2261 1030 2305 Haroldus
1057 2262 1264 2306 Valenses
1284 2260 1518 2318 wbeymt.

203 2355 294 2399 Sed
313 2354 449 2398 huius
469 2353 732 2411 disciplinae
752 2369 858 2398 usus
878 2355 927 2397 in
955 2354 1297 2398 desuetudinem
1328 2353 1442 2396 abiit
1473 2356 1553 2396 aut
1580 2368 1638 2396 ex

143 2421 429 2484 indulgentia
467 2425 628 2483 longae
669 2424 924 2469 securitatis
974 2429 1055 2468 aut
1103 2425 1304 2467 irruente
1354 2424 1542 2467 mollitie
1593 2427 1639 2468 et

83 2520 129 2556 30
144 2497 348 2541 uirorum
378 2495 551 2538 animos
581 2494 821 2552 frangente
850 2495 1034 2538 luxuria
1064 2498 1144 2538 aut
1173 2494 1358 2552 ignauia
1388 2494 1641 2537 iuuentutis

1640 263 1724 305 597
1743 253 1774 293 b

147 2569 195 2610 et
228 2565 394 2609 inertia
429 2565 594 2608 ducum
629 2565 845 2621 temporis
876 2564 1031 2608 nostri.
1094 2565 1237 2617 Quem
1270 2564 1389 2607 enim
1426 2564 1639 2615 inuenies,
1657 2565 1739 2615 598
1760 2575 1790 2604 a

148 2635 228 2694 qui
257 2638 439 2679 strenue
470 2634 626 2677 docere
656 2634 798 2691 possit
828 2633 947 2691 quod
977 2634 1072 2692 ipse
1102 2649 1193 2677 non
1223 2633 1412 2678 didicit?

149 2762 196 2790 22
220 2750 423 2799 tyronibus
440 2749 474 2786 A
618 2758 664 2794 27
689 2749 872 2787 walenses
887 2748 978 2786 A²M
1124 2760 1171 2797 29
1195 2749 1397 2787 molliente
1414 2748 1482 2787 SM

202 2867 244 2895 11
276 2858 368 2894 Cum
384 2868 471 2893 uero
489 2857 648 2903 diliqens
664 2857 760 2893 etc.=
785 2867 818 2892 v.
835 2855 970 2903 Veget.
988 2854 1012 2892 i.
1032 2856 1054 2891 8
1071 2855 1120 2891 ad
1140 2854 1229 2893 init.
1352 2865 1395 2902 13
1421 2860 1455 2891 et
1470 2857 1644 2893 uelocitas

152 2907 250 2944 ete:
274 2905 411 2952 Veget.
429 2904 454 2941 i.
473 2906 506 2941 8.
639 2914 686 2940 20
710 2905 759 2940 In
774 2916 847 2952 qua
865 2907 939 2941 etc.
958 2915 1076 2950 usque
1096 2903 1143 2939 ad
1163 2905 1361 2940 iudicium:
1385 2915 1465 2940 non
1482 2906 1573 2940 sunt
1590 2903 1645 2950 ip-

150 2953 229 2992 sius
243 2953 401 3001 Vegetii
417 2952 542 2990 verba.
638 2962 681 2990 21
708 2953 875 2999 Siqnatis
887 2954 962 2989 etc.
976 2955 1110 3000 (usque
1121 2952 1170 2988 ad
1180 2952 1363 3000 doctrina)
1378 2964 1388 2990 z
1414 2951 1549 2999 Veget.
1565 2951 1591 2990 i.
1610 2955 1647 2990 8.

210 3027 294 3047 mu
309 3026 331 3046 n
870 3023 900 3051 D
1491 3026 1505 3049 Ῑ
1513 3022 1532 3059 7
