1846 3262
123 234 224 269 cn.
240 221 386 283 xxm]
451 224 453 228 '
646 221 1053 268 POLICRATICV
1055 222 1088 267 S
1620 223 1694 271 814
1714 232 1741 262 c

118 343 207 388 nisi
227 343 335 402 quia
353 343 534 388 diuinae
560 342 882 401 dispensationi
902 342 1112 386 reluctari
1132 357 1223 386 non
1243 342 1391 393 audet,
1411 342 1602 386 intrasse

117 413 364 472 angustias.
423 413 544 456 Dum
557 415 770 471 superest,
782 413 930 470 ipsum
946 413 1174 470 interroga
1194 414 1240 456 et
1259 412 1388 456 crede
1403 416 1601 470 experto.

115 483 216 528 Hoc
236 484 374 527 etiam
393 483 529 527 michi
549 483 805 541 saepissime
825 483 1001 536 adiecit,
1023 483 1153 540 quod,
1173 497 1275 526 cum
1305 482 1360 526 de
1383 482 1529 540 gradu
1552 482 1601 525 in

115 554 307 612 gradum
327 569 356 597 a
381 553 609 598 claustrali
639 553 798 597 clerico
826 568 906 611 per
934 553 1084 596 omnia
1113 552 1257 596 officia
1279 552 1327 595 in
1347 551 1603 610 pontificem

79 643 99 677 5
115 639 340 668 summum
352 623 510 668 ascend
515 623 613 677 erit,
619 623 756 667 nichil
769 638 983 680 umquam
996 622 1226 666 felicitatis
1237 626 1319 666 aut
1331 623 1603 680 tranquillae

117 694 281 753 quietis
300 694 423 738 uitae
443 693 581 751 priori
602 693 826 737 adiectum
846 696 915 737 est
944 693 1002 736 ab
1032 707 1228 737 ascensu.
1289 693 1360 744 Et,
1379 696 1433 736 ut
1451 693 1603 737 uerbis

116 765 213 809 cius
222 768 330 808 utar
343 764 499 822 (nichil
511 764 642 814 enim,
656 778 759 807 cum
774 778 982 821 praesens
997 778 1109 815 sum,
1120 763 1190 806 sui
1205 763 1354 821 gratia
1365 762 1467 806 uult
1478 762 1599 820 apud

116 850 164 879 se
192 834 503 879 absconditum
534 849 627 877 esse
657 834 715 877 ab
741 833 880 877 oculis
906 833 1058 894 meis):
1090 833 1145 876 In
1175 833 1345 884 incude,
1373 833 1533 890 inquit,
1553 836 1598 877 et
1612 836 1644 878 d

116 905 280 949 malleo
296 919 471 963 semper
489 904 701 947 dilatauit
721 918 792 947 me
820 903 1064 956 Dominus3
1093 903 1171 947 sed
1190 917 1310 946 nunc
1329 903 1454 946 oneri
1480 902 1598 960 quod

58 995 99 1019 ιο
116 976 372 1020 infirmitati
411 989 534 1018 meae
574 973 800 1032 imposuit,
836 973 875 1016 si
908 973 1067 1031 placet,
1097 976 1322 1031 supponat
1355 972 1599 1017 dexteram,

69 1067 73 1070 >
116 1047 328 1105 quoniam
342 1045 479 1089 michi
499 1043 782 1102 importabile
802 1045 881 1086 est,
921 1042 1084 1086 Nonne
1103 1057 1210 1100 ergo
1229 1042 1408 1086 miseria
1426 1043 1599 1100 dignis-

113 1116 255 1161 simus
274 1118 343 1159 est
361 1115 439 1173 qui
458 1129 540 1173 pro
554 1117 685 1157 tanta
698 1116 872 1171 pugnat
885 1113 1095 1158 miseria?
1146 1113 1218 1156 Sit
1232 1127 1339 1156 sane
1350 1112 1598 1157 ditissimus

114 1186 195 1244 qui
217 1186 410 1244 eligitur,
439 1184 644 1242 sequenti
673 1183 746 1226 die
774 1197 947 1241 pauper
975 1183 1062 1226 erit
1092 1185 1139 1226 et
1167 1182 1358 1226 infinitis
1384 1182 1478 1226 fere
1505 1197 1597 1226 cre·

114 1256 336 1300 (litoribus
354 1254 583 1298 tenebitur
600 1253 836 1310 obligatus.
897 1252 1018 1306 Quid
1037 1267 1144 1311 ergo
1156 1252 1244 1295 erit
1258 1251 1299 1295 ei
1319 1266 1452 1309 quem
1471 1252 1598 1296 nulla

53 1342 96 1376 15
113 1329 248 1370 uocat
276 1325 433 1369 electio
462 1323 540 1368 sed
569 1326 848 1381 repugnante
878 1323 927 1366 in
953 1322 1165 1366 membris
1195 1321 1377 1366 Christo
1409 1321 1598 1366 ambitio

113 1411 218 1441 oeca
233 1398 282 1439 et
299 1397 485 1439 cruenta
503 1409 595 1437 non
614 1393 711 1437 sine
733 1392 952 1451 sanguine
982 1392 1185 1436 fraterno
1214 1391 1439 1435 intrudit'ss
1497 1392 1597 1436 Hoc

113 1466 295 1524 quidem
324 1467 393 1508 est
422 1464 612 1508 Romulo
638 1463 870 1507 succedere
893 1463 943 1506 in
971 1462 1236 1521 parricidiis,
1264 1477 1356 1506 non
1385 1461 1518 1506 Petro
1547 1462 1596 1506 in

111 1535 334 1582 commissi
354 1534 685 1592 dispensatione
703 1533 850 1577 ouilis.

113 1671 138 1708 8
161 1669 307 1708 occulis
322 1670 348 1707 S
495 1679 540 1706 10
562 1667 755 1715 subponat
770 1665 806 1703 A
950 1665 995 1703 18
1019 1664 1173 1703 comissi
1188 1664 1251 1703 CB

112 1806 241 1846 Belin.
290 1806 364 1844 Sed
381 1804 538 1842 abbatia
561 1803 598 1841 S.
617 1802 717 1848 Rufi,
735 1814 822 1839 cum
845 1800 901 1838 ibi
926 1801 1235 1838 commorabatur
1258 1799 1437 1838 Nicolaus
1460 1802 1594 1847 postea

112 1855 183 1893 sub
200 1853 387 1892 Hadriani
406 1853 458 1889 IV
482 1852 636 1889 nomine
661 1851 698 1888 S.
717 1849 823 1887 Petri
845 1849 1068 1886 cathedram
1084 1850 1351 1895 occupaturus,
1369 1848 1473 1884 haud
1491 1848 1594 1895 apud

111 1902 334 1940 Valentiam
361 1901 425 1938 sed
451 1912 573 1948 prope
602 1898 834 1936 Avenionem
859 1897 936 1933 sita
966 1899 1035 1942 est,
1069 1896 1171 1934 unde
1202 1908 1237 1933 a.
1270 1906 1360 1943 1159
1389 1896 1593 1933 canonicos

111 1949 331 1988 Valentiam
354 1948 556 1986 transtulit
581 1946 826 1993 Ray-mundus
850 1945 979 1987 abbas,
996 1944 1185 1990 probante
1209 1944 1293 1990 ipso
1317 1943 1517 1980 Hadriano
1539 1944 1593 1980 IV

112 1998 190 2036 iam
207 2009 310 2046 papa
325 1997 452 2035 facto:
478 1995 563 2033 vide
578 1995 690 2039 Jaffe,
709 1995 792 2038 Rey.
810 1994 947 2038 Pontis.
963 1994 1065 2028 Rom.
1083 1991 1123 2028 ii.
1146 2002 1235 2037 ¹433
1262 1991 1309 2028 cf.
1334 1992 1429 2027 Gall.
1458 1992 1592 2030 christ.

111 2046 188 2083 xvi.
207 2047 289 2093 360.
338 2045 423 2082 Non
440 2047 572 2080 tamen
589 2054 676 2079 cum
695 2041 738 2079 B.
751 2041 930 2076 Haureau
943 2039 1047 2083 (ibid.
1062 2050 1083 2085 3
1088 2039 1148 2086 59)
1162 2039 1417 2075 dubitandum
1429 2041 1486 2075 est
1496 2039 1591 2085 quin

111 2093 218 2131 iuius
232 2093 367 2130 domus
382 2092 500 2129 abbas
516 2089 710 2128 exstiterit
725 2089 830 2125 idem
846 2087 1026 2124 Nicolaus
1050 2086 1118 2133 qui
1142 2089 1275 2134 postea
1300 2086 1515 2123 Hadrianus
1535 2086 1591 2123 IV

113 2142 240 2180 dictus
257 2143 334 2179 est:
359 2153 393 2177 v.
409 2139 516 2176 will.
534 2139 580 2175 de
598 2137 823 2183 Novoburgo
840 2135 881 2171 ii.
898 2137 922 2172 6
938 2135 996 2172 ed.
1015 2134 1194 2178 Howlett,
1214 2147 1252 2182 p.
1268 2145 1281 2171 1
1292 2145 1345 2171 10.
1470 2145 1483 2170 1
1513 2137 1591 2171 mhi

110 2192 200 2238 quia
211 2191 285 2227 etc.
299 2202 309 2225 ε
325 2191 481 2224 intrasse
491 2188 690 2232 unqu-stiae,
705 2186 779 2220 nisi
790 2186 880 2231 quia
891 2185 1044 2219 diuinae
1056 2184 1322 2229 dispensationi
1332 2184 1506 2219 ‚eluctari
1515 2194 1590 2219 non

112 2240 263 2274 audent
278 2235 408 2274 Helin.
528 2245 550 2281 3
574 2235 653 2270 Hoc
669 2234 778 2269 etiam
795 2233 907 2267 michi
920 2232 1106 2276 sepissime
1121 2232 1274 2268 adiecit:
1302 2229 1424 2267 minio
1442 2230 1590 2267 notavit

110 2285 310 2323 Parkerus.
542 2291 560 2328 5
586 2282 806 2317 ascenderit:
831 2280 1047 2316 ascendisset
1063 2277 1194 2315 Helin.
1426 2287 1447 2322 7
1472 2279 1591 2314 nichil

112 2336 184 2371 etc.
200 2344 318 2380 usque
334 2331 383 2368 ad
400 2332 510 2367 meis:
535 2342 608 2366 om.
628 2328 755 2365 Helin-
900 2328 922 2363 8
946 2328 996 2362 In
1013 2328 1143 2362 incude
1159 2327 1255 2363 etc.:
1282 2325 1328 2362 cf.
1350 2325 1411 2362 Ps.
1434 2325 1480 2361 iv.
1500 2335 1521 2362 2
1538 2327 1587 2362 In

109 2383 344 2418 stabulatione
355 2380 520 2415 dilatasti
529 2378 631 2413 mihi.
734 2386 778 2420 14
793 2376 991 2421 obliyatus:
1017 2373 1212 2410 Hactenus
1224 2373 1320 2410 citat
1334 2373 1584 2418 Helinandus,

110 2429 317 2475 additque:
348 2428 495 2463 Ambire
518 2437 600 2471 eryo
624 2426 674 2460 ad
695 2435 877 2460 summum
897 2423 1129 2468 pontificium
1154 2427 1187 2457 et
1214 2433 1287 2458 non
1315 2423 1393 2457 sine
1413 2423 1588 2466 fraterno

108 2479 289 2523 sanquine
316 2477 366 2511 ad
390 2476 486 2510 illud
510 2474 701 2510 ascendere
728 2476 781 2507 est
804 2471 958 2506 Romulo
983 2471 1166 2505 succedere
1192 2470 1234 2505 in
1256 2470 1486 2515 parricidiis,
1511 2481 1588 2506 mm

109 2526 216 2562 Petro
231 2526 274 2560 in
291 2525 420 2560 ouibus
432 2522 637 2569 pascendis.
685 2521 782 2555 Bene
798 2530 879 2564 eryo
894 2518 1032 2553 dicitur
1045 2529 1108 2553 nec
1124 2522 1201 2553 tam
1212 2518 1464 2562 nuncupatim
1478 2529 1589 2564 quam

108 2573 336 2610 substantiae
360 2582 524 2606 summus
549 2569 723 2615 pontifex
753 2578 881 2602 seruus
911 2577 1110 2601 semorum.
1176 2566 1322 2601 Seruiat
1348 2565 1446 2600 enim
1469 2566 1589 2601 seruis

109 2622 295 2658 auaritiae
310 2619 487 2655 Romanis
502 2628 638 2653 necesse
662 2621 721 2657 est,
740 2616 828 2650 adeo
843 2619 885 2649 ut
908 2614 983 2648 nisi
1003 2614 1173 2649 seruiet-it
1186 2614 1263 2658 fiat
1285 2618 1352 2649 aut
1374 2613 1588 2659 eapontifex

109 2674 177 2706 aut
203 2678 423 2704 exromanus
452 2666 512 2710 (ut
542 2675 630 2700 mox
656 2662 758 2698 infra
783 2663 824 2698 et
847 2671 962 2707 supra
986 2662 1108 2704 814A,
1126 2660 1180 2705 B).
1356 2661 1410 2704 16,
1440 2669 1480 2705 17
1506 2661 1587 2697 Hoc

107 2718 255 2767 quidem
271 2716 345 2752 etc.
359 2725 369 2750 z
395 2723 514 2760 usque
530 2711 578 2749 ad
594 2712 705 2749 ouilia
720 2708 869 2747 notavit
885 2707 1006 2746 minio
1023 2707 1223 2746 Parkerus.

1405 2954 1471 2989 411
