1846 3262
125 247 230 287 mr.
244 238 342 301 ΧΠ]
664 236 1072 284 POLICRATICV
1072 236 1106 282 S
1619 238 1698 289 ⁷6¹
1715 245 1747 278 a

124 364 347 419 quantum
395 359 707 419 peregrinatio,
750 358 890 402 studii
934 357 1098 409 feruor,
1145 369 1332 401 acumen
1380 355 1605 415 temporis,

126 443 358 489 processus
387 430 521 474 etatis
550 430 606 473 de
632 428 828 472 naturali
868 431 992 472 statu
1020 430 1240 471 mutasset
1266 426 1398 471 faciei
1427 425 1604 479 indicio,

126 514 243 558 quae
271 500 390 544 bona
418 503 464 543 et
492 498 612 542 mala
641 498 895 541 fidelissime
924 496 1234 554 protestatur?
1293 495 1392 541 Hoc
1420 495 1604 554 quidem

128 569 224 628 efflt
248 573 303 613 ut
329 572 530 613 seruaret
556 572 637 611 aut
663 567 884 611 releuaret
912 569 1135 617 naturam,
1154 580 1211 610 ne
1236 565 1388 610 labore
1413 568 1461 609 et
1485 565 1608 609 dieta

89 658 112 694 5
129 639 308 684 insueta
325 641 693 696 corrumperetur.
751 636 817 679 Vt
836 639 987 679 autem
1007 634 1066 679 ad
1086 635 1177 679 alia
1195 638 1487 686 transeamus,
1506 635 1608 692 quis

128 709 329 760 istorum,
349 709 429 766 qui
454 708 582 751 dotes
599 706 834 750 brutorum
854 706 1047 758 affectat,
1067 705 1228 748 brutus
1246 719 1342 749 esse
1360 705 1607 763 dignetur?

127 779 226 822 Aut
249 779 322 823 cui
347 793 439 821 non
465 775 819 835 praeponderare
838 775 1078 825 uidebitur,
1097 775 1135 818 si
1162 774 1370 818 collatam
1390 774 1475 817 sibi
1500 787 1625 832 prae·

128 847 220 892 illis
267 847 470 892 conferat
517 846 770 889 rationem‘l
849 843 1084 901 Numquid
1122 844 1289 887 uirium
1327 847 1503 887 amator
1539 843 1610 888 leo

129 917 268 962 uellet
289 932 384 961 esse
410 919 492 960 aut
518 915 715 973 pardus?
773 913 943 957 Dicunt
971 913 1210 971 phisiologi
1236 913 1343 970 quia
1370 913 1499 958 lincis
1528 916 1609 957 aut

70 1006 115 1032 ιο
130 990 343 1045 panterae
371 986 551 1030 odorem
579 983 792 1028 animalia
820 988 968 1027 cetera
996 987 1269 1040 sequuntur;
1317 983 1428 1026 istos
1456 986 1608 1027 tamen
1625 988 1656 1028 b

129 1057 209 1114 qui
228 1070 382 1100 musco
400 1059 448 1099 et
466 1054 695 1112 speciebus
714 1053 909 1097 exoteris
931 1052 1114 1110 placant
1138 1051 1355 1096 olfactum
1374 1056 1422 1096 et
1449 1067 1609 1110 prouo-

128 1129 236 1171 cant
254 1126 371 1169 uelle
388 1125 445 1184 (si
465 1123 666 1182 possent)
686 1138 778 1166 non
797 1122 995 1165 arbitror
1013 1122 1063 1164 in
1089 1126 1323 1179 panteram
1343 1126 1424 1166 aut
1449 1123 1611 1167 lincem

130 1195 456 1240 transformari.
514 1194 619 1237 Non
638 1194 795 1250 utique
814 1192 991 1236 credam
1012 1191 1131 1248 quod
1152 1191 1230 1248 qui
1250 1192 1440 1235 satirum
1460 1192 1611 1237 induit

128 1265 296 1310 satirus
319 1279 415 1309 esse
440 1264 584 1318 uelit;
612 1263 691 1307 sed
713 1277 795 1307 nec
817 1262 885 1305 illi
912 1261 990 1319 qui
1017 1261 1184 1319 seipsos
1212 1261 1390 1319 poliunt
1420 1262 1610 1319 pauonis

73 1355 114 1392 ¹5
129 1335 181 1379 in
229 1349 277 1379 se
314 1338 529 1393 poterunt
566 1332 888 1376 transformare
926 1331 1105 1375 colores.
1185 1330 1437 1375 Concinant
1467 1331 1523 1374 hi
1563 1332 1611 1375 et

129 1405 272 1450 totius
305 1404 501 1449 musicae
530 1403 668 1447 melos
701 1417 784 1460 pro
818 1401 991 1445 uiribus
1030 1400 1253 1458 expleant,
1286 1415 1418 1444 nemo
1456 1416 1610 1445 eorum

129 1475 431 1533 philomenam
450 1473 663 1531 aequabit
681 1475 764 1516 aut
793 1472 1026 1530 psitacum.
1084 1470 1247 1514 Nonne
1270 1485 1376 1528 ergo
1402 1471 1610 1516 indecens

129 1547 179 1589 et
205 1544 469 1603 probrosum
507 1546 578 1587 est
605 1543 827 1586 humanae
856 1540 1112 1586 celsitudini
1143 1540 1195 1592 si,
1226 1541 1475 1598 postposita
1505 1541 1610 1586 dote

130 1628 225 1666 sua,
261 1614 311 1657 in
349 1628 441 1671 qua
471 1612 715 1671 praeualet‚
749 1611 808 1655 ad
850 1611 1031 1662 alienas,
1069 1611 1119 1653 in
1158 1610 1322 1667 quibus
1361 1615 1611 1668 superatur,

71 1705 118 1732 ao
132 1684 334 1742 aspirat?
390 1683 571 1734 Vm,
590 1683 629 1726 si
654 1682 903 1726 moderatio
926 1680 1205 1731 adhibeatur,
1224 1680 1273 1722 in
1292 1680 1364 1723 his
1383 1680 1611 1724 interdum

131 1768 343 1799 sensuum
362 1753 596 1811 uoluptate
610 1752 781 1795 uersari
801 1751 995 1809 sapienti
1014 1765 1106 1794 non
1120 1750 1316 1793 arbitror
1330 1750 1586 1794 indecorum
1599 1764 1610 1804 ;

131 1828 187 1869 ut
214 1837 530 1882 saepenumero
558 1823 729 1866 dictum
749 1825 830 1872 est,
849 1820 987 1864 nichil
1014 1820 1223 1864 decorum
1250 1822 1320 1863 est
1345 1820 1441 1863 sine
1467 1820 1609 1865 modo.

132 1894 254 1938 Nam
282 1897 330 1937 et
357 1893 491 1936 otiari
520 1892 747 1935 interdum
776 1890 969 1949 sapienti
988 1889 1207 1933 familiare
1234 1892 1314 1940 est,
1339 1904 1430 1932 non
1457 1893 1609 1934 tamen
1626 1904 1653 1933 c

132 1967 187 2008 ut
214 1963 400 2007 uirtutis
430 1962 692 2006 exercitium
722 1963 970 2011 euanescat,
989 1959 1067 2003 sed
1097 1973 1186 2016 quo
1213 1959 1358 2016 magis
1382 1959 1537 2017 uigeat
1562 1964 1610 2003 et

74 2053 119 2089 ¹⁵
134 2032 459 2092 quodammodo
487 2034 720 2075 recreetur.
785 2030 1017 2087 Siquidem
1051 2028 1202 2072 Lelius
1230 2031 1278 2071 et
1307 2028 1468 2086 Scipio,
1496 2029 1610 2072 illud

133 2118 217 2162 par
245 2102 409 2146 amoris
437 2101 624 2159 insigne,
650 2099 784 2143 simul
812 2099 1078 2143 lectitabant
1106 2101 1164 2149 et,
1192 2097 1310 2142 sicut
1338 2098 1611 2142 remissionis

134 2187 289 2218 eorum
336 2171 609 2216 certissimus
656 2169 787 2213 testis
836 2168 1024 2212 Sceuola
1070 2170 1228 2211 auctor
1275 2170 1355 2218 est,
1403 2167 1612 2212 ciuilibus

134 2242 319 2300 fatigati
358 2240 551 2300 negotiis
598 2240 693 2298 pila
735 2239 963 2282 ludebant.
1042 2237 1170 2281 Idem
1207 2251 1384 2294 quoque
1426 2236 1614 2282 Sceuola

135 2361 160 2398 6
183 2359 370 2397 affectant
383 2356 418 2393 A
528 2366 573 2393 ιο
595 2354 807 2402 pantherae
823 2353 866 2390 M
935 2354 1119 2390 secuntur
1135 2351 1203 2389 SM
1312 2361 1355 2388 12
1379 2352 1612 2398 panthei-am

135 2408 183 2494 ξε
207 2414 384 2492 0811018ιέ
400 2403 649 2452 philomelam
665 2402 693 2439 S
843 2411 892 2439 20
913 2400 1059 2448 aspiret
1078 2400 1105 2438 S
1254 2409 1298 2438 21
1325 2399 1565 2446 uoluptatem
1580 2397 1610 2438 G

187 2571 233 2598 10
250 2564 430 2606 panterae
446 2570 455 2594 :
479 2569 516 2593 v.
533 2555 601 2593 lib.
619 2553 686 2601 qui
700 2554 938 2600 Physiozoyuo
951 2551 1173 2588 inscribitur
1186 2561 1247 2598 ap.
1259 2548 1397 2588 Cahier
1411 2552 1447 2587 ἃ
1465 2551 1612 2589 Martia

135 2609 322 2653 Haanyes
336 2605 603 2649 d'ArcMoloyie
619 2602 674 2640 iii.
687 2614 725 2649 p.
740 2611 836 2648 239;
861 2601 910 2638 cf.
924 2599 1228 2647 pseudo-Hagen.
1240 2599 1288 2636 de
1305 2598 1385 2635 Sto.
1402 2599 1556 2637 Victore
1568 2602 1613 2637 de

136 2657 259 2694 bestiis
274 2666 306 2692 c.
320 2664 366 2700 23
385 2655 425 2690 et
440 2663 554 2698 supra
564 2651 634 2698 756
646 2659 674 2686 Β
689 2663 698 2694 ;
717 2649 797 2686 tale
813 2651 943 2685 autem
957 2648 1005 2685 de
1021 2647 1133 2695 lynce
1146 2648 1345 2683 narratum
1357 2657 1435 2683 non
1448 2647 1611 2694 repperi.

139 2715 180 2743 11
209 2703 384 2740 mccvi-⁹:
409 2711 478 2747 pro
493 2700 643 2736 mucis
657 2697 827 2745 ponitur.
1045 2704 1087 2740 17
1107 2695 1379 2741 philomenam:
1402 2694 1428 2730 i.
1441 2706 1475 2731 e.
1490 2697 1612 2742 philo-

136 2752 290 2793 nelann
314 2749 364 2786 ef.
381 2758 496 2795 supra
513 2748 583 2794 756
595 2755 633 2782 n.
816 2754 862 2781 22
886 2744 1024 2780 dietum
1039 2748 1112 2779 ese:
1138 2742 1188 2778 cf.
1206 2753 1319 2789 supra
1335 2753 1369 2779 c.
1390 2752 1430 2779 11
1452 2743 1488 2787 (7
1513 2742 1610 2790 6Α).

138 2809 183 2847 25
209 2799 394 2846 Siquidem
409 2797 536 2832 Latius
551 2796 623 2830 etc.
637 2804 756 2839 usque
772 2792 822 2829 ad
837 2793 1040 2827 relaxaret:
1065 2803 1098 2826 v.
1111 2789 1199 2844 val..
1212 2789 1316 2827 Max.
1328 2788 1406 2826 viii.
1425 2789 1495 2875 δὲ
1530 2801 1609 2836 1,2‚

137 2849 218 2885 ext.
236 2856 267 2889 1,
278 2855 313 2883 2.
407 2844 454 2881 26
477 2842 687 2879 lectitabant
700 2851 710 2878 z
727 2852 781 2878 sc.
790 2838 996 2878 conchulas
1007 2840 1047 2876 et
1060 2837 1271 2883 umbilicos,
1284 2838 1330 2875 ut
1340 2837 1398 2875 ait
1409 2836 1445 2874 V
1507 2836 1610 2876 Max.

135 2894 210 2933 loc.
226 2893 291 2931 cit.

1437 2965 1504 3003 ³¹5
