1846 3262
95 217 181 269 762
198 215 229 258 d
574 215 836 261 IOANNIS
876 214 1394 260 SARESBERIENSIS
1487 216 1610 274 [LIB.
1627 226 1720 260 VIII

243 339 377 383 terris
397 338 566 381 diutius
586 336 747 387 tenuit,
767 336 905 380 donec
933 350 1018 387 eas,
1035 335 1335 380 inualescente
1361 337 1485 389 luxu,
1504 340 1721 395 regnante

216 409 364 459 'Ioue‚
408 408 467 451 ad
506 421 689 464 superos
728 406 950 464 contingit
990 406 1197 450 euolasse.
1278 407 1375 450 Nos
1418 408 1528 451 haec
1566 407 1723 451 fabula

243 479 436 536 respicit,
455 481 508 521 ut
527 477 718 520 sciamus
738 476 833 519 sine
853 475 1116 534 frugalitate
1136 491 1227 519 non
1254 491 1381 534 posse
1401 477 1622 520 iustitiam
1641 479 1723 520 aut

243 547 507 606 pudicitiam
556 546 823 590 conseruari.
920 545 1151 603 Siquidem
1200 546 1439 590 necessitas
1488 544 1723 590 exercendi

244 617 379 661 luxus
411 616 611 660 excludit
644 615 877 666 iustitiam,
898 618 944 658 et
978 615 1180 659 exercitii
1212 615 1421 673 uoluptas
1459 615 1722 673 pudicitiam
1741 631 1761 666 5

243 686 462 745 propellit.
523 686 604 729 Ait
624 685 766 729 enim:
798 685 886 746 Qui
907 684 1095 728 festinat
1115 685 1265 737 ditari,
1284 700 1375 729 non
1395 685 1482 729 erit
1501 685 1722 730 innocens.

243 757 365 800 Illud
400 760 551 800 tamen
584 755 731 800 Clodii
769 769 1052 812 nequaquam
1086 755 1294 814 denigrat
1328 755 1606 813 frugalitatis
1645 755 1722 799 110-

242 840 407 878 norem,
428 827 506 870 sed
535 826 717 870 uidetur
745 826 896 883 potius
924 825 1233 869 commendare
1262 825 1474 869 decorem.
1534 824 1726 870 Constat

242 897 362 940 enim
391 911 673 954 nequaquam
702 896 871 938 malum
901 910 995 939 esse
1025 895 1144 953 quod
1173 896 1222 938 in
1245 895 1543 953 patrocinium
1573 898 1619 939 et
1647 909 1724 938 ex-

92 967 176 1016 763
196 976 227 1006 a
243 966 517 1010 cusationem
550 966 722 1010 sinistri
757 965 948 1009 rumoris
980 965 1237 1008 assumitur.
1309 965 1384 1009 Sic
1417 965 1570 1009 fuscus
1604 964 1724 1009 color
1745 983 1788 1009 10

242 1037 423 1094 nigrum
462 1039 704 1090 extenuat3
746 1038 793 1079 et
833 1035 952 1093 quod
992 1035 1225 1093 turgidum
1265 1038 1334 1079 est
1365 1035 1544 1079 nomine
1583 1035 1723 1093 pleni-

242 1106 414 1150 tudinis
434 1106 693 1150 honoratur.
752 1106 834 1149 Est
853 1109 1005 1149 autem
1026 1105 1266 1163 frugalitas
1281 1106 1431 1149 uirtus
1448 1105 1725 1149 moderatrix

242 1176 399 1220 utendi
434 1179 480 1219 et
514 1176 730 1219 abutendi
765 1176 934 1233 ignara.
1006 1175 1159 1219 Nichil
1195 1175 1341 1234 gelide
1380 1176 1610 1219 ministrat
1643 1179 1724 1220 aut

242 1246 426 1299 timide3
476 1246 554 1289 sed
592 1246 632 1289 ei
671 1249 824 1289 tamen
867 1246 984 1289 ratio
1032 1249 1209 1289 constat
1257 1246 1493 1303 impensae.
1574 1245 1725 1289 Rebus

243 1316 434 1373 quidem,
462 1316 539 1359 sed
570 1316 655 1359 sibi
682 1315 826 1373 magis
856 1315 1013 1373 parcit.
1075 1315 1227 1359 Nichil
1252 1319 1332 1358 aut
1358 1315 1594 1358 minimum
1621 1316 1723 1359 sub·
1744 1332 1785 1367 15

243 1385 388 1428 trahit
416 1385 532 1437 usui,
551 1385 629 1428 sed
656 1385 864 1428 luxuriae
892 1385 1031 1429 nichil
1060 1385 1242 1428 omnino
1272 1384 1488 1443 indulget,
1504 1385 1725 1442 siquidem

243 1455 587 1512 diligentissima
635 1458 713 1499 est.
804 1455 996 1498 Possunt
1044 1454 1103 1498 ad
1151 1455 1578 1498 commendationem
1628 1456 1724 1500 eius

245 1524 443 1568 sufficere
473 1539 587 1582 quae
616 1525 746 1577 Zeno,
770 1539 884 1582 quae
915 1524 1131 1576 Socrates,
1159 1538 1273 1582 quae
1304 1525 1446 1581 Plato,
1475 1540 1589 1582 quae
1619 1525 1723 1568 Ari-

245 1594 429 1645 stotiles‚
449 1609 563 1651 quae
583 1594 783 1637 omnium
802 1594 1169 1652 philosophorum
1190 1594 1350 1637 chorus
1377 1594 1432 1638 de
1460 1594 1724 1653 frugalitate

244 1664 466 1707 seruanda
502 1664 796 1708 tradiderunt.
875 1663 965 1707 Sed
1005 1664 1111 1721 quia
1153 1664 1262 1708 haec
1310 1667 1573 1722 peruetusta
1618 1668 1726 1708 sunt
1744 1679 1789 1704 ao

244 1734 427 1777 nomina
446 1736 527 1777 aut
556 1749 709 1777 eorum
736 1748 826 1777 non
853 1737 961 1777 sunt
986 1737 1224 1791 praecepta
1242 1734 1445 1786 celebria,
1463 1734 1537 1778 uel
1557 1734 1726 1779 Seneca

245 1806 398 1847 noster
418 1804 640 1855 audiatur,
657 1804 734 1861 qui
762 1818 861 1847 eam
887 1804 1028 1847 tantis
1055 1804 1264 1847 laudibus
1288 1804 1418 1847 effert
1443 1807 1498 1848 ut
1523 1805 1726 1862 quisquis

197 1877 228 1916 b
246 1873 417 1930 aliquid
446 1874 627 1917 omnino
666 1874 839 1917 adicere
874 1874 1177 1931 temptauerit,
1207 1874 1341 1918 otiari
1380 1889 1515 1931 quam
1554 1874 1726 1932 aliquid

246 1958 378 2001 agere
398 1943 563 1987 rectius
582 1943 803 1987 uideatur.
863 1943 981 1987 Sunt
1000 1946 1152 1987 tamen
1179 1944 1257 2001 qui
1284 1959 1387 1987 eum
1413 1947 1725 2002 contempnere

246 2013 453 2064 audeant,
485 2012 755 2066 Quintiliani
785 2013 1053 2057 auctoritate
1083 2013 1204 2067 freti,
1235 2028 1366 2057 suum
1398 2029 1457 2058 ex
1485 2030 1538 2059 eo
1565 2015 1724 2059 nobili·
1745 2031 1788 2067 25

246 2085 396 2127 tantes
415 2083 630 2127 iudicium
651 2083 690 2127 si
710 2084 751 2127 ei
771 2084 1014 2127 detrahant
1033 2084 1111 2141 qui
1130 2084 1337 2141 plurimis
1356 2085 1516 2142 placet,
1533 2088 1587 2129 ut
1606 2085 1728 2144 apud

246 2153 449 2197 indoctos
495 2169 649 2197 eorum
703 2154 892 2212 gloriam
941 2154 1185 2198 uideantur
1233 2155 1497 2212 praecedere
1536 2170 1727 2213 quorum

246 2224 464 2267 uirtutem
483 2226 713 2281 nequeunt
732 2224 913 2268 imitari.
973 2224 1111 2268 Michi
1130 2227 1282 2269 tamen
1303 2225 1500 2283 desipere
1515 2225 1729 2270 uidentur

247 2294 325 2351 qui
366 2309 688 2352 quemcumque
726 2294 868 2338 secuti
906 2308 997 2338 non
1036 2298 1311 2339 uenerantur
1357 2310 1460 2339 eum
1499 2310 1634 2353 quem
1682 2298 1729 2340 et

249 2430 266 2458 1
293 2420 574 2458 inualescentes
589 2420 630 2456 M
798 2431 820 2458 2
844 2419 1010 2468 contigit
1027 2420 1052 2458 S
1222 2422 1266 2460 16
1289 2420 1443 2460 luxuria
1457 2420 1506 2459 A¹
1680 2431 1728 2471 24

246 2471 492 2507 contemnere
509 2468 538 2505 C

295 2586 319 2622 6
346 2587 417 2630 Qui
423 2587 580 2631 festinat
595 2587 693 2623 eta:
718 2585 826 2623 Prov.
844 2583 975 2622 xxviii.
994 2595 1052 2623 20.
1268 2593 1290 2631 7
1319 2587 1457 2623 Clodii:
1482 2585 1508 2624 i.
1520 2597 1552 2624 e.
1570 2586 1728 2625 Publilii

247 2631 344 2679 Syri,
361 2636 406 2670 ut
422 2644 546 2680 supra.
732 2643 785 2679 13,
807 2643 850 2678 14
871 2635 987 2680 yelide
1003 2634 1191 2670 ministrat
1206 2639 1273 2670 aut
1288 2636 1434 2671 timide:
1458 2646 1492 2672 v.
1510 2634 1603 2672 Hor.
1619 2638 1667 2672 A.
1684 2636 1727 2673 P.

250 2689 331 2725 171.
568 2691 626 2724 21,
644 2691 690 2718 22
715 2682 850 2718 Seneca
865 2686 1007 2717 noster:
1033 2680 1153 2726 Quem
1169 2681 1219 2718 ad
1234 2681 1363 2718 locum
1381 2681 1560 2729 respiciat
1576 2682 1726 2726 116861ος

247 2727 350 2764 1111111
382 2727 485 2765 6111111
517 2728 826 2776 magnificentius
866 2729 914 2766 de
955 2728 1180 2784 frugalitate
1221 2729 1368 2766 dictum
1410 2729 1548 2768 habere
1580 2730 1728 2768 videtur

247 2774 389 2813 Seneca
407 2789 522 2823 quam
539 2777 642 2823 quod.
657 2776 699 2813 in
714 2778 789 2824 Ep.
810 2786 851 2822 17
873 2776 891 2824 ξ
913 2786 931 2824 5
950 2776 1132 2824 legimus:
1157 2788 1231 2814 non
1250 2783 1367 2824 potest
1386 2780 1551 2815 studium
1565 2779 1729 2815 salutare

240 2824 330 2866 fieri
346 2826 424 2859 sine
431 2826 668 2871 fruqalitatis
683 2833 783 2861 cura.
881 2835 927 2870 24
950 2826 1046 2861 Sunt
1061 2830 1183 2861 tamen
1197 2828 1263 2872 qui
1277 2827 1376 2862 etc-2
1404 2837 1434 2863 6.
1446 2838 1482 2874 g.
1500 2824 1595 2863 Gell.
1605 2825 1670 2863 xii.
1688 2836 1724 2863 2.

249 2878 292 2916 25
321 2872 569 2915 Quintiliani:
595 2884 629 2909 v.
646 2872 718 2909 loc.
735 2871 838 2909 infra
855 2871 946 2916 cit.;
972 2872 1019 2909 cf.
1037 2874 1162 2910 Metal.
1179 2872 1203 2910 i.
1222 2883 1267 2909 22
1286 2871 1432 2920 (8520).

359 2945 425 2984 318
