1846 3262
86 213 169 264 655
190 223 215 254 c
565 213 833 259 IOANNIS
875 213 1399 258 SARESBERIENSIS
1520 211 1632 273 [ΜΒ.
1650 223 1722 257 v11

229 335 402 388 Poetas‚
423 335 670 387 historicos,
692 337 902 385 oratores,
917 334 1259 377 mathematicos
1279 334 1523 391 probabilis
1546 334 1722 377 mathe-

181 410 210 449 d
229 405 420 449 maticae
451 406 552 463 quis
579 405 770 463 ambigit
800 419 895 448 esse
922 404 1144 462 legendos,
1175 404 1371 446 maxime
1398 418 1499 447 cum
1527 404 1623 447 sine
1651 403 1723 446 his

230 475 320 517 uiri
356 490 450 518 esse
483 478 709 533 nequeant
741 474 815 517 uel
851 489 942 517 non
981 474 1155 517 soleant
1194 474 1420 518 litterati?
1482 474 1571 527 Qui
1603 473 1723 517 enim

228 545 418 588 istorum
440 546 586 603 ignari
608 548 726 596 sunt,
742 544 947 587 illiterati
965 544 1193 597 dicuntur,
1209 544 1293 587 etsi
1310 544 1486 587 litteras
1500 544 1723 588 nouerint.

229 614 346 659 Cum
380 617 533 658 tamen
569 615 697 673 quasi
738 615 786 657 in
826 615 898 658 ius
933 629 1065 658 suum
1106 615 1350 658 uendicant
1389 614 1603 666 animum,
1637 614 1723 658 etsi
1742 629 1763 665 5

227 685 526 742 polliceantur
564 685 776 729 notitiam
812 700 975 737 rerum,
1010 685 1199 728 uirtutis
1233 688 1387 728 tamen
1427 684 1646 728 dedocent
1677 686 1724 728 et

228 754 499 798 submonent
523 756 709 800 cultum.
770 755 900 799 Vnde
921 754 1088 807 Cicero,
1109 770 1211 799 cum
1236 755 1291 798 de
1319 754 1463 813 poetis
1484 756 1649 813 ageret,
1670 757 1724 798 ut

227 824 490 883 diligentius
546 827 772 880 audiatur,
828 826 1075 870 exclamat:
1122 825 1304 870 Clamor
1359 828 1405 869 et
1457 824 1724 883 approbatio

226 897 393 954 populi,
415 897 542 954 quasi
573 897 727 955 magni
752 897 984 941 cuiusdam
1012 899 1058 940 et
1082 896 1299 954 sapientis
1328 895 1536 954 magistri
1567 898 1615 939 et
1644 895 1722 953 qui

226 967 285 1010 ad
325 968 756 1011 commendationem
788 967 991 1019 sufficiat,
1022 967 1184 1026 plausu
1220 982 1301 1011 suo
1337 982 1448 1025 quos
1478 967 1581 1010 uult
1611 966 1723 1011 facit
1744 982 1786 1008 10

226 1038 490 1082 autenticos.
558 1039 623 1081 At
651 1038 718 1080 illi
746 1038 824 1096 qui
846 1038 988 1081 tantis
1013 1038 1223 1081 laudibus
1254 1038 1505 1081 efferuntur
1528 1040 1723 1095 quantas

225 1108 456 1152 obducunt
496 1109 716 1160 tenebras,
757 1124 868 1166 quos
908 1109 1134 1152 inuehunt
1184 1111 1344 1163 metus,
1386 1123 1498 1166 quas
1547 1108 1722 1152 inflam-

225 1180 355 1221 mant
409 1179 703 1236 cupiditates!
779 1179 841 1221 Hi
897 1182 1056 1236 stupra
1107 1178 1418 1236 adulteriaque
1470 1179 1723 1231 conciliant,

227 1248 378 1292 uarias
406 1249 497 1292 doli
527 1251 741 1306 reparant
775 1251 906 1300 artes,
938 1248 1065 1291 furta
1095 1249 1277 1306 rapinas
1307 1248 1515 1292 incendia
1548 1248 1722 1300 docent,

75 1327 161 1376 656
181 1337 211 1366 a
229 1334 342 1376 quae
372 1322 479 1362 sunt
510 1322 591 1362 aut
615 1318 813 1370 fuerunt,
834 1319 971 1362 immo
999 1334 1114 1376 quae
1141 1319 1253 1377 fingi
1280 1322 1481 1377 possunt,
1500 1318 1721 1362 malorum
1743 1330 1784 1365 15

228 1389 435 1446 exempla
473 1391 733 1447 proponunt
773 1389 913 1433 oculis
948 1389 1257 1433 multitudinis
1286 1389 1534 1447 imperitae.
1595 1387 1722 1442 Quae

227 1459 435 1503 incendia
454 1460 536 1503 celi
558 1459 756 1503 succensi
779 1462 859 1503 aut
880 1459 1017 1503 maris
1042 1459 1280 1503 inundatio
1301 1462 1382 1503 aut
1402 1462 1549 1503 terrae
1569 1458 1723 1502 hiatus

227 1532 380 1572 tantas
401 1529 510 1573 fecit
530 1530 797 1588 populorum
814 1532 988 1588 strages
1004 1533 1198 1587 quantas
1218 1529 1295 1573 isti
1317 1529 1493 1573 faciunt
1512 1530 1721 1575 morum?

229 1598 438 1644 Comicus
468 1600 546 1657 qui
576 1615 684 1657 prae
714 1600 873 1643 ceteris
901 1600 1049 1657 placet
1076 1600 1124 1643 in
1151 1600 1369 1643 Eunucho
1400 1599 1542 1643 refert
1572 1598 1720 1642 adole·

227 1669 392 1713 scentis
406 1670 639 1713 libidinem
654 1670 992 1721 inflammatam,
1008 1685 1109 1714 cum
1124 1669 1327 1713 tabulam
1348 1669 1525 1727 pictura
1545 1669 1721 1712 uideret
1740 1683 1784 1708 20

226 1740 531 1783 continentem
552 1754 640 1797 quo
660 1742 792 1797 pacto
812 1739 932 1791 deus,
950 1739 1027 1797 qui
1042 1740 1125 1783 celi
1146 1740 1316 1797 templa
1336 1739 1488 1783 sonitu
1508 1739 1720 1791 concutit,

227 1824 308 1868 per
328 1810 598 1868 impluuium
619 1825 729 1853 auro
749 1810 885 1853 misso
905 1810 1125 1853 inclusam
1150 1812 1276 1853 turre
1302 1812 1349 1853 et
1375 1812 1550 1867 septam
1570 1811 1720 1854 custo-

228 1880 361 1924 dibus
376 1881 626 1938 corruperit
640 1880 828 1923 Danem.
891 1880 1070 1924 Similes
1090 1881 1138 1923 in
1160 1880 1350 1938 singulis
1368 1880 1568 1938 picturas
1582 1879 1721 1932 uidet,

228 1951 422 1994 miratur
451 1954 498 1995 et
527 1951 684 1994 laudat
713 1951 970 1996 multitudO.
1047 1951 1168 1994 Nam
1199 1966 1313 2009 quae
1343 1950 1532 1994 uirtutis
1560 1950 1719 1995 incita-

227 2025 381 2065 menta
410 2024 528 2073 sunt,
557 2036 687 2065 rarus
717 2024 943 2079 spectator
971 2021 1188 2066 adtendit.
1715 2082 1718 2084 q
1739 2036 1781 2071 25

287 2097 420 2149 Here,
451 2112 565 2154 quae
595 2112 666 2141 res
695 2097 744 2140 in
775 2112 822 2140 se
851 2112 996 2154 neque
1025 2097 1261 2141 consilium
1291 2112 1436 2155 neque
1465 2096 1649 2141 modum

286 2156 424 2200 habet
453 2156 610 2213 ullum,
639 2171 739 2199 eam
768 2156 953 2200 consilio
983 2171 1136 2215 regere
1166 2171 1257 2200 non
1287 2159 1427 2214 potes.

231 2283 246 2310 1
275 2271 452 2309 istoricos
469 2271 559 2310 CBS
705 2283 726 2319 3
752 2271 901 2310 literati
919 2271 1022 2309 BSM
1169 2274 1190 2310 8
1215 2271 1416 2320 aprobatio
1434 2271 1525 2309 GBS
1675 2282 1721 2310 10

227 2321 337 2368 plasu
356 2321 380 2357 S
529 2331 582 2365 12,
606 2331 647 2367 13
671 2320 874 2358 inflamant
891 2320 920 2358 C
1055 2321 1104 2358 26
1129 2320 1246 2368 Here]
1267 2320 1341 2358 Ere
1360 2320 1467 2365 SM&
1491 2319 1549 2357 Ea
1565 2331 1625 2358 res
1641 2319 1696 2356 Μ1

278 2437 309 2471 1,
332 2438 353 2464 2
372 2429 578 2474 probabilis
594 2428 891 2464 mathematicae:
915 2440 949 2463 v.
967 2438 1083 2474 supra
1098 2425 1139 2462 ii.
1159 2427 1202 2463 18
1222 2426 1308 2473 (436
1321 2425 1377 2472 1)).
1565 2434 1587 2471 7
1619 2427 1721 2463 Vnde

230 2476 352 2512 Cicero
372 2478 471 2513 etc.:
497 2488 529 2512 v.
551 2475 648 2522 Aug.
674 2478 718 2512 de
745 2477 784 2512 0.
812 2477 860 2511 D.
884 2474 924 2511 ii.
946 2486 989 2521 14
1009 2478 1065 2521 (=
1083 2473 1161 2511 Cic.
1186 2476 1229 2510 de
1252 2476 1344 2520 Rep.
1371 2473 1419 2510 iv.
1437 2473 1475 2520 9)
1494 2476 1720 2512 exclamante

231 2524 412 2570 Cicerone,
424 2526 498 2571 qui,
517 2536 599 2560 cum
612 2526 655 2560 de
662 2526 783 2570 poetis
793 2529 931 2569 aqeret:
948 2525 1012 2560 Ad
1026 2535 1114 2570 quos
1129 2534 1211 2559 cum
1222 2523 1378 2566 accessit,
1394 2523 1522 2569 inquit,
1535 2524 1674 2559 clamor
1688 2527 1722 2558 et

227 2574 441 2618 adprobatio
452 2574 586 2619 populi
609 2574 716 2619 quasi
739 2573 866 2618 maym‘
886 2571 1078 2608 cuiusdam
1100 2576 1133 2606 et
1154 2571 1333 2616 sapientis
1353 2572 1532 2617 mayistm',
1550 2583 1641 2617 quas
1661 2571 1722 2607 illi

227 2621 408 2656 obducunt
429 2622 604 2663 tenebras,
629 2632 717 2667 quos
740 2621 924 2656 inuehunt
947 2625 1071 2662 metus,
1096 2630 1189 2665 quas
1211 2620 1448 2663 inflammant
1472 2617 1721 2665 cupiditates!

228 2666 355 2704 Verba.
388 2679 486 2714 quae
517 2680 596 2705 non
627 2668 747 2706 refert
770 2667 1008 2715 Augustinus
1035 2678 1082 2703 ex
1107 2665 1303 2703 Ciceronis
1326 2665 1424 2702 libro
1449 2668 1494 2703 de
1518 2668 1719 2713 Republica

228 2716 430 2762 prouenire
457 2715 565 2752 nulla
591 2728 706 2753 causa
732 2718 791 2753 est
821 2728 888 2752 cur
914 2715 1141 2752 dubitemus.
1193 2713 1416 2750 Notandum
1443 2716 1501 2751 est
1530 2714 1718 2751 aduerbio

227 2765 432 2801 αὐθεντικῶς
449 2776 528 2801 11011
545 2764 662 2801 semel
677 2763 721 2800 in
739 2763 924 2811 Epistolis
941 2763 1018 2799 suis
1032 2774 1141 2799 11811111
1159 2772 1239 2799 0880
1257 2761 1492 2799 Ciceronem.
1673 2771 1717 2808 17

227 2813 398 2847 incendia
426 2814 493 2848 celi
515 2814 695 2848 succensi:
730 2824 780 2849 sc.
806 2824 830 2848 a
854 2810 1108 2848 Phaethonte.
1259 2820 1303 2856 19
1331 2810 1498 2847 Comicus
1521 2811 1618 2847 etc.:
1645 2809 1670 2847 1.
1684 2822 1717 2848 0.

226 2858 447 2902 Terentius3
473 2873 504 2896 v.
532 2862 633 2897 Eun.
660 2859 716 2897 iii.
744 2869 775 2907 5.
803 2869 847 2906 37
858 2870 988 2905 seqq.;
1012 2859 1061 2895 cf.
1087 2857 1184 2905 Aug.
1215 2858 1320 2904 Conf.
1345 2857 1370 2894 i.
1395 2857 1475 2905 16}
1501 2860 1549 2896 26
1567 2857 1716 2906 (Migne

227 2909 270 2944 P.
286 2909 329 2943 L.
347 2907 465 2944 xxxii.
482 2908 582 2956 672).
722 2910 769 2947 26
792 2910 888 2946 Here
905 2910 1003 2945 eta:
1028 2906 1112 2944 Ter.
1129 2907 1230 2943 Eun.
1250 2905 1275 2942 i.
1298 2917 1327 2942 1.
1350 2915 1478 2954 12—25.

340 2962 407 2996 126
