1846 3262
139 206 238 248 cAr.
254 199 370 265 xxv]
674 201 1118 248 POLICRATIOVS
1638 203 1710 243 818
1725 203 1755 242 d

137 325 289 369 omnia
308 325 357 368 in
377 339 428 369 eo
440 338 674 383 possumus
687 324 764 382 qui
780 338 860 368 nos
875 323 1112 368 confortat.
1172 323 1258 367 Via
1270 323 1488 381 siquidem
1509 323 1618 367 haec

140 394 287 439 uirtus
307 398 387 448 est,
414 395 588 439 duobus
616 394 851 439 interiecta
878 396 924 437 et
946 396 1096 437 artata
1115 393 1346 447 limitibus,
1364 393 1617 452 cognitione

138 464 306 509 scilicet
340 468 387 509 et
418 465 630 509 exercitio
661 464 779 509 boni.
849 464 992 507 Nosse
1022 478 1215 521 namque
1245 464 1411 507 bonum
1446 466 1493 506 et
1526 477 1617 506 non

139 533 284 578 facere
323 535 533 578 meritum
573 534 903 592 dampnationis
948 536 1028 585 est,
1066 548 1156 577 non
1195 533 1273 577 uia
1310 532 1616 577 beatitudinis.

100 616 119 649 ⁵
138 603 278 655 Vnde,
298 603 459 662 inquis,
479 604 594 648 hanc
613 604 735 647 uiam
759 603 986 662 ingrediar
1012 603 1091 660 qui
1120 603 1169 645 in
1194 602 1319 646 inuio
1338 617 1438 646 sum
1458 605 1504 645 et
1524 617 1614 646 non
1633 605 1709 655 819
1722 617 1753 645 a

136 673 185 716 in
214 674 324 719 uia?
383 673 439 716 In
469 676 599 717 tanta
628 674 849 717 uarietate
878 673 1055 716 uiarum
1085 673 1341 731 ignotarum
1365 672 1540 716 aduena
1570 677 1616 716 et

136 743 408 801 peregrinus,
427 743 553 787 cuius
572 743 689 787 oculi
720 743 992 801 languerunt
1020 757 1127 800 prae
1157 743 1309 800 inopia
1338 745 1385 786 et
1411 742 1505 785 fere
1525 742 1615 785 iam

136 811 360 864 deficiunt,
380 812 542 870 quibus
563 827 661 856 eam
682 813 930 856 discernam
949 811 1126 855 indiciis
1146 815 1200 854 ut
1218 812 1276 855 ad
1295 811 1343 854 id
1363 811 1615 869 tranquilli-

134 882 245 926 tatis
262 885 310 926 et
327 883 482 940 gaudii
501 883 760 940 perueniam
781 882 899 939 quod
917 882 1144 939 promittis
1159 882 1178 926 ’ἓ

77 998 121 1023 10
252 974 335 1018 Est
354 975 573 1033 (inquam)
593 974 669 1018 uia
689 974 892 1018 sublimis
911 973 1004 1019 celo
1023 973 1265 1018 manifesta
1284 988 1438 1017 sereno
1454 988 1464 1026 3

249 1033 394 1078 lactea
412 1048 574 1078 nomen
592 1033 740 1077 habet.

135 1126 302 1170 Serena
339 1126 424 1170 tibi
463 1125 606 1170 celum
644 1139 701 1168 ne
735 1125 945 1168 turbetur
979 1139 1086 1182 prae
1125 1124 1433 1183 indignatione
1474 1125 1613 1168 oculis

133 1196 308 1240 animae
337 1199 455 1250 tuae,
481 1197 527 1239 et
556 1194 688 1239 facile
715 1194 906 1238 lacteam
930 1194 1045 1238 hanc
1068 1209 1279 1252 agnosces
1305 1194 1440 1238 uiam.
1499 1193 1613 1236 Redi

132 1265 191 1308 ad
210 1268 268 1317 te,
286 1268 468 1324 patrum
488 1265 660 1322 suspice
686 1264 972 1316 monimenta,
1002 1267 1048 1307 et
1077 1264 1141 1307 ibi
1170 1264 1344 1308 intuere
1375 1263 1614 1321 diligenter

75 1354 116 1387 15
133 1334 213 1378 ubi
241 1350 271 1378 a
298 1335 376 1378 uia
403 1334 637 1378 deflexeris
665 1348 868 1392 gressum
903 1337 949 1377 et
977 1334 1056 1377 ubi
1085 1334 1295 1378 cecideris
1329 1334 1377 1376 in
1407 1348 1612 1376 errorem.

135 1404 296 1449 Recolo
326 1407 478 1448 autem
512 1418 594 1447 nos
625 1404 851 1447 aberrasse
885 1403 949 1446 ibi
983 1404 1179 1461 primum
1210 1404 1289 1447 ubi
1318 1404 1537 1461 impulsus
1567 1408 1614 1447 et

133 1489 314 1519 euersus
329 1477 398 1519 est
412 1475 544 1518 homo
556 1475 610 1517 ut
621 1473 799 1518 caderet
812 1474 1193 1531 praeuaricatione
1205 1474 1420 1526 mandati,
1434 1474 1612 1530 quando
1629 1473 1659 1511 b

130 1544 189 1588 ad
218 1544 412 1588 uetitum
440 1544 651 1588 scientiae
680 1544 853 1602 lignum
883 1543 1099 1587 suadente
1128 1544 1305 1587 diabolo
1327 1543 1613 1587 temerariam

131 1616 177 1658 et
215 1614 442 1659 incautam
481 1629 666 1657 manum
706 1613 924 1658 extendit.
1000 1613 1178 1657 Abinde
1217 1615 1337 1657 enim
1380 1616 1611 1671 peccatum

71 1703 115 1728 πο
129 1686 310 1742 accepta
338 1684 564 1728 occasione
593 1699 674 1742 per
702 1684 966 1727 mandatum
990 1683 1170 1727 seduxit
1198 1698 1281 1735 me,
1314 1687 1360 1727 et
1388 1698 1469 1741 per
1498 1683 1611 1726 illud

129 1754 302 1799 occidit.
362 1754 518 1812 Ipsum
548 1769 742 1811 namque
773 1754 1036 1797 mandatum
1075 1756 1306 1812 operatum
1346 1757 1414 1797 est
1453 1754 1500 1796 in
1539 1768 1609 1795 me

130 1838 307 1868 omnem
327 1824 741 1882 concupiscentiam,
762 1824 869 1882 quia
888 1838 1063 1881 semper

362 1916 552 1960 nitimur
571 1915 619 1958 in
638 1916 855 1969 uetitum3

625 1974 744 2031 quod
762 1989 854 2018 non
872 1974 988 2027 licet,
1007 1974 1154 2018 acrius
1174 1974 1279 2017 urit.

71 2086 112 2120 ²5
131 2066 204 2111 Ad
224 2066 428 2111 arborem
454 2067 664 2110 scientiae
691 2080 875 2109 manum
901 2066 1116 2117 extendit,
1140 2066 1293 2124 gulam
1322 2066 1538 2123 impleuit,
1564 2070 1610 2109 et

129 2139 286 2181 contra
314 2136 580 2194 promissum
608 2135 781 2180 fallacis
803 2136 973 2180 inimici
994 2139 1039 2179 et
1059 2136 1300 2179 secundum
1321 2135 1609 2179 interdictum

130 2207 301 2250 ueracis
320 2206 405 2250 Dei
425 2206 743 2250 obtenebratus
759 2208 827 2249 est
850 2206 983 2249 homo
1003 2209 1049 2249 et
1069 2206 1117 2248 in
1137 2205 1326 2249 esuriem
1346 2209 1609 2263 prostratus,

128 2276 259 2320 fedus
287 2275 454 2319 feriens
482 2290 584 2320 cum
617 2278 762 2319 morte
795 2278 842 2319 et
871 2278 1053 2333 pactum
1088 2274 1256 2319 faciens
1284 2290 1386 2320 cum
1415 2275 1607 2319 inferno.

128 2414 151 2449 4
177 2402 434 2440 damnationis
450 2402 478 2439 C
636 2412 658 2449 7
685 2400 808 2440 occuli
823 2401 858 2438 A
1012 2403 1034 2440 8
1059 2403 1262 2440 decernam
1280 2401 1305 2439 S
1410 2401 1565 2440 iudiciis
1582 2403 1606 2439 S

132 2461 176 2488 ιο
200 2449 363 2487 sullimis
380 2450 420 2486 Μ

178 2576 195 2604 1
222 2567 347 2603 omnia
363 2567 457 2603 etc.:
483 2577 517 2601 v.
533 2564 701 2620 Philipp.
718 2564 767 2601 iv.
789 2574 843 2612 13.
988 2573 1006 2612 5
1033 2565 1075 2601 in
1091 2567 1195 2602 inuio
1211 2567 1307 2602 etc.:
1334 2577 1367 2602 v.
1384 2565 1442 2601 Ps.
1459 2564 1531 2603 cvi.
1547 2576 1608 2611 40.

129 2623 150 2659 7
176 2615 271 2651 vendi
287 2615 381 2650 etc.:
405 2625 440 2648 v.
459 2612 518 2650 Ps.
535 2613 688 2649 lxxxvii.
710 2623 763 2649 10.
941 2622 986 2649 10
1008 2614 1077 2649 Est
1093 2615 1159 2650 uia
1176 2615 1268 2649 etc.:
1295 2612 1360 2650 Ov.
1378 2614 1463 2649 Met.
1482 2612 1508 2650 i.
1528 2614 1605 2656 168,

132 2663 209 2708 169.
403 2662 447 2698 18
473 2662 523 2697 ad
538 2663 692 2697 uetitum
708 2662 805 2697 etc.:
828 2672 862 2696 v.
881 2659 973 2697 Gen.
993 2660 1048 2696 iii.
1243 2671 1286 2707 19
1304 2666 1492 2707 peccatum
1509 2663 1606 2698 etc.:

127 2709 236 2746 Rom.
253 2707 319 2744 vii.
339 2718 392 2745 11.
572 2718 615 2745 21
641 2710 770 2756 Ipsum
788 2709 884 2745 etc.:
908 2721 940 2744 v.
959 2708 1066 2744 Rom.
1083 2707 1147 2744 vii.
1167 2709 1200 2745 8.
1379 2719 1423 2754 23
1449 2710 1610 2744 nitimur

127 2759 223 2795 etc.:
251 2756 318 2792 Ov.
333 2757 417 2792 Am.
434 2754 488 2792 iii.
505 2766 542 2801 4.
562 2765 615 2801 17.
770 2765 816 2800 24
839 2757 933 2803 quod
948 2768 1023 2793 non
1039 2757 1120 2793 licet
1135 2757 1230 2793 etc.:
1255 2755 1322 2792 Ov.
1336 2757 1420 2792 Am.
1438 2755 1478 2793 ii.
1501 2765 1555 2802 19.
1571 2767 1606 2802 3.

126 2814 171 2851 25
199 2806 261 2840 Aa
276 2804 439 2841 arborem
455 2805 549 2842 etc.:
575 2816 599 2841 v
628 2802 723 2841 Gen.
740 2802 797 2849 iii,
815 2806 859 2841 ut
875 2815 1001 2854 supra.
1160 2804 1206 2841 28
1222 2805 1337 2850 fedus
1353 2806 1429 2841 etc.
1445 2817 1454 2840 ε
1477 2816 1510 2843 v.
1529 2803 1602 2842 Isa.

124 2864 244 2889 xxvm
274 2860 329 2900 15.

1426 2933 1495 2969 4¹9
