1846 3262
39 230 129 278 693
151 237 175 268 c
528 225 795 271 IOANNIS
836 224 1358 268 SARESBERIENSIS
1479 222 1591 284 [ΜΒ.
1608 235 1679 267 vlt

199 348 412 392 audacter
438 347 713 405 promittunt
733 344 913 388 ueniam
934 359 986 388 eo
1008 344 1139 401 quod,
1159 344 1276 388 sicut
1296 359 1413 402 aqua
1434 345 1595 403 ignem,
1616 344 1683 387 ita

199 419 439 461 elemosina
453 419 684 475 peccatum
701 414 941 471 extinguit.
978 414 1232 457 Penitentia
1247 428 1422 471 quoque
1437 428 1684 471 numquam

200 503 298 531 sera
319 491 400 539 est,
422 488 459 530 si
479 490 631 530 tamen
653 499 773 528 uera.
834 483 1135 528 Consentiunt
1162 499 1268 542 ergo
1294 484 1493 527 moribus
1517 483 1685 541 iniquis

200 562 256 609 et,
270 559 529 616 popularem
546 558 842 613 prouocantes
855 554 1135 598 affectionem
1151 554 1542 607 assentationibus,
1554 554 1683 598 obtu-

201 631 305 671 rant
326 642 455 670 aures
475 626 708 670 hominum
732 640 789 668 ne
816 625 1142 682 increpationes
1161 625 1351 668 audiant
1370 624 1684 683 praelatorum.
1706 643 1726 678 5

201 699 274 741 Ad
301 699 409 741 haec
439 696 718 740 rumusculos
746 695 994 753 inquirunt,
1019 695 1290 739 tumultibus
1316 695 1528 753 gaudent,
1557 694 1687 738 dissi-

202 768 403 811 dentium
434 769 604 810 secreta
635 766 873 823 explorant
902 768 949 808 et
978 765 1133 809 eadem
1162 780 1282 809 nunc
1312 765 1371 808 ad
1401 765 1566 808 amicos
1589 778 1690 822 per-

202 838 367 890 ferunt,
383 852 503 881 nunc
518 837 576 880 ad
591 837 754 887 hostes,
766 835 970 894 utrisque
989 836 1122 894 grati,
1135 836 1339 893 utrisque
1358 835 1529 893 perfidi,
1546 834 1691 892 magis

203 912 356 952 tamen
384 908 441 951 ad
466 908 555 951 ista
588 907 804 950 uidentur
833 906 982 949 idonei
1013 906 1120 963 quia
1149 907 1206 950 ab
1236 906 1432 964 imagine
1463 903 1692 963 religionis

161 984 190 1025 d
208 979 356 1022 minus
390 979 615 1021 habentur
650 976 855 1034 suspecti.
916 976 1037 1029 Quid
1072 977 1119 1019 in
1150 977 1332 1035 palatio,
1363 975 1472 1033 quid
1502 976 1550 1018 in
1582 974 1692 1028 foro,
1714 989 1756 1015 ιο

208 1049 315 1107 quid
337 1049 384 1091 in
405 1049 526 1107 agris
547 1047 769 1105 expediat,
791 1047 898 1104 quid
920 1047 967 1089 in
989 1047 1159 1100 castris,
1180 1047 1263 1091 soli
1288 1047 1534 1090 creduntur
1552 1059 1693 1096 nosse,

207 1121 313 1177 quia
343 1120 556 1162 uniuersa
585 1120 694 1162 haec
724 1133 831 1176 prae
861 1118 1020 1161 ceteris
1055 1118 1270 1161 uidentur
1299 1132 1455 1162 curare
1486 1116 1564 1174 qui
1594 1115 1695 1159 istis

206 1189 373 1247 iugiter
399 1189 718 1232 immiscentur.
780 1187 829 1230 Si
857 1187 1130 1231 conueniant
1156 1190 1308 1245 patres
1336 1187 1385 1229 in
1412 1186 1547 1237 curia,
1574 1186 1695 1230 ciues

208 1260 256 1302 in
289 1258 402 1312 foro,
434 1258 601 1301 milites
632 1257 681 1300 in
715 1257 1014 1314 expeditione,
1049 1257 1087 1300 si
1117 1257 1310 1314 denique
1342 1256 1579 1300 concilium
1614 1258 1696 1298 aut

209 1329 408 1386 synodus
435 1330 715 1379 conuocetur,
740 1327 1026 1384 praecipuam
1056 1328 1229 1371 sedium
1259 1330 1433 1385 partem
1460 1340 1695 1384 praeoccu-
1718 1344 1757 1379 15

209 1399 337 1457 pabit
371 1398 626 1441 umbratilis
658 1397 747 1440 ista
786 1397 956 1455 religio.
1016 1397 1327 1442 Claustrorum
1363 1397 1510 1440 fracta
1543 1396 1698 1440 credas

210 1470 435 1527 repagula,
457 1469 679 1512 exhausta
699 1468 850 1511 tochia
869 1468 943 1511 uel
963 1468 1252 1519 xenodochia,
1273 1470 1319 1511 et
1338 1483 1366 1511 a
1385 1467 1493 1511 locis
1512 1481 1697 1511 uenera-

212 1540 377 1582 bilibus
407 1539 616 1582 examina
643 1538 983 1582 conuiuentium
1011 1538 1220 1582 euolasse.
1286 1538 1412 1581 Adeo
1443 1537 1623 1595 quidem
1651 1551 1698 1580 se

212 1610 441 1668 religionis
486 1609 652 1667 species
697 1608 845 1652 turbis
889 1611 935 1652 et
979 1609 1171 1666 publicis
1215 1609 1468 1666 aspectibus
1517 1607 1698 1666 ingerit.

216 1681 387 1724 Primas
426 1680 673 1731 cathedras,
713 1679 941 1723 recubitus
980 1679 1160 1737 primos,
1198 1679 1367 1737 primas
1406 1678 1700 1722 salutationes
1721 1700 1765 1725 20

215 1753 437 1809 usurpant
457 1754 516 1803 et,
532 1750 569 1793 si
584 1765 659 1793 eas
673 1764 764 1792 non
779 1749 968 1803 deferas,
983 1749 1374 1793 uehementissime
1389 1748 1699 1807 indignantur.

58 1829 148 1874 694
168 1835 197 1863 a
217 1822 266 1865 Si
308 1821 372 1865 eis
411 1820 675 1878 obloqueris,
707 1819 937 1877 religionis
972 1820 1180 1863 inimicus
1215 1822 1263 1863 et
1295 1819 1504 1863 ueritatis
1543 1819 1704 1863 diceris

217 1893 518 1950 impugnator.
579 1891 716 1934 Feras
744 1890 898 1947 itaque
921 1890 1158 1948 patienter,
1179 1889 1217 1933 si
1246 1889 1437 1933 iniurias
1467 1892 1514 1933 et
1539 1881 1706 1932 damna

217 1962 456 2005 intulerint
476 1962 553 2019 qui
573 1961 802 2005 licentiam
822 1961 1024 2004 omnium
1044 1960 1287 2018 apostolica
1308 1962 1354 2004 et
1368 1960 1493 2018 regia
1512 1959 1705 2003 auctori-

218 2036 314 2077 tate
334 2032 581 2090 optinuisse
601 2032 838 2085 uidentur3
868 2046 973 2075 nam
1002 2034 1048 2075 et
1075 2032 1158 2075 hoc
1185 2031 1359 2074 meritis
1378 2044 1532 2074 eorum
1552 2030 1704 2074 deberi
1725 2051 1767 2086 ²5

219 2103 429 2147 creditur.
490 2102 609 2146 Sane
641 2102 719 2159 qui
754 2102 926 2145 resistit
959 2101 1187 2159 potestati,
1217 2101 1303 2145 Dei
1332 2100 1607 2144 ordinationi
1641 2115 1707 2144 re-

220 2174 365 2226 sistit3
409 2187 491 2217 nec
533 2187 615 2230 ego
655 2172 924 2230 apostolieae
968 2172 1195 2215 maiestati
1236 2175 1283 2215 et
1321 2172 1472 2230 regiae
1512 2171 1709 2215 arbitror

220 2243 546 2288 reluctandum.
618 2243 760 2286 Miror
809 2246 974 2294 tamen,
1023 2246 1078 2287 ut
1133 2242 1334 2286 fidelium
1383 2257 1491 2300 pace
1539 2242 1711 2299 loquar,

222 2315 437 2373 quidnam
473 2314 534 2357 sit
570 2313 689 2371 quod
725 2313 920 2357 decimas
955 2315 1001 2356 et
1034 2313 1136 2356 iura
1175 2313 1324 2356 aliena
1363 2327 1581 2370 usurpare
1619 2327 1711 2356 non

223 2385 491 2428 erubescunt
503 2385 526 2428 3·
599 2383 815 2441 Inquient
863 2382 1005 2428 forte:
1067 2383 1281 2441 Religiosi
1332 2397 1500 2427 sumus.
1575 2382 1712 2426 Plane
1731 2401 1776 2435 30

224 2538 257 2572 4,
280 2536 297 2573 5
324 2526 556 2573 opturantA
683 2535 707 2571 9
730 2524 912 2572 ymagine
930 2524 971 2560 M
1017 2571 1025 2579 .
1094 2533 1134 2571 15
1162 2523 1318 2562 sinodus
1334 2523 1367 2560 A
1490 2533 1531 2569 17
1556 2522 1716 2560 thochia

225 2574 285 2670 ἐξ
298 2621 380 2659 Oba
369 2572 622 2659 ἓξιιιεςέιὲοὸὶὲιὲ,
619 2572 761 2658 1§LPBAS
916 2583 958 2610 21
988 2571 1141 2609 differas
1158 2572 1198 2608 M
1354 2582 1400 2618 23
1426 2571 1596 2619 dampna
1612 2571 1714 2609 ΑΒΜ

279 2762 297 2786 1
323 2752 415 2786 sicut
431 2762 529 2796 aqua
545 2751 639 2786 etc.:
666 2746 959 2793 v.Eccli1ii.33.
1122 2756 1165 2793 17
1191 2748 1333 2785 tochia:
1360 2746 1386 2784 i.
1399 2759 1431 2784 e.
1444 2748 1605 2794 ptochia,
1619 2758 1716 2794 quae

230 2799 363 2835 domus
389 2799 502 2834 erant
529 2809 742 2844 pauperum
771 2795 938 2850 hospitio
965 2795 1196 2843 deputatae3
1231 2808 1264 2832 v.
1293 2795 1355 2832 Du
1381 2795 1510 2843 Gange
1541 2795 1609 2832 sub
1639 2806 1717 2832 voc.

231 2857 282 2900 29
303 2847 449 2882 Primus
465 2847 535 2883 etc.
553 2856 561 2881 ε
588 2857 621 2883 v.
639 2845 750 2881 Matt.
768 2843 875 2882 xxiii.
892 2845 927 2891 6,
946 2853 979 2890 7.
1183 2845 1228 2881 26
1253 2846 1318 2892 qui
1333 2845 1469 2881 resistit
1485 2846 1583 2881 etc-2
1610 2842 1717 2880 Rom.

231 2893 311 2930 xiii.
331 2904 363 2929 2.

348 2971 411 3018 196
