<?xml version="1.0" encoding="UTF-8"?>
<!DOCTYPE html PUBLIC "-//W3C//DTD XHTML 1.0 Transitional//EN"
    "http://www.w3.org/TR/xhtml1/DTD/xhtml1-transitional.dtd">
<html xmlns="http://www.w3.org/1999/xhtml" xml:lang="en" lang="en">
 <head>
  <title>
</title>
<meta http-equiv="Content-Type" content="text/html;charset=utf-8" />
  <meta name='ocr-system' content='tesseract 3.04.00' />
  <meta name='ocr-capabilities' content='ocr_page ocr_carea ocr_par ocr_line ocrx_word'/>
</head>
<body>
  <div class='ocr_page' id='page_1' title='image "./ioannissaresberi02johnuoft_0269.png"; bbox 0 0 1846 3262; ppageno 0'>
   <div class='ocr_carea' id='block_1_1' title="bbox 152 221 1776 284">
    <p class='ocr_par' dir='ltr' id='par_1_1' title="bbox 152 221 1776 284">
     <span class='ocr_line' id='line_1_1' title="bbox 152 221 1776 284; baseline 0.003 -18"><span class='ocrx_word' id='word_1_1' title='bbox 152 233 253 267; x_wconf 71' lang='grc' dir='ltr'><strong>οΑΡ.</strong></span> <span class='ocrx_word' id='word_1_2' title='bbox 269 221 340 284; x_wconf 75' lang='lat' dir='ltr'><strong>w]</strong></span> <span class='ocrx_word' id='word_1_3' title='bbox 674 224 1116 271; x_wconf 85' lang='lat' dir='ltr'>POLICRATICVS</span> <span class='ocrx_word' id='word_1_4' title='bbox 1650 239 1728 282; x_wconf 79' lang='lat'><strong>⁷27</strong></span> <span class='ocrx_word' id='word_1_5' title='bbox 1747 231 1776 272; x_wconf 88' lang='lat' dir='ltr'><strong>d</strong></span> 
     </span>
    </p>
   </div>
   <div class='ocr_carea' id='block_1_2' title="bbox 152 343 1630 476">
    <p class='ocr_par' dir='ltr' id='par_1_2' title="bbox 152 343 1630 476">
     <span class='ocr_line' id='line_1_2' title="bbox 154 343 1630 406; baseline 0.004 -19"><span class='ocrx_word' id='word_1_6' title='bbox 154 343 225 396; x_wconf 88' lang='lat' dir='ltr'><strong>Et,</strong></span> <span class='ocrx_word' id='word_1_7' title='bbox 245 359 346 388; x_wconf 90' lang='lat' dir='ltr'><strong>cum</strong></span> <span class='ocrx_word' id='word_1_8' title='bbox 366 345 415 388; x_wconf 91' lang='lat' dir='ltr'><strong>in</strong></span> <span class='ocrx_word' id='word_1_9' title='bbox 436 346 719 390; x_wconf 84' lang='lat' dir='ltr'><strong>amenissimo</strong></span> <span class='ocrx_word' id='word_1_10' title='bbox 739 362 849 405; x_wconf 86' lang='lat' dir='ltr'><strong>agro</strong></span> <span class='ocrx_word' id='word_1_11' title='bbox 868 348 916 390; x_wconf 91' lang='lat' dir='ltr'><strong>in</strong></span> <span class='ocrx_word' id='word_1_12' title='bbox 939 363 1136 392; x_wconf 88' lang='lat' dir='ltr'><strong>morsum</strong></span> <span class='ocrx_word' id='word_1_13' title='bbox 1157 348 1535 406; x_wconf 74' lang='lat' dir='ltr'><strong>uoluptuosorumv</strong></span> <span class='ocrx_word' id='word_1_14' title='bbox 1549 349 1630 394; x_wconf 85' lang='lat' dir='ltr'><strong>ho·</strong></span> 
     </span>
     <span class='ocr_line' id='line_1_3' title="bbox 152 415 1630 476; baseline 0.003 -18"><span class='ocrx_word' id='word_1_15' title='bbox 152 415 325 459; x_wconf 91' lang='lat' dir='ltr'><strong>minum</strong></span> <span class='ocrx_word' id='word_1_16' title='bbox 346 431 392 460; x_wconf 91' lang='lat' dir='ltr'><strong>se</strong></span> <span class='ocrx_word' id='word_1_17' title='bbox 412 431 609 461; x_wconf 87' lang='lat' dir='ltr'><strong>crassum</strong></span> <span class='ocrx_word' id='word_1_18' title='bbox 629 417 930 476; x_wconf 82' lang='lat' dir='ltr'><strong>pinguemque</strong></span> <span class='ocrx_word' id='word_1_19' title='bbox 950 419 1234 473; x_wconf 88' lang='lat' dir='ltr'><strong>describeret,</strong></span> <span class='ocrx_word' id='word_1_20' title='bbox 1244 419 1353 463; x_wconf 87' lang='lat' dir='ltr'><strong>lusit</strong></span> <span class='ocrx_word' id='word_1_21' title='bbox 1371 419 1442 463; x_wconf 90' lang='lat' dir='ltr'><strong>his</strong></span> <span class='ocrx_word' id='word_1_22' title='bbox 1457 420 1630 464; x_wconf 91' lang='lat' dir='ltr'><strong>uerbis:</strong></span> 
     </span>
    </p>
   </div>
   <div class='ocr_carea' id='block_1_3' title="bbox 269 492 1779 612">
    <p class='ocr_par' dir='ltr' id='par_1_3' title="bbox 269 492 1779 612">
     <span class='ocr_line' id='line_1_4' title="bbox 270 492 1779 550; baseline 0.003 -16"><span class='ocrx_word' id='word_1_23' title='bbox 270 492 342 535; x_wconf 90' lang='lat' dir='ltr'><strong>Me</strong></span> <span class='ocrx_word' id='word_1_24' title='bbox 372 492 584 550; x_wconf 85' lang='lat' dir='ltr'>pinguem</span> <span class='ocrx_word' id='word_1_25' title='bbox 615 496 661 537; x_wconf 90' lang='lat' dir='ltr'><strong>et</strong></span> <span class='ocrx_word' id='word_1_26' title='bbox 690 494 885 537; x_wconf 88' lang='lat' dir='ltr'><strong>nitidum</strong></span> <span class='ocrx_word' id='word_1_27' title='bbox 916 495 1028 538; x_wconf 90' lang='lat' dir='ltr'><strong>bene</strong></span> <span class='ocrx_word' id='word_1_28' title='bbox 1056 498 1214 539; x_wconf 87' lang='lat' dir='ltr'><strong>curata</strong></span> <span class='ocrx_word' id='word_1_29' title='bbox 1242 498 1344 539; x_wconf 91' lang='lat' dir='ltr'><strong>cute</strong></span> <span class='ocrx_word' id='word_1_30' title='bbox 1373 496 1505 549; x_wconf 88' lang='lat' dir='ltr'><strong>uises,</strong></span> <span class='ocrx_word' id='word_1_31' title='bbox 1648 499 1727 549; x_wconf 86' lang='lat'><strong>728</strong></span> <span class='ocrx_word' id='word_1_32' title='bbox 1748 511 1779 540; x_wconf 85' lang='lat' dir='ltr'><strong>a</strong></span> 
     </span>
     <span class='ocr_line' id='line_1_5' title="bbox 269 552 1384 612; baseline 0.004 -19"><span class='ocrx_word' id='word_1_33' title='bbox 269 565 371 594; x_wconf 91' lang='lat' dir='ltr'><strong>cum</strong></span> <span class='ocrx_word' id='word_1_34' title='bbox 401 552 545 596; x_wconf 90' lang='lat' dir='ltr'><strong>ridere</strong></span> <span class='ocrx_word' id='word_1_35' title='bbox 574 553 697 596; x_wconf 91' lang='lat' dir='ltr'><strong>uoles</strong></span> <span class='ocrx_word' id='word_1_36' title='bbox 729 553 909 611; x_wconf 87' lang='lat' dir='ltr'><strong>Epicuri</strong></span> <span class='ocrx_word' id='word_1_37' title='bbox 939 553 994 597; x_wconf 90' lang='lat' dir='ltr'><strong>de</strong></span> <span class='ocrx_word' id='word_1_38' title='bbox 1023 569 1158 612; x_wconf 84' lang='lat' dir='ltr'>grege</span> <span class='ocrx_word' id='word_1_39' title='bbox 1187 569 1384 612; x_wconf 88' lang='lat' dir='ltr'><strong>porcum.</strong></span> 
     </span>
    </p>
   </div>
   <div class='ocr_carea' id='block_1_4' title="bbox 33 625 1680 2293">
    <p class='ocr_par' dir='ltr' id='par_1_4' title="bbox 33 625 1680 2293">
     <span class='ocr_line' id='line_1_6' title="bbox 110 625 1631 674; baseline 0.001 -2"><span class='ocrx_word' id='word_1_40' title='bbox 110 637 130 672; x_wconf 85' lang='lat'>⁵</span> <span class='ocrx_word' id='word_1_41' title='bbox 154 625 243 669; x_wconf 86' lang='lat' dir='ltr'><strong>Sed</strong></span> <span class='ocrx_word' id='word_1_42' title='bbox 264 630 310 670; x_wconf 91' lang='lat' dir='ltr'><strong>et</strong></span> <span class='ocrx_word' id='word_1_43' title='bbox 330 642 387 670; x_wconf 91' lang='lat' dir='ltr'><strong>ex</strong></span> <span class='ocrx_word' id='word_1_44' title='bbox 406 627 636 671; x_wconf 90' lang='lat' dir='ltr'><strong>uilissimis</strong></span> <span class='ocrx_word' id='word_1_45' title='bbox 656 628 766 671; x_wconf 84' lang='lat' dir='ltr'><strong>cibis</strong></span> <span class='ocrx_word' id='word_1_46' title='bbox 786 629 974 672; x_wconf 90' lang='lat' dir='ltr'><strong>uitanda</strong></span> <span class='ocrx_word' id='word_1_47' title='bbox 993 630 1178 673; x_wconf 89' lang='lat' dir='ltr'><strong>satietas</strong></span> <span class='ocrx_word' id='word_1_48' title='bbox 1198 632 1276 673; x_wconf 90' lang='lat' dir='ltr'><strong>est.</strong></span> <span class='ocrx_word' id='word_1_49' title='bbox 1338 629 1491 674; x_wconf 82' lang='lat' dir='ltr'><strong>Niehil</strong></span> <span class='ocrx_word' id='word_1_50' title='bbox 1511 630 1631 674; x_wconf 89' lang='lat' dir='ltr'><strong>enim</strong></span> 
     </span>
     <span class='ocr_line' id='line_1_7' title="bbox 152 694 1632 755; baseline 0.004 -17"><span class='ocrx_word' id='word_1_51' title='bbox 152 694 219 738; x_wconf 90' lang='lat' dir='ltr'><strong>ita</strong></span> <span class='ocrx_word' id='word_1_52' title='bbox 248 696 400 740; x_wconf 86' lang='lat' dir='ltr'><strong>obruit</strong></span> <span class='ocrx_word' id='word_1_53' title='bbox 429 697 628 740; x_wconf 89' lang='lat' dir='ltr'><strong>animum</strong></span> <span class='ocrx_word' id='word_1_54' title='bbox 658 700 712 741; x_wconf 92' lang='lat' dir='ltr'><strong>ut</strong></span> <span class='ocrx_word' id='word_1_55' title='bbox 740 698 899 755; x_wconf 90' lang='lat' dir='ltr'><strong>plenus</strong></span> <span class='ocrx_word' id='word_1_56' title='bbox 930 701 1088 742; x_wconf 88' lang='lat' dir='ltr'><strong>uenter</strong></span> <span class='ocrx_word' id='word_1_57' title='bbox 1117 702 1163 743; x_wconf 91' lang='lat' dir='ltr'><strong>et</strong></span> <span class='ocrx_word' id='word_1_58' title='bbox 1195 703 1434 744; x_wconf 73' lang='lat' dir='ltr'><strong>exestuans</strong></span> <span class='ocrx_word' id='word_1_59' title='bbox 1466 703 1514 744; x_wconf 87' lang='lat' dir='ltr'><strong>et</strong></span> <span class='ocrx_word' id='word_1_60' title='bbox 1543 701 1632 745; x_wconf 90' lang='lat' dir='ltr'><strong>huc</strong></span> 
     </span>
     <span class='ocr_line' id='line_1_8' title="bbox 152 764 1632 827; baseline 0.003 -20"><span class='ocrx_word' id='word_1_61' title='bbox 152 764 345 823; x_wconf 90' lang='lat' dir='ltr'><strong>illucque</strong></span> <span class='ocrx_word' id='word_1_62' title='bbox 371 781 418 809; x_wconf 92' lang='lat' dir='ltr'><strong>se</strong></span> <span class='ocrx_word' id='word_1_63' title='bbox 444 770 625 810; x_wconf 88' lang='lat' dir='ltr'><strong>uertens</strong></span> <span class='ocrx_word' id='word_1_64' title='bbox 651 770 697 810; x_wconf 89' lang='lat' dir='ltr'><strong>et</strong></span> <span class='ocrx_word' id='word_1_65' title='bbox 727 767 776 810; x_wconf 91' lang='lat' dir='ltr'><strong>in</strong></span> <span class='ocrx_word' id='word_1_66' title='bbox 806 771 960 811; x_wconf 90' lang='lat' dir='ltr'><strong>ructus</strong></span> <span class='ocrx_word' id='word_1_67' title='bbox 988 768 1061 812; x_wconf 91' lang='lat' dir='ltr'><strong>uel</strong></span> <span class='ocrx_word' id='word_1_68' title='bbox 1091 769 1139 812; x_wconf 91' lang='lat' dir='ltr'><strong>in</strong></span> <span class='ocrx_word' id='word_1_69' title='bbox 1170 769 1365 827; x_wconf 87' lang='lat' dir='ltr'><strong>crepitus</strong></span> <span class='ocrx_word' id='word_1_70' title='bbox 1391 772 1632 813; x_wconf 89' lang='lat' dir='ltr'><strong>uentorum</strong></span> 
     </span>
     <span class='ocr_line' id='line_1_9' title="bbox 152 835 1634 896; baseline 0.003 -18"><span class='ocrx_word' id='word_1_71' title='bbox 152 835 374 879; x_wconf 85' lang='lat' dir='ltr'><strong>efflatione</strong></span> <span class='ocrx_word' id='word_1_72' title='bbox 405 837 642 894; x_wconf 83' lang='lat' dir='ltr'><strong>respirans.</strong></span> <span class='ocrx_word' id='word_1_73' title='bbox 701 837 842 891; x_wconf 79' lang='lat' dir='ltr'><strong>Quale</strong></span> <span class='ocrx_word' id='word_1_74' title='bbox 874 838 987 880; x_wconf 92' lang='lat' dir='ltr'><strong>illud</strong></span> <span class='ocrx_word' id='word_1_75' title='bbox 1017 839 1234 882; x_wconf 82' lang='lat' dir='ltr'><strong>ieiunium</strong></span> <span class='ocrx_word' id='word_1_76' title='bbox 1264 842 1345 882; x_wconf 90' lang='lat' dir='ltr'><strong>aut</strong></span> <span class='ocrx_word' id='word_1_77' title='bbox 1377 839 1523 896; x_wconf 88' lang='lat' dir='ltr'><strong>qualis</strong></span> <span class='ocrx_word' id='word_1_78' title='bbox 1555 839 1634 882; x_wconf 89' lang='lat' dir='ltr'><strong>illa</strong></span> 
     </span>
     <span class='ocr_line' id='line_1_10' title="bbox 153 904 1634 966; baseline 0.003 -18"><span class='ocrx_word' id='word_1_79' title='bbox 153 904 337 949; x_wconf 85' lang='lat' dir='ltr'><strong>refectio</strong></span> <span class='ocrx_word' id='word_1_80' title='bbox 357 909 458 963; x_wconf 89' lang='lat' dir='ltr'><strong>post</strong></span> <span class='ocrx_word' id='word_1_81' title='bbox 478 906 707 959; x_wconf 90' lang='lat' dir='ltr'><strong>ieiunium,</strong></span> <span class='ocrx_word' id='word_1_82' title='bbox 728 922 828 950; x_wconf 92' lang='lat' dir='ltr'><strong>cum</strong></span> <span class='ocrx_word' id='word_1_83' title='bbox 855 908 1074 965; x_wconf 88' lang='lat' dir='ltr'><strong>pridianis</strong></span> <span class='ocrx_word' id='word_1_84' title='bbox 1100 909 1244 966; x_wconf 90' lang='lat' dir='ltr'><strong>epulis</strong></span> <span class='ocrx_word' id='word_1_85' title='bbox 1267 909 1568 952; x_wconf 77' lang='lat' dir='ltr'><strong>distendimur</strong></span> <span class='ocrx_word' id='word_1_86' title='bbox 1588 912 1634 952; x_wconf 92' lang='lat' dir='ltr'><strong>et</strong></span> 
     </span>
     <span class='ocr_line' id='line_1_11' title="bbox 94 977 1632 1036; baseline 0.005 -20"><span class='ocrx_word' id='word_1_87' title='bbox 94 991 136 1016; x_wconf 88' lang='grc' dir='ltr'><strong>ιο</strong></span> <span class='ocrx_word' id='word_1_88' title='bbox 153 978 315 1034; x_wconf 87' lang='lat' dir='ltr'><strong>guttur</strong></span> <span class='ocrx_word' id='word_1_89' title='bbox 326 979 530 1020; x_wconf 89' lang='lat' dir='ltr'><strong>nostrum</strong></span> <span class='ocrx_word' id='word_1_90' title='bbox 543 977 855 1021; x_wconf 90' lang='lat' dir='ltr'><strong>mediatorium</strong></span> <span class='ocrx_word' id='word_1_91' title='bbox 872 978 1061 1022; x_wconf 90' lang='lat' dir='ltr'><strong>efficitur</strong></span> <span class='ocrx_word' id='word_1_92' title='bbox 1075 978 1372 1023; x_wconf 65' lang='lat' dir='ltr'><strong>latrinarumz</strong></span> <span class='ocrx_word' id='word_1_93' title='bbox 1423 978 1632 1036; x_wconf 88' lang='lat' dir='ltr'><strong>Dumque</strong></span> 
     </span>
     <span class='ocr_line' id='line_1_12' title="bbox 153 1045 1632 1105; baseline 0.002 -17"><span class='ocrx_word' id='word_1_94' title='bbox 153 1045 361 1088; x_wconf 90' lang='lat' dir='ltr'><strong>uolumus</strong></span> <span class='ocrx_word' id='word_1_95' title='bbox 381 1046 635 1103; x_wconf 86' lang='lat' dir='ltr'><strong>prolixioris</strong></span> <span class='ocrx_word' id='word_1_96' title='bbox 660 1047 833 1090; x_wconf 89' lang='lat' dir='ltr'><strong>inediae</strong></span> <span class='ocrx_word' id='word_1_97' title='bbox 860 1047 1026 1091; x_wconf 83' lang='lat' dir='ltr'><strong>famem</strong></span> <span class='ocrx_word' id='word_1_98' title='bbox 1057 1062 1280 1105; x_wconf 88' lang='lat' dir='ltr'><strong>quaerere,</strong></span> <span class='ocrx_word' id='word_1_99' title='bbox 1301 1050 1481 1091; x_wconf 89' lang='lat' dir='ltr'><strong>tantum</strong></span> <span class='ocrx_word' id='word_1_100' title='bbox 1502 1063 1632 1092; x_wconf 88' lang='lat' dir='ltr'><strong>uora-</strong></span> 
     </span>
     <span class='ocr_line' id='line_1_13' title="bbox 152 1117 1633 1176; baseline 0.003 -19"><span class='ocrx_word' id='word_1_101' title='bbox 152 1130 254 1158; x_wconf 90' lang='lat' dir='ltr'><strong>mus</strong></span> <span class='ocrx_word' id='word_1_102' title='bbox 283 1119 502 1172; x_wconf 84' lang='lat' dir='ltr'><strong>quantum</strong></span> <span class='ocrx_word' id='word_1_103' title='bbox 532 1117 613 1159; x_wconf 88' lang='lat' dir='ltr'><strong>uix</strong></span> <span class='ocrx_word' id='word_1_104' title='bbox 642 1117 828 1161; x_wconf 89' lang='lat' dir='ltr'><strong>alterius</strong></span> <span class='ocrx_word' id='word_1_105' title='bbox 857 1118 946 1160; x_wconf 91' lang='lat' dir='ltr'><strong>diei</strong></span> <span class='ocrx_word' id='word_1_106' title='bbox 973 1132 1065 1161; x_wconf 87' lang='lat' dir='ltr'><strong>nox</strong></span> <span class='ocrx_word' id='word_1_107' title='bbox 1095 1118 1282 1176; x_wconf 86' lang='lat' dir='ltr'><strong>digerat.</strong></span> <span class='ocrx_word' id='word_1_108' title='bbox 1349 1118 1511 1175; x_wconf 89' lang='lat' dir='ltr'><strong>Itaque</strong></span> <span class='ocrx_word' id='word_1_109' title='bbox 1542 1133 1633 1162; x_wconf 90' lang='lat' dir='ltr'><strong>non</strong></span> 
     </span>
     <span class='ocr_line' id='line_1_14' title="bbox 151 1185 1634 1245; baseline 0.003 -17"><span class='ocrx_word' id='word_1_110' title='bbox 151 1188 246 1229; x_wconf 88' lang='lat' dir='ltr'><strong>tam</strong></span> <span class='ocrx_word' id='word_1_111' title='bbox 270 1185 486 1229; x_wconf 89' lang='lat' dir='ltr'><strong>ieiunium</strong></span> <span class='ocrx_word' id='word_1_112' title='bbox 513 1187 828 1244; x_wconf 90' lang='lat' dir='ltr'><strong>appellandum</strong></span> <span class='ocrx_word' id='word_1_113' title='bbox 859 1190 928 1231; x_wconf 88' lang='lat' dir='ltr'><strong>est</strong></span> <span class='ocrx_word' id='word_1_114' title='bbox 957 1202 1091 1245; x_wconf 91' lang='lat' dir='ltr'><strong>quam</strong></span> <span class='ocrx_word' id='word_1_115' title='bbox 1118 1188 1302 1245; x_wconf 82' lang='lat' dir='ltr'><strong>crapula</strong></span> <span class='ocrx_word' id='word_1_116' title='bbox 1331 1203 1383 1232; x_wconf 90' lang='lat' dir='ltr'><strong>ac</strong></span> <span class='ocrx_word' id='word_1_117' title='bbox 1413 1188 1560 1232; x_wconf 84' lang='lat' dir='ltr'><strong>fetens</strong></span> <span class='ocrx_word' id='word_1_118' title='bbox 1587 1191 1634 1232; x_wconf 86' lang='lat' dir='ltr'><strong>et</strong></span> 
     </span>
     <span class='ocr_line' id='line_1_15' title="bbox 151 1255 1680 1315; baseline 0.001 -17"><span class='ocrx_word' id='word_1_119' title='bbox 151 1255 339 1299; x_wconf 89' lang='lat' dir='ltr'><strong>molesta</strong></span> <span class='ocrx_word' id='word_1_120' title='bbox 353 1256 554 1314; x_wconf 88' lang='lat' dir='ltr'><strong>digestio.</strong></span> <span class='ocrx_word' id='word_1_121' title='bbox 616 1257 739 1301; x_wconf 91' lang='lat' dir='ltr'><strong>Haec</strong></span> <span class='ocrx_word' id='word_1_122' title='bbox 755 1257 935 1315; x_wconf 89' lang='lat' dir='ltr'><strong>quidem</strong></span> <span class='ocrx_word' id='word_1_123' title='bbox 948 1257 1208 1301; x_wconf 89' lang='lat' dir='ltr'><strong>Ieronimus.</strong></span> <span class='ocrx_word' id='word_1_124' title='bbox 1270 1257 1342 1310; x_wconf 89' lang='lat' dir='ltr'><strong>Et,</strong></span> <span class='ocrx_word' id='word_1_125' title='bbox 1355 1257 1460 1301; x_wconf 90' lang='lat' dir='ltr'><strong>licet</strong></span> <span class='ocrx_word' id='word_1_126' title='bbox 1475 1258 1632 1301; x_wconf 91' lang='lat' dir='ltr'><strong>ieiunii</strong></span> <span class='ocrx_word' id='word_1_127' title='bbox 1649 1255 1680 1294; x_wconf 79' lang='lat' dir='ltr'><strong>b</strong></span> 
     </span>
     <span class='ocr_line' id='line_1_16' title="bbox 91 1324 1632 1385; baseline 0.003 -19"><span class='ocrx_word' id='word_1_128' title='bbox 91 1339 133 1376; x_wconf 85' lang='lat'><strong>¹⁵</strong></span> <span class='ocrx_word' id='word_1_129' title='bbox 152 1324 291 1369; x_wconf 83' lang='lat' dir='ltr'><strong>faciat</strong></span> <span class='ocrx_word' id='word_1_130' title='bbox 311 1326 594 1380; x_wconf 88' lang='lat' dir='ltr'><strong>mentionem,</strong></span> <span class='ocrx_word' id='word_1_131' title='bbox 615 1327 751 1370; x_wconf 90' lang='lat' dir='ltr'><strong>etiam</strong></span> <span class='ocrx_word' id='word_1_132' title='bbox 778 1327 992 1385; x_wconf 85' lang='lat' dir='ltr'><strong>religione</strong></span> <span class='ocrx_word' id='word_1_133' title='bbox 1017 1327 1208 1371; x_wconf 88' lang='lat' dir='ltr'><strong>deducta</strong></span> <span class='ocrx_word' id='word_1_134' title='bbox 1235 1326 1515 1385; x_wconf 83' lang='lat' dir='ltr'><strong>frugalitatis</strong></span> <span class='ocrx_word' id='word_1_135' title='bbox 1540 1342 1632 1371; x_wconf 89' lang='lat' dir='ltr'><strong>ma·</strong></span> 
     </span>
     <span class='ocr_line' id='line_1_17' title="bbox 151 1395 1634 1450; baseline 0.001 -12"><span class='ocrx_word' id='word_1_136' title='bbox 151 1395 297 1439; x_wconf 87' lang='lat' dir='ltr'><strong>ximas</strong></span> <span class='ocrx_word' id='word_1_137' title='bbox 327 1398 373 1439; x_wconf 90' lang='lat' dir='ltr'><strong>et</strong></span> <span class='ocrx_word' id='word_1_138' title='bbox 401 1397 717 1441; x_wconf 88' lang='lat' dir='ltr'><strong>saluberrimas</strong></span> <span class='ocrx_word' id='word_1_139' title='bbox 748 1397 1029 1441; x_wconf 89' lang='lat' dir='ltr'><strong>commendat</strong></span> <span class='ocrx_word' id='word_1_140' title='bbox 1060 1397 1293 1441; x_wconf 87' lang='lat' dir='ltr'><strong>utilitates.</strong></span> <span class='ocrx_word' id='word_1_141' title='bbox 1355 1397 1452 1441; x_wconf 92' lang='lat' dir='ltr'><strong>Hoc</strong></span> <span class='ocrx_word' id='word_1_142' title='bbox 1481 1401 1634 1450; x_wconf 85' lang='lat' dir='ltr'><strong>autem</strong></span> 
     </span>
     <span class='ocr_line' id='line_1_18' title="bbox 151 1464 1634 1523; baseline 0.001 -14"><span class='ocrx_word' id='word_1_143' title='bbox 151 1464 379 1523; x_wconf 86' lang='lat' dir='ltr'><strong>eleganter</strong></span> <span class='ocrx_word' id='word_1_144' title='bbox 398 1470 444 1510; x_wconf 91' lang='lat' dir='ltr'><strong>et</strong></span> <span class='ocrx_word' id='word_1_145' title='bbox 467 1481 572 1511; x_wconf 90' lang='lat' dir='ltr'><strong>uere</strong></span> <span class='ocrx_word' id='word_1_146' title='bbox 597 1468 664 1511; x_wconf 88' lang='lat' dir='ltr'><strong>ait</strong></span> <span class='ocrx_word' id='word_1_147' title='bbox 684 1468 997 1519; x_wconf 88' lang='lat' dir='ltr'><strong>Portunianus,</strong></span> <span class='ocrx_word' id='word_1_148' title='bbox 1017 1468 1241 1511; x_wconf 91' lang='lat' dir='ltr'><strong>neminem</strong></span> <span class='ocrx_word' id='word_1_149' title='bbox 1265 1467 1460 1511; x_wconf 81' lang='lat' dir='ltr'><strong>ciuiliter</strong></span> <span class='ocrx_word' id='word_1_150' title='bbox 1483 1467 1634 1511; x_wconf 89' lang='lat' dir='ltr'><strong>conui-</strong></span> 
     </span>
     <span class='ocr_line' id='line_1_19' title="bbox 151 1535 1634 1595; baseline 0.002 -18"><span class='ocrx_word' id='word_1_151' title='bbox 151 1535 251 1578; x_wconf 85' lang='lat' dir='ltr'><strong>uari</strong></span> <span class='ocrx_word' id='word_1_152' title='bbox 271 1535 358 1579; x_wconf 89' lang='lat' dir='ltr'><strong>nisi</strong></span> <span class='ocrx_word' id='word_1_153' title='bbox 379 1537 456 1594; x_wconf 89' lang='lat' dir='ltr'><strong>qui</strong></span> <span class='ocrx_word' id='word_1_154' title='bbox 484 1538 569 1581; x_wconf 90' lang='lat' dir='ltr'><strong>sibi</strong></span> <span class='ocrx_word' id='word_1_155' title='bbox 597 1538 646 1581; x_wconf 94' lang='lat' dir='ltr'><strong>in</strong></span> <span class='ocrx_word' id='word_1_156' title='bbox 672 1538 771 1582; x_wconf 91' lang='lat' dir='ltr'><strong>cibo</strong></span> <span class='ocrx_word' id='word_1_157' title='bbox 800 1541 847 1581; x_wconf 89' lang='lat' dir='ltr'><strong>et</strong></span> <span class='ocrx_word' id='word_1_158' title='bbox 873 1541 984 1595; x_wconf 92' lang='lat' dir='ltr'><strong>potu</strong></span> <span class='ocrx_word' id='word_1_159' title='bbox 1014 1537 1293 1595; x_wconf 83' lang='lat' dir='ltr'><strong>frugalitatis</strong></span> <span class='ocrx_word' id='word_1_160' title='bbox 1320 1540 1366 1580; x_wconf 92' lang='lat' dir='ltr'><strong>et</strong></span> <span class='ocrx_word' id='word_1_161' title='bbox 1391 1537 1634 1581; x_wconf 87' lang='lat' dir='ltr'><strong>modestiae</strong></span> 
     </span>
     <span class='ocr_line' id='line_1_20' title="bbox 33 1606 1633 1668; baseline 0.002 -20"><span class='ocrx_word' id='word_1_162' title='bbox 33 1665 36 1668; x_wconf 13' lang='lat' dir='ltr'>y</span> <span class='ocrx_word' id='word_1_163' title='bbox 152 1606 417 1663; x_wconf 88' lang='lat' dir='ltr'><strong>praescribit</strong></span> <span class='ocrx_word' id='word_1_164' title='bbox 441 1606 643 1651; x_wconf 82' lang='lat' dir='ltr'><strong>formam.</strong></span> <span class='ocrx_word' id='word_1_165' title='bbox 715 1608 1035 1652; x_wconf 88' lang='lat' dir='ltr'><strong>Immoderatio</strong></span> <span class='ocrx_word' id='word_1_166' title='bbox 1061 1607 1149 1652; x_wconf 92' lang='lat' dir='ltr'><strong>cibi</strong></span> <span class='ocrx_word' id='word_1_167' title='bbox 1173 1610 1219 1651; x_wconf 91' lang='lat' dir='ltr'><strong>et</strong></span> <span class='ocrx_word' id='word_1_168' title='bbox 1248 1610 1382 1665; x_wconf 91' lang='lat' dir='ltr'><strong>potus</strong></span> <span class='ocrx_word' id='word_1_169' title='bbox 1406 1607 1633 1665; x_wconf 87' lang='lat' dir='ltr'><strong>dispensa-</strong></span> 
     </span>
     <span class='ocr_line' id='line_1_21' title="bbox 91 1676 1632 1736; baseline 0.001 -18"><span class='ocrx_word' id='word_1_170' title='bbox 91 1692 136 1718; x_wconf 63' lang='grc' dir='ltr'><strong>ιο</strong></span> <span class='ocrx_word' id='word_1_171' title='bbox 151 1676 309 1720; x_wconf 87' lang='lat' dir='ltr'><strong>tricem</strong></span> <span class='ocrx_word' id='word_1_172' title='bbox 341 1678 541 1721; x_wconf 91' lang='lat' dir='ltr'><strong>omnium</strong></span> <span class='ocrx_word' id='word_1_173' title='bbox 577 1678 820 1722; x_wconf 88' lang='lat' dir='ltr'><strong>officiorum</strong></span> <span class='ocrx_word' id='word_1_174' title='bbox 856 1678 1200 1736; x_wconf 88' lang='lat' dir='ltr'><strong>temperantiam</strong></span> <span class='ocrx_word' id='word_1_175' title='bbox 1235 1678 1391 1735; x_wconf 85' lang='lat' dir='ltr'><strong>abigit.</strong></span> <span class='ocrx_word' id='word_1_176' title='bbox 1453 1677 1520 1721; x_wconf 89' lang='lat' dir='ltr'><strong>Ea</strong></span> <span class='ocrx_word' id='word_1_177' title='bbox 1551 1678 1632 1720; x_wconf 91' lang='lat' dir='ltr'><strong>im-</strong></span> 
     </span>
     <span class='ocr_line' id='line_1_22' title="bbox 151 1746 1632 1805; baseline 0.001 -16"><span class='ocrx_word' id='word_1_178' title='bbox 151 1746 344 1804; x_wconf 87' lang='lat' dir='ltr'><strong>pellente</strong></span> <span class='ocrx_word' id='word_1_179' title='bbox 364 1747 418 1790; x_wconf 90' lang='lat' dir='ltr'><strong>fit</strong></span> <span class='ocrx_word' id='word_1_180' title='bbox 438 1747 571 1791; x_wconf 92' lang='lat' dir='ltr'><strong>homo</strong></span> <span class='ocrx_word' id='word_1_181' title='bbox 591 1748 649 1791; x_wconf 91' lang='lat' dir='ltr'><strong>ad</strong></span> <span class='ocrx_word' id='word_1_182' title='bbox 670 1749 941 1792; x_wconf 91' lang='lat' dir='ltr'><strong>audiendum</strong></span> <span class='ocrx_word' id='word_1_183' title='bbox 957 1748 1126 1799; x_wconf 86' lang='lat' dir='ltr'><strong>tardus,</strong></span> <span class='ocrx_word' id='word_1_184' title='bbox 1138 1747 1272 1790; x_wconf 90' lang='lat' dir='ltr'><strong>uelox</strong></span> <span class='ocrx_word' id='word_1_185' title='bbox 1288 1747 1345 1790; x_wconf 91' lang='lat' dir='ltr'><strong>ad</strong></span> <span class='ocrx_word' id='word_1_186' title='bbox 1361 1747 1632 1805; x_wconf 91' lang='lat' dir='ltr'><strong>loquendum</strong></span> 
     </span>
     <span class='ocr_line' id='line_1_23' title="bbox 151 1816 1635 1876; baseline 0.001 -17"><span class='ocrx_word' id='word_1_187' title='bbox 151 1819 198 1859; x_wconf 92' lang='lat' dir='ltr'><strong>et</strong></span> <span class='ocrx_word' id='word_1_188' title='bbox 226 1816 361 1860; x_wconf 90' lang='lat' dir='ltr'><strong>uelox</strong></span> <span class='ocrx_word' id='word_1_189' title='bbox 391 1817 449 1860; x_wconf 89' lang='lat' dir='ltr'><strong>ad</strong></span> <span class='ocrx_word' id='word_1_190' title='bbox 478 1818 616 1871; x_wconf 84' lang='lat' dir='ltr'><strong>iram3</strong></span> <span class='ocrx_word' id='word_1_191' title='bbox 661 1819 716 1861; x_wconf 90' lang='lat' dir='ltr'><strong>fit</strong></span> <span class='ocrx_word' id='word_1_192' title='bbox 746 1818 804 1861; x_wconf 91' lang='lat' dir='ltr'><strong>ad</strong></span> <span class='ocrx_word' id='word_1_193' title='bbox 830 1819 1064 1862; x_wconf 90' lang='lat' dir='ltr'><strong>libidinem</strong></span> <span class='ocrx_word' id='word_1_194' title='bbox 1091 1832 1259 1876; x_wconf 90' lang='lat' dir='ltr'><strong>pronus</strong></span> <span class='ocrx_word' id='word_1_195' title='bbox 1286 1820 1333 1860; x_wconf 90' lang='lat' dir='ltr'><strong>et</strong></span> <span class='ocrx_word' id='word_1_196' title='bbox 1362 1817 1421 1860; x_wconf 87' lang='lat' dir='ltr'><strong>ad</strong></span> <span class='ocrx_word' id='word_1_197' title='bbox 1449 1818 1635 1875; x_wconf 88' lang='lat' dir='ltr'><strong>quaeuis</strong></span> 
     </span>
     <span class='ocr_line' id='line_1_24' title="bbox 151 1885 1634 1945; baseline 0.001 -17"><span class='ocrx_word' id='word_1_198' title='bbox 151 1885 326 1944; x_wconf 83' lang='lat' dir='ltr'><strong>flagitia</strong></span> <span class='ocrx_word' id='word_1_199' title='bbox 345 1901 567 1945; x_wconf 90' lang='lat' dir='ltr'><strong>praeceps.</strong></span> <span class='ocrx_word' id='word_1_200' title='bbox 629 1888 718 1942; x_wconf 81' lang='lat' dir='ltr'><strong>Qui</strong></span> <span class='ocrx_word' id='word_1_201' title='bbox 738 1889 1003 1932; x_wconf 89' lang='lat' dir='ltr'><strong>modestiam</strong></span> <span class='ocrx_word' id='word_1_202' title='bbox 1024 1888 1200 1939; x_wconf 90' lang='lat' dir='ltr'><strong>deserit,</strong></span> <span class='ocrx_word' id='word_1_203' title='bbox 1215 1887 1273 1930; x_wconf 91' lang='lat' dir='ltr'><strong>ad</strong></span> <span class='ocrx_word' id='word_1_204' title='bbox 1293 1887 1511 1945; x_wconf 86' lang='lat' dir='ltr'><strong>plebeiam</strong></span> <span class='ocrx_word' id='word_1_205' title='bbox 1532 1902 1634 1931; x_wconf 90' lang='lat' dir='ltr'><strong>con-</strong></span> 
     </span>
     <span class='ocr_line' id='line_1_25' title="bbox 153 1956 1636 2015; baseline 0.002 -17"><span class='ocrx_word' id='word_1_206' title='bbox 153 1956 340 1999; x_wconf 88' lang='lat' dir='ltr'><strong>uiuandi</strong></span> <span class='ocrx_word' id='word_1_207' title='bbox 361 1958 727 2001; x_wconf 84' lang='lat' dir='ltr'><strong>consuetudinem</strong></span> <span class='ocrx_word' id='word_1_208' title='bbox 743 1958 955 2002; x_wconf 78' lang='lat' dir='ltr'><strong>facillime</strong></span> <span class='ocrx_word' id='word_1_209' title='bbox 975 1957 1228 2015; x_wconf 88' lang='lat' dir='ltr'><strong>prolabitur</strong></span> <span class='ocrx_word' id='word_1_210' title='bbox 1246 1972 1274 2000; x_wconf 91' lang='lat' dir='ltr'><strong>a</strong></span> <span class='ocrx_word' id='word_1_211' title='bbox 1294 1956 1430 2001; x_wconf 91' lang='lat' dir='ltr'><strong>ciuili.</strong></span> <span class='ocrx_word' id='word_1_212' title='bbox 1475 1957 1636 2001; x_wconf 87' lang='lat' dir='ltr'><strong>Innuit</strong></span> 
     </span>
     <span class='ocr_line' id='line_1_26' title="bbox 92 2024 1634 2085; baseline 0.002 -18"><span class='ocrx_word' id='word_1_213' title='bbox 92 2041 135 2076; x_wconf 75' lang='lat'><strong>²⁵</strong></span> <span class='ocrx_word' id='word_1_214' title='bbox 155 2024 239 2068; x_wconf 89' lang='lat' dir='ltr'><strong>hoc</strong></span> <span class='ocrx_word' id='word_1_215' title='bbox 259 2025 398 2077; x_wconf 88' lang='lat' dir='ltr'><strong>Maro,</strong></span> <span class='ocrx_word' id='word_1_216' title='bbox 412 2027 676 2071; x_wconf 88' lang='lat' dir='ltr'><strong>Homericae</strong></span> <span class='ocrx_word' id='word_1_217' title='bbox 699 2027 987 2085; x_wconf 82' lang='lat' dir='ltr'><strong>perfectionis</strong></span> <span class='ocrx_word' id='word_1_218' title='bbox 1013 2027 1298 2070; x_wconf 89' lang='lat' dir='ltr'><strong>fidelissimus</strong></span> <span class='ocrx_word' id='word_1_219' title='bbox 1319 2027 1532 2077; x_wconf 87' lang='lat' dir='ltr'><strong>imitator,</strong></span> <span class='ocrx_word' id='word_1_220' title='bbox 1545 2027 1634 2084; x_wconf 91' lang='lat' dir='ltr'><strong>qui,</strong></span> 
     </span>
     <span class='ocr_line' id='line_1_27' title="bbox 153 2094 1634 2155; baseline 0.001 -17"><span class='ocrx_word' id='word_1_221' title='bbox 153 2094 261 2138; x_wconf 89' lang='lat' dir='ltr'><strong>dum</strong></span> <span class='ocrx_word' id='word_1_222' title='bbox 301 2109 330 2139; x_wconf 86' lang='lat' dir='ltr'><strong>a</strong></span> <span class='ocrx_word' id='word_1_223' title='bbox 373 2111 476 2154; x_wconf 89' lang='lat' dir='ltr'><strong>rege</strong></span> <span class='ocrx_word' id='word_1_224' title='bbox 507 2096 729 2141; x_wconf 89' lang='lat' dir='ltr'><strong>Pheacum</strong></span> <span class='ocrx_word' id='word_1_225' title='bbox 764 2097 943 2140; x_wconf 83' lang='lat' dir='ltr'><strong>Vlixem</strong></span> <span class='ocrx_word' id='word_1_226' title='bbox 983 2099 1219 2155; x_wconf 91' lang='lat' dir='ltr'><strong>exceptum</strong></span> <span class='ocrx_word' id='word_1_227' title='bbox 1258 2097 1425 2148; x_wconf 89' lang='lat' dir='ltr'><strong>recolit,</strong></span> <span class='ocrx_word' id='word_1_228' title='bbox 1466 2096 1634 2139; x_wconf 87' lang='lat' dir='ltr'><strong>Eneam</strong></span> 
     </span>
     <span class='ocr_line' id='line_1_28' title="bbox 153 2163 1678 2223; baseline -0.001 -16"><span class='ocrx_word' id='word_1_229' title='bbox 153 2163 425 2223; x_wconf 83' lang='lat' dir='ltr'><strong>naufragum</strong></span> <span class='ocrx_word' id='word_1_230' title='bbox 446 2166 494 2208; x_wconf 93' lang='lat' dir='ltr'><strong>in</strong></span> <span class='ocrx_word' id='word_1_231' title='bbox 514 2167 771 2210; x_wconf 91' lang='lat' dir='ltr'><strong>conuiuium</strong></span> <span class='ocrx_word' id='word_1_232' title='bbox 792 2166 982 2210; x_wconf 90' lang='lat' dir='ltr'><strong>Didonis</strong></span> <span class='ocrx_word' id='word_1_233' title='bbox 1002 2166 1260 2216; x_wconf 89' lang='lat' dir='ltr'><strong>introducit,</strong></span> <span class='ocrx_word' id='word_1_234' title='bbox 1280 2169 1325 2209; x_wconf 91' lang='lat' dir='ltr'><strong>et</strong></span> <span class='ocrx_word' id='word_1_235' title='bbox 1347 2165 1568 2209; x_wconf 88' lang='lat' dir='ltr'><strong>Pheacum</strong></span> <span class='ocrx_word' id='word_1_236' title='bbox 1589 2169 1635 2210; x_wconf 93' lang='lat' dir='ltr'><strong>et</strong></span> <span class='ocrx_word' id='word_1_237' title='bbox 1652 2176 1678 2206; x_wconf 84' lang='lat' dir='ltr'><strong>c</strong></span> 
     </span>
     <span class='ocr_line' id='line_1_29' title="bbox 153 2233 1549 2293; baseline 0.002 -17"><span class='ocrx_word' id='word_1_238' title='bbox 153 2233 381 2277; x_wconf 88' lang='lat' dir='ltr'><strong>Affrorum</strong></span> <span class='ocrx_word' id='word_1_239' title='bbox 402 2235 629 2278; x_wconf 88' lang='lat' dir='ltr'><strong>luxuriam</strong></span> <span class='ocrx_word' id='word_1_240' title='bbox 649 2236 698 2278; x_wconf 91' lang='lat' dir='ltr'><strong>in</strong></span> <span class='ocrx_word' id='word_1_241' title='bbox 717 2251 808 2279; x_wconf 91' lang='lat' dir='ltr'><strong>uno</strong></span> <span class='ocrx_word' id='word_1_242' title='bbox 828 2236 1035 2280; x_wconf 87' lang='lat' dir='ltr'><strong>conuiuio</strong></span> <span class='ocrx_word' id='word_1_243' title='bbox 1060 2235 1287 2293; x_wconf 90' lang='lat' dir='ltr'><strong>eleganter</strong></span> <span class='ocrx_word' id='word_1_244' title='bbox 1306 2235 1549 2292; x_wconf 86' lang='lat' dir='ltr'><strong>expressit:</strong></span> 
     </span>
    </p>
   </div>
   <div class='ocr_carea' id='block_1_5' title="bbox 95 2309 1492 2426">
    <p class='ocr_par' dir='ltr' id='par_1_5' title="bbox 95 2309 1492 2426">
     <span class='ocr_line' id='line_1_30' title="bbox 214 2309 1492 2369; baseline 0.002 -18"><span class='ocrx_word' id='word_1_245' title='bbox 214 2309 454 2366; x_wconf 83' lang='lat' dir='ltr'><strong>Postquam</strong></span> <span class='ocrx_word' id='word_1_246' title='bbox 485 2310 631 2367; x_wconf 88' lang='lat' dir='ltr'><strong>prima</strong></span> <span class='ocrx_word' id='word_1_247' title='bbox 661 2311 787 2368; x_wconf 90' lang='lat' dir='ltr'><strong>quies</strong></span> <span class='ocrx_word' id='word_1_248' title='bbox 817 2312 960 2369; x_wconf 89' lang='lat' dir='ltr'><strong>epulis</strong></span> <span class='ocrx_word' id='word_1_249' title='bbox 989 2325 1255 2368; x_wconf 91' lang='lat' dir='ltr'><strong>mensaeque</strong></span> <span class='ocrx_word' id='word_1_250' title='bbox 1284 2313 1492 2362; x_wconf 87' lang='lat' dir='ltr'><strong>remotae,</strong></span> 
     </span>
     <span class='ocr_line' id='line_1_31' title="bbox 95 2370 1329 2426; baseline 0.003 -17"><span class='ocrx_word' id='word_1_251' title='bbox 95 2385 138 2419; x_wconf 79' lang='lat'><strong>30</strong></span> <span class='ocrx_word' id='word_1_252' title='bbox 213 2371 408 2410; x_wconf 85' lang='lat' dir='ltr'><strong>crateras</strong></span> <span class='ocrx_word' id='word_1_253' title='bbox 437 2383 622 2426; x_wconf 91' lang='lat' dir='ltr'><strong>magnos</strong></span> <span class='ocrx_word' id='word_1_254' title='bbox 652 2372 861 2413; x_wconf 90' lang='lat' dir='ltr'><strong>statuunt</strong></span> <span class='ocrx_word' id='word_1_255' title='bbox 890 2373 936 2413; x_wconf 92' lang='lat' dir='ltr'><strong>et</strong></span> <span class='ocrx_word' id='word_1_256' title='bbox 965 2370 1073 2412; x_wconf 89' lang='lat' dir='ltr'><strong>uina</strong></span> <span class='ocrx_word' id='word_1_257' title='bbox 1102 2372 1329 2413; x_wconf 88' lang='lat' dir='ltr'><strong>coronant.</strong></span> 
     </span>
    </p>
   </div>
   <div class='ocr_carea' id='block_1_6' title="bbox 154 2439 1633 2536">
    <p class='ocr_par' dir='ltr' id='par_1_6' title="bbox 154 2439 1633 2536">
     <span class='ocr_line' id='line_1_32' title="bbox 155 2439 1633 2497; baseline 0.003 -12"><span class='ocrx_word' id='word_1_258' title='bbox 155 2439 594 2495; x_wconf 47' lang='lat' dir='ltr'><strong>mma—M</strong></span> <span class='ocrx_word' id='word_1_259' title='bbox 717 2453 738 2488; x_wconf 91' lang='lat'><em>8</em></span> <span class='ocrx_word' id='word_1_260' title='bbox 763 2450 831 2487; x_wconf 86' lang='lat' dir='ltr'><strong>illa</strong></span> <span class='ocrx_word' id='word_1_261' title='bbox 846 2463 915 2488; x_wconf 88' lang='lat' dir='ltr'><strong>om.</strong></span> <span class='ocrx_word' id='word_1_262' title='bbox 934 2450 960 2488; x_wconf 85' lang='lat' dir='ltr'>S</span> <span class='ocrx_word' id='word_1_263' title='bbox 1096 2459 1139 2497; x_wconf 90' lang='lat'><strong>13</strong></span> <span class='ocrx_word' id='word_1_264' title='bbox 1164 2450 1412 2497; x_wconf 81' lang='lat' dir='ltr'><strong>apellandum</strong></span> <span class='ocrx_word' id='word_1_265' title='bbox 1430 2449 1455 2487; x_wconf 88' lang='lat' dir='ltr'>S</span> <span class='ocrx_word' id='word_1_266' title='bbox 1589 2452 1633 2489; x_wconf 89' lang='lat'><strong>18</strong></span> 
     </span>
     <span class='ocr_line' id='line_1_33' title="bbox 154 2495 803 2536; baseline 0.005 -4"><span class='ocrx_word' id='word_1_267' title='bbox 154 2495 196 2532; x_wconf 88' lang='lat' dir='ltr'><strong>in</strong></span> <span class='ocrx_word' id='word_1_268' title='bbox 214 2496 301 2533; x_wconf 85' lang='lat' dir='ltr'><strong>cibo</strong></span> <span class='ocrx_word' id='word_1_269' title='bbox 318 2496 391 2533; x_wconf 81' lang='lat' dir='ltr'><strong>sibi</strong></span> <span class='ocrx_word' id='word_1_270' title='bbox 409 2497 449 2532; x_wconf 83' lang='lat' dir='ltr'>M</span> <span class='ocrx_word' id='word_1_271' title='bbox 546 2498 744 2536; x_wconf 80' lang='lat' dir='ltr'><strong>molestiae</strong></span> <span class='ocrx_word' id='word_1_272' title='bbox 763 2499 803 2535; x_wconf 84' lang='lat' dir='ltr'>M</span> 
     </span>
    </p>
   </div>
   <div class='ocr_carea' id='block_1_7' title="bbox 153 2567 1638 3003">
    <p class='ocr_par' dir='ltr' id='par_1_7' title="bbox 153 2567 1638 3003">
     <span class='ocr_line' id='line_1_34' title="bbox 203 2567 1631 2615; baseline -0.001 -10"><span class='ocrx_word' id='word_1_273' title='bbox 203 2579 224 2605; x_wconf 93' lang='lat'>2</span> <span class='ocrx_word' id='word_1_274' title='bbox 249 2570 389 2606; x_wconf 80' lang='lat' dir='ltr'><strong>uerbis.</strong></span> <span class='ocrx_word' id='word_1_275' title='bbox 415 2571 580 2607; x_wconf 59' lang='lat' dir='ltr'><strong>uersibus</strong></span> <span class='ocrx_word' id='word_1_276' title='bbox 597 2569 752 2607; x_wconf 89' lang='lat' dir='ltr'><strong>Hieron.</strong></span> <span class='ocrx_word' id='word_1_277' title='bbox 914 2579 935 2615; x_wconf 88' lang='lat'>3</span> <span class='ocrx_word' id='word_1_278' title='bbox 959 2570 1019 2605; x_wconf 82' lang='lat' dir='ltr'><strong>Me</strong></span> <span class='ocrx_word' id='word_1_279' title='bbox 1029 2570 1207 2615; x_wconf 69' lang='lat' dir='ltr'><strong>pinquem</strong></span> <span class='ocrx_word' id='word_1_280' title='bbox 1223 2571 1316 2605; x_wconf 82' lang='lat' dir='ltr'><strong>etc.:</strong></span> <span class='ocrx_word' id='word_1_281' title='bbox 1342 2568 1431 2605; x_wconf 89' lang='lat' dir='ltr'><strong>Hor.</strong></span> <span class='ocrx_word' id='word_1_282' title='bbox 1450 2569 1521 2615; x_wconf 84' lang='lat' dir='ltr'><strong>Ep.</strong></span> <span class='ocrx_word' id='word_1_283' title='bbox 1546 2567 1570 2605; x_wconf 93' lang='lat' dir='ltr'><strong>i.</strong></span> <span class='ocrx_word' id='word_1_284' title='bbox 1596 2578 1631 2614; x_wconf 81' lang='lat'><strong>4.</strong></span> 
     </span>
     <span class='ocr_line' id='line_1_35' title="bbox 480 2616 1632 2671; baseline -0.001 -18"><span class='ocrx_word' id='word_1_285' title='bbox 480 2627 522 2662; x_wconf 86' lang='lat'><strong>17</strong></span> <span class='ocrx_word' id='word_1_286' title='bbox 547 2620 725 2654; x_wconf 80' lang='lat' dir='ltr'><strong>neminem</strong></span> <span class='ocrx_word' id='word_1_287' title='bbox 750 2619 848 2655; x_wconf 90' lang='lat' dir='ltr'><strong>etc.:</strong></span> <span class='ocrx_word' id='word_1_288' title='bbox 875 2617 979 2654; x_wconf 84' lang='lat' dir='ltr'><strong>Haec</strong></span> <span class='ocrx_word' id='word_1_289' title='bbox 1004 2628 1083 2653; x_wconf 89' lang='lat' dir='ltr'><strong>non</strong></span> <span class='ocrx_word' id='word_1_290' title='bbox 1108 2616 1358 2653; x_wconf 84' lang='lat' dir='ltr'><strong>dubitandum</strong></span> <span class='ocrx_word' id='word_1_291' title='bbox 1383 2618 1442 2654; x_wconf 81' lang='lat' dir='ltr'><strong>est</strong></span> <span class='ocrx_word' id='word_1_292' title='bbox 1466 2616 1558 2671; x_wconf 74' lang='lat' dir='ltr'><strong>quin</strong></span> <span class='ocrx_word' id='word_1_293' title='bbox 1584 2627 1632 2653; x_wconf 86' lang='lat' dir='ltr'><strong>ex</strong></span> 
     </span>
     <span class='ocr_line' id='line_1_36' title="bbox 154 2616 1631 2712; baseline 0 -12"><span class='ocrx_word' id='word_1_294' title='bbox 154 2616 351 2701; x_wconf 57' lang='grc' dir='ltr'><strong>Βὲεοῐτοὸίο</strong></span> <span class='ocrx_word' id='word_1_295' title='bbox 380 2627 580 2712; x_wconf 74' lang='lat' dir='ltr'><strong>desum⁷pta</strong></span> <span class='ocrx_word' id='word_1_296' title='bbox 604 2665 693 2709; x_wconf 79' lang='lat' dir='ltr'><strong>sint,</strong></span> <span class='ocrx_word' id='word_1_297' title='bbox 722 2677 818 2712; x_wconf 88' lang='lat' dir='ltr'><strong>quae</strong></span> <span class='ocrx_word' id='word_1_298' title='bbox 842 2667 973 2701; x_wconf 89' lang='lat' dir='ltr'><strong>tamen</strong></span> <span class='ocrx_word' id='word_1_299' title='bbox 1003 2664 1045 2700; x_wconf 90' lang='lat' dir='ltr'><strong>in</strong></span> <span class='ocrx_word' id='word_1_300' title='bbox 1079 2663 1359 2711; x_wconf 82' lang='lat' dir='ltr'><strong>exemplaribus</strong></span> <span class='ocrx_word' id='word_1_301' title='bbox 1386 2663 1527 2700; x_wconf 74' lang='lat' dir='ltr'><strong>nostris</strong></span> <span class='ocrx_word' id='word_1_302' title='bbox 1551 2675 1631 2701; x_wconf 85' lang='lat' dir='ltr'><strong>non</strong></span> 
     </span>
     <span class='ocr_line' id='line_1_37' title="bbox 154 2712 1628 2759; baseline 0.001 -11"><span class='ocrx_word' id='word_1_303' title='bbox 154 2714 319 2748; x_wconf 82' lang='lat' dir='ltr'><strong>exstant.</strong></span> <span class='ocrx_word' id='word_1_304' title='bbox 511 2723 553 2750; x_wconf 89' lang='lat'><strong>21</strong></span> <span class='ocrx_word' id='word_1_305' title='bbox 581 2715 631 2749; x_wconf 83' lang='lat' dir='ltr'><strong>ad</strong></span> <span class='ocrx_word' id='word_1_306' title='bbox 647 2714 871 2749; x_wconf 78' lang='lat' dir='ltr'><strong>audiendum</strong></span> <span class='ocrx_word' id='word_1_307' title='bbox 888 2715 1017 2748; x_wconf 72' lang='lat' dir='ltr'><strong>tardus</strong></span> <span class='ocrx_word' id='word_1_308' title='bbox 1031 2714 1128 2750; x_wconf 84' lang='lat' dir='ltr'><strong>etc.:</strong></span> <span class='ocrx_word' id='word_1_309' title='bbox 1156 2725 1188 2748; x_wconf 89' lang='lat' dir='ltr'><strong>v.</strong></span> <span class='ocrx_word' id='word_1_310' title='bbox 1208 2712 1284 2749; x_wconf 87' lang='lat' dir='ltr'><strong>Iac.</strong></span> <span class='ocrx_word' id='word_1_311' title='bbox 1303 2712 1328 2748; x_wconf 89' lang='lat' dir='ltr'><strong>i.</strong></span> <span class='ocrx_word' id='word_1_312' title='bbox 1350 2722 1404 2758; x_wconf 91' lang='lat'><strong>19.</strong></span> <span class='ocrx_word' id='word_1_313' title='bbox 1584 2721 1628 2759; x_wconf 82' lang='lat'><strong>25</strong></span> 
     </span>
     <span class='ocr_line' id='line_1_38' title="bbox 153 2760 1631 2807; baseline 0 -11"><span class='ocrx_word' id='word_1_314' title='bbox 153 2761 272 2802; x_wconf 77' lang='lat' dir='ltr'><strong>Maro,</strong></span> <span class='ocrx_word' id='word_1_315' title='bbox 291 2761 503 2796; x_wconf 80' lang='lat' dir='ltr'><strong>Homericae</strong></span> <span class='ocrx_word' id='word_1_316' title='bbox 514 2763 749 2807; x_wconf 60' lang='lat' dir='ltr'><strong>perfectionne</strong></span> <span class='ocrx_word' id='word_1_317' title='bbox 755 2762 999 2804; x_wconf 69' lang='lat' dir='ltr'><strong>fideltsszmus</strong></span> <span class='ocrx_word' id='word_1_318' title='bbox 1014 2762 1195 2797; x_wconf 75' lang='lat' dir='ltr'><strong>imitator:</strong></span> <span class='ocrx_word' id='word_1_319' title='bbox 1220 2772 1254 2797; x_wconf 82' lang='lat' dir='ltr'><strong>v.</strong></span> <span class='ocrx_word' id='word_1_320' title='bbox 1272 2760 1437 2796; x_wconf 83' lang='lat' dir='ltr'><strong>Macrob.</strong></span> <span class='ocrx_word' id='word_1_321' title='bbox 1452 2762 1496 2796; x_wconf 83' lang='lat' dir='ltr'><strong>de</strong></span> <span class='ocrx_word' id='word_1_322' title='bbox 1506 2761 1631 2797; x_wconf 82' lang='lat' dir='ltr'><strong>Somn.</strong></span> 
     </span>
     <span class='ocr_line' id='line_1_39' title="bbox 153 2807 1631 2855; baseline 0 -10"><span class='ocrx_word' id='word_1_323' title='bbox 153 2809 249 2854; x_wconf 77' lang='lat' dir='ltr'><strong>scip.</strong></span> <span class='ocrx_word' id='word_1_324' title='bbox 262 2807 288 2844; x_wconf 93' lang='lat' dir='ltr'><strong>i.</strong></span> <span class='ocrx_word' id='word_1_325' title='bbox 301 2817 322 2852; x_wconf 95' lang='lat'><strong><em>7</em></strong></span> <span class='ocrx_word' id='word_1_326' title='bbox 335 2807 389 2854; x_wconf 63' lang='grc' dir='ltr'><strong>ξ’·</strong></span> <span class='ocrx_word' id='word_1_327' title='bbox 371 2829 385 2852; x_wconf 67' lang='lat' dir='ltr'><em>s</em></span> <span class='ocrx_word' id='word_1_328' title='bbox 401 2808 614 2845; x_wconf 82' lang='lat' dir='ltr'><strong>Homericae</strong></span> <span class='ocrx_word' id='word_1_329' title='bbox 625 2821 696 2855; x_wconf 80' lang='lat' dir='ltr'><strong>per</strong></span> <span class='ocrx_word' id='word_1_330' title='bbox 710 2811 835 2845; x_wconf 80' lang='lat' dir='ltr'><strong>omnia</strong></span> <span class='ocrx_word' id='word_1_331' title='bbox 846 2810 1080 2854; x_wconf 71' lang='lat' dir='ltr'><strong>perfectionis</strong></span> <span class='ocrx_word' id='word_1_332' title='bbox 1096 2810 1261 2844; x_wconf 76' lang='lat' dir='ltr'><strong>imitator</strong></span> <span class='ocrx_word' id='word_1_333' title='bbox 1270 2809 1387 2845; x_wconf 84' lang='lat' dir='ltr'><strong>Maro.</strong></span> <span class='ocrx_word' id='word_1_334' title='bbox 1509 2818 1566 2852; x_wconf 87' lang='lat'><strong>2,</strong></span> <span class='ocrx_word' id='word_1_335' title='bbox 1585 2808 1631 2845; x_wconf 87' lang='lat'><strong>28</strong></span> 
     </span>
     <span class='ocr_line' id='line_1_40' title="bbox 153 2854 1638 2907; baseline 0.001 -16"><span class='ocrx_word' id='word_1_336' title='bbox 153 2857 336 2892; x_wconf 73' lang='lat' dir='ltr'><strong>Pheacum</strong></span> <span class='ocrx_word' id='word_1_337' title='bbox 362 2862 394 2890; x_wconf 85' lang='lat' dir='ltr'><strong>et</strong></span> <span class='ocrx_word' id='word_1_338' title='bbox 422 2857 636 2901; x_wconf 78' lang='lat' dir='ltr'><strong>Affrorum:</strong></span> <span class='ocrx_word' id='word_1_339' title='bbox 676 2857 724 2893; x_wconf 86' lang='lat' dir='ltr'><strong>cf.</strong></span> <span class='ocrx_word' id='word_1_340' title='bbox 753 2856 919 2893; x_wconf 88' lang='lat' dir='ltr'><strong>Macrob.</strong></span> <span class='ocrx_word' id='word_1_341' title='bbox 946 2858 1021 2892; x_wconf 85' lang='lat' dir='ltr'><strong>Sat.</strong></span> <span class='ocrx_word' id='word_1_342' title='bbox 1046 2868 1079 2892; x_wconf 84' lang='lat' dir='ltr'><strong>v.</strong></span> <span class='ocrx_word' id='word_1_343' title='bbox 1103 2866 1125 2892; x_wconf 86' lang='lat'>2</span> <span class='ocrx_word' id='word_1_344' title='bbox 1149 2855 1192 2903; x_wconf 58' lang='grc' dir='ltr'><strong>ἒξ</strong></span> <span class='ocrx_word' id='word_1_345' title='bbox 1221 2866 1357 2899; x_wconf 86' lang='lat'><strong>10,11;</strong></span> <span class='ocrx_word' id='word_1_346' title='bbox 1393 2854 1457 2893; x_wconf 81' lang='lat' dir='ltr'><strong>vii.</strong></span> <span class='ocrx_word' id='word_1_347' title='bbox 1485 2865 1501 2894; x_wconf 91' lang='lat'>1</span> <span class='ocrx_word' id='word_1_348' title='bbox 1575 2866 1638 2907; x_wconf 26' lang='grc'><strong>14.-</strong></span> 
     </span>
     <span class='ocr_line' id='line_1_41' title="bbox 155 2903 1364 2992; baseline 0.001 -52"><span class='ocrx_word' id='word_1_349' title='bbox 155 2913 202 2949; x_wconf 87' lang='lat'><strong>29</strong></span> <span class='ocrx_word' id='word_1_350' title='bbox 225 2904 420 2950; x_wconf 71' lang='lat' dir='ltr'><strong>Postquam</strong></span> <span class='ocrx_word' id='word_1_351' title='bbox 432 2906 562 2950; x_wconf 82' lang='lat' dir='ltr'><strong>prima</strong></span> <span class='ocrx_word' id='word_1_352' title='bbox 578 2906 675 2941; x_wconf 85' lang='lat' dir='ltr'><strong>etc.:</strong></span> <span class='ocrx_word' id='word_1_353' title='bbox 698 2904 811 2951; x_wconf 82' lang='lat' dir='ltr'><strong>Verg.</strong></span> <span class='ocrx_word' id='word_1_354' title='bbox 831 2905 926 2992; x_wconf 62' lang='grc' dir='ltr'><strong>Δεῖ.</strong></span> <span class='ocrx_word' id='word_1_355' title='bbox 943 2903 968 2941; x_wconf 88' lang='lat' dir='ltr'><strong>i.</strong></span> <span class='ocrx_word' id='word_1_356' title='bbox 988 2913 1167 2951; x_wconf 87' lang='lat'><strong>723—741,</strong></span> <span class='ocrx_word' id='word_1_357' title='bbox 1185 2912 1364 2951; x_wconf 84' lang='lat'><strong>743—749.</strong></span> 
     </span>
     <span class='ocr_line' id='line_1_42' title="bbox 208 2965 1520 3003; baseline 0.007 -9"><span class='ocrx_word' id='word_1_358' title='bbox 208 2975 290 2994; x_wconf 72' lang='lat' dir='ltr'><strong>m·</strong></span> <span class='ocrx_word' id='word_1_359' title='bbox 313 2974 334 2994; x_wconf 86' lang='lat' dir='ltr'><strong>n</strong></span> <span class='ocrx_word' id='word_1_360' title='bbox 847 2966 873 2993; x_wconf 72' lang='lat'><strong>1⁴</strong></span> <span class='ocrx_word' id='word_1_361' title='bbox 1455 2965 1520 3003; x_wconf 73' lang='lat'><strong>²57</strong></span> 
     </span>
    </p>
   </div>
  </div>
 </body>
</html>
