1846 3262
88 224 165 273 614
184 233 216 263 a
559 218 827 266 IOANNIS
868 214 1390 263 SARESBERIENSIS
1539 211 1652 274 [Lm.
1667 221 1720 256 VI

231 359 346 403 quae
372 343 586 387 moderno
612 357 698 386 usu
725 345 772 386 et
796 341 976 385 nomine
1000 341 1058 385 ab
1085 340 1242 384 incolis
1262 339 1491 383 Wiltesira
1521 340 1720 387 uocatur,

231 415 386 459 eodem
405 414 502 457 iure
521 413 607 457 sibi
628 412 838 456 uendicat
857 412 1085 456 cohortem
1106 410 1420 455 subsidiariam
1440 408 1614 452 adiecta
1634 406 1721 451 sibi

232 484 437 529 Deuonia
457 487 503 527 et
523 482 761 528 Cornubia.

291 555 365 598 Ad
383 558 586 612 tempora
605 555 759 597 nostra
779 552 1009 597 descendo.
1071 552 1170 595 Rex
1190 551 1441 610 Anglorum
1462 549 1539 607 qui
1561 548 1720 592 Ruffus

231 624 571 683 cognominatus
606 626 685 675 est,
717 623 854 667 armis
887 622 1068 681 quidem
1099 625 1311 666 strenuus
1342 621 1420 665 sed
1452 635 1611 678 pamm
1652 633 1720 662 re-
1739 630 1759 666 5

231 695 416 753 ligiosus
443 696 489 737 et
516 693 594 751 qui
619 694 927 751 persecutione
954 695 1211 737 sanctorum
1239 695 1285 736 et
1311 691 1548 750 praecipue
1575 689 1720 734 sancti

231 764 433 808 Anselmi
454 764 793 809 Cantuariensis
820 763 1041 822 spiculum
1061 763 1260 807 inuidiae
1281 777 1369 820 quo
1390 762 1631 806 suffocatus
1652 763 1722 804 est

231 835 280 878 in
310 850 357 878 se
389 835 514 878 uisus
549 837 618 878 est
651 849 927 892 prouocasse,
962 834 1012 885 is,
1043 834 1241 891 inquam,
1272 833 1610 879 Cenomannum
1643 846 1720 875 ex-

231 906 466 964 pugnauit,
505 906 713 950 comitem
754 905 873 964 cepit
917 919 999 949 1166
1043 908 1196 948 tamen
1241 903 1454 962 dignatus
1499 906 1568 947 est
1617 917 1720 946 eum

185 985 215 1025 b
233 976 443 1019 carcerali
471 976 698 1020 custodiae
725 975 1003 1033 mancipare;
1034 978 1251 1032 tantoque
1280 974 1405 1032 operi
1429 974 1722 1018 attestabitur
1741 991 1783 1016 10

232 1047 281 1089 in
312 1048 580 1104 perpetuum
611 1060 739 1089 mons
769 1045 994 1089 Barbatus
1023 1048 1116 1097 aut,
1145 1045 1183 1088 si
1214 1044 1303 1088 alio
1332 1044 1512 1088 nomine
1543 1058 1720 1088 censere

232 1116 454 1167 malueris,
470 1116 647 1159 dicatur
661 1130 789 1159 mons
805 1116 1032 1159 Barbarus
1051 1118 1133 1158 aut
1153 1115 1466 1158 Barbarorum.
1526 1115 1722 1158 Transeo

233 1187 292 1230 ad
330 1201 624 1230 successorem
664 1186 760 1230 eius
800 1186 1047 1229 Henricum
1086 1185 1293 1229 inclitum
1333 1200 1496 1243 regem,
1536 1185 1613 1243 qui
1653 1185 1723 1229 leo

233 1257 435 1301 iustitiae
462 1257 714 1314 appellatus
741 1259 820 1308 est,
841 1271 985 1314 quem,
1005 1256 1123 1300 sicut
1149 1256 1325 1314 publice
1351 1259 1510 1300 notum
1531 1259 1610 1308 est,
1630 1271 1721 1300 non

234 1327 365 1371 modo
384 1327 518 1371 urbes
545 1327 622 1371 s'ed
643 1330 689 1371 et
707 1330 855 1371 turres
876 1327 1072 1371 Gallicae
1092 1327 1354 1372 timuerunt.
1414 1327 1503 1371 Sed
1528 1327 1722 1386 qualiter
1741 1343 1781 1378 15

234 1412 384 1455 regem
415 1397 688 1441 Francorum
717 1397 950 1442 commisso
980 1397 1149 1455 praelio
1179 1397 1368 1456 fregerit
1400 1402 1446 1442 et
1480 1398 1723 1458 fugauerit,

236 1467 342 1525 quia
362 1468 612 1525 percelebre
633 1471 701 1512 est
727 1470 773 1511 et
799 1467 1015 1511 uictoriae
1042 1467 1164 1511 illius
1185 1468 1233 1510 in
1261 1470 1453 1526 utroque
1481 1484 1618 1527 regno
1645 1469 1722 1527 qui

235 1537 413 1594 publico
459 1538 629 1596 praelio
681 1538 988 1581 interfuerunt
1033 1537 1216 1595 plurimi
1264 1541 1402 1582 testes
1449 1542 1619 1591 extant,
1665 1555 1722 1584 ne

234 1608 448 1665 replicare
475 1608 708 1651 notissima
735 1608 957 1652 tediosum
987 1607 1060 1659 sit,
1086 1608 1277 1652 scienter
1303 1612 1546 1666 praetereo.
1605 1610 1651 1654 N
1653 1626 1721 1654 or-

233 1692 499 1721 mannorum
535 1677 705 1730 ducem,
725 1678 875 1722 uirum
909 1678 1180 1731 bellicosum,
1200 1679 1337 1723 armis
1366 1682 1612 1732 strenuum,
1643 1680 1721 1739 qui
1740 1696 1786 1723 πο

234 1781 257 1815 4
282 1771 390 1807 rufus
407 1771 447 1807 M
592 1773 613 1809 8
638 1771 685 1809 iis
701 1772 735 1808 A
859 1783 897 1809 11
927 1783 1083 1809 consere
1101 1771 1126 1808 S
1260 1783 1303 1810 12
1329 1773 1499 1811 malieris
1516 1773 1554 1810 S¹
1680 1783 1720 1821 15

233 1818 351 1866 gallie
370 1819 417 1856 S:
443 1819 586 1867 galliae
604 1820 644 1857 M
778 1831 833 1867 19,
851 1830 899 1856 20
923 1820 1207 1858 Normanorum
1225 1820 1276 1858 C:
1305 1820 1660 1860 Northmannorum
1680 1823 1721 1860 M

286 1909 300 1935 1
335 1900 544 1935 Wiltesira:
572 1911 670 1946 quae
688 1898 845 1935 Ioannis
866 1899 986 1936 nostri
1004 1899 1202 1946 provincia
1219 1900 1361 1938 natalis
1389 1903 1483 1939 erat.
1614 1913 1637 1949 9
1660 1915 1725 1940 neo

233 1951 354 1982 tamen
376 1949 549 1993 diynatus
570 1953 642 1983 est:
686 1947 734 1984 cf.
756 1947 844 1985 Ord.
862 1947 941 1984 Vit.
959 1949 1056 1984 Hist.
1074 1950 1210 1985 Eccles.
1236 1961 1271 1985 x.
1298 1962 1330 1986 c.
1355 1959 1375 1995 7
1404 1950 1619 1988 (Duchesne
1640 1953 1724 1988 Rer.

231 1996 356 2031 Norm.
377 1996 509 2041 Scm'pt.
531 2007 569 2042 p.
595 2004 688 2042 7733
715 1995 849 2043 Migne
866 1997 907 2032 P.
926 1997 970 2032 L.
988 1995 1184 2033 clxxxviii.
1208 1998 1319 2043 736);
1345 2010 1378 2034 v.
1396 1997 1583 2036 Freeman
1606 2001 1724 2045 Reiyn

232 2045 278 2088 of
292 2044 458 2078 William
473 2044 598 2089 Rufus
614 2043 653 2080 ii.
673 2054 752 2088 244.
935 2055 948 2080 1
959 2055 973 2081 1
1002 2056 1106 2081 mons
1121 2046 1327 2082 Barbatus:
1354 2058 1386 2083 v.
1404 2046 1590 2084 Freeman
1608 2049 1725 2094 Reiyn

232 2093 278 2136 os
300 2092 464 2126 William
488 2093 612 2139 Rufus
635 2092 676 2128 ii.
701 2104 766 2138 pp.
789 2092 857 2137 631
878 2103 954 2138 seq.
1019 2092 1100 2129 Hoc
1127 2094 1329 2131 castellum
1354 2106 1377 2130 a
1402 2094 1597 2133 Willelmo
1624 2095 1724 2133 Rufo

233 2138 438 2175 fundatum
465 2150 544 2176 esse
570 2139 705 2177 asserit
728 2139 848 2176 Wace
868 2141 1025 2186 (Roman
1043 2143 1086 2177 de
1103 2143 1184 2178 Rou
1207 2142 1265 2179 ed.
1283 2143 1482 2181 Andresen
1505 2143 1549 2179 ii.
1567 2156 1604 2191 p.
1622 2146 1722 2190 423).

233 2186 296 2223 cui
309 2186 509 2233 suffragari
521 2186 670 2224 videtur
683 2188 846 2224 Ioannes
863 2191 1010 2231 nostem
1038 2189 1102 2225 sed
1119 2189 1197 2226 iam
1212 2190 1443 2227 aWillelmo
1461 2192 1724 2238 conquestore

232 2246 266 2271 a.
290 2236 379 2280 1063
404 2235 620 2271 stabilitum
644 2248 725 2274 esse
755 2238 916 2273 narrant
934 2237 1150 2274 Willelmus
1166 2237 1486 2276 Gemmeticensis
1502 2241 1600 2277 Hist.
1617 2242 1726 2278 Nort-

232 2295 357 2319 mann.
376 2282 439 2319 vii.
459 2293 504 2329 27
530 2282 748 2329 (Duchesne
765 2286 846 2320 Rer.
864 2286 988 2322 Norm.
1006 2286 1138 2332 Script.
1155 2298 1192 2333 p.
1211 2288 1280 2333 283
1296 2301 1304 2329 ;
1335 2287 1467 2335 Migne
1485 2290 1526 2325 P.
1544 2290 1588 2325 L.
1607 2289 1724 2327 cxlix.

197 2376 199 2379 .
233 2332 317 2374 867)
336 2344 344 2372 ;
371 2330 575 2368 Ordericus
592 2332 730 2369 Vitalis
747 2332 820 2369 loc.
840 2345 957 2378 supra
976 2332 1040 2370 cit.
1057 2346 1066 2377 ;
1094 2334 1235 2372 Benoit
1255 2336 1462 2383 chronique
1487 2338 1549 2373 des
1566 2338 1666 2374 Duos
1681 2340 1725 2375 de

231 2380 458 2415 Normandie
476 2388 591 2426 35737
612 2380 684 2426 (ed.
702 2380 847 2417 Michel
860 2380 915 2417 iii.
932 2394 971 2428 p.
993 2382 1088 2426 138).
1238 2393 1292 2430 13,
1308 2394 1352 2429 14
1379 2386 1432 2422 leo
1449 2386 1612 2422 iustitiae
1629 2388 1723 2425 etc.:

232 2426 404 2470 Respicit
427 2427 475 2463 ad
494 2427 650 2464 Merlini
667 2428 893 2465 vaticinium
911 2441 973 2477 ap.
992 2428 1091 2467 Galf.
1109 2430 1279 2468 Monum.
1299 2433 1398 2469 Hist.
1411 2435 1509 2470 Brit.
1523 2433 1586 2471 vii.
1602 2445 1623 2480 3
1641 2436 1726 2472 Suc-

232 2476 327 2510 cedet
339 2476 391 2511 leo
408 2477 571 2512 iustitiae
587 2478 637 2512 ad
646 2480 751 2514 cuius·
766 2479 928 2523 myitum
948 2480 1163 2515 Gallicanae
1180 2485 1300 2516 turres
1318 2486 1351 2516 et
1366 2483 1536 2517 insulani
1551 2484 1727 2520 dracones

234 2521 274 2567 (i.
287 2534 319 2559 6.
345 2525 479 2570 gentes
503 2524 637 2562 ambae
664 2525 905 2562 Britanniam
932 2526 1098 2563 insulam
1128 2527 1365 2573 habitantes,
1395 2541 1445 2566 sc.
1476 2529 1654 2568 Britones
1683 2533 1725 2568 et

232 2570 365 2617 Angli)
385 2573 593 2607 tremebunt.
744 2575 786 2610 16
811 2586 929 2620 reyem
946 2575 1202 2613 Francorum:
1230 2575 1254 2612 i.
1269 2589 1302 2614 6.
1320 2577 1554 2615 Ludovioum
1569 2578 1625 2615 VI
1640 2592 1649 2618 ς
1675 2579 1723 2618 de

233 2618 306 2654 hoc
323 2618 479 2665 praelio,
503 2620 605 2666 quod
631 2632 663 2657 a.
691 2631 783 2668 1119
807 2621 848 2658 in
866 2634 1001 2669 campo
1028 2623 1326 2662 Brennivillensi
1351 2629 1568 2674 pugnatum
1594 2628 1665 2673 est,
1690 2641 1725 2665 v.

234 2665 400 2703 Orderic.
417 2667 494 2704 Vit.
513 2669 612 2704 Hv'st.
630 2670 727 2705 Eccl.
745 2669 809 2706 xii.
828 2682 861 2707 6.
880 2681 899 2716 7
925 2670 1142 2714 (1)1161168116
1159 2674 1243 2710 Rer.
1268 2675 1397 2711 Norm.
1415 2676 1549 2721 Script.
1572 2687 1638 2723 pp.
1653 2676 1724 2724 856

233 2725 360 2760 seqq.;
402 2714 533 2762 Migne
550 2718 590 2753 P.
609 2719 653 2753 L.
677 2717 870 2755 clxxxviii.
899 2719 967 2764 867
994 2721 1141 2766 seqq.);
1176 2720 1308 2770 Suger.
1340 2724 1411 2759 Vit.
1434 2724 1573 2761 Dudov.
1599 2725 1727 2762 (11νοεεί

235 2773 267 2798 6.
294 2772 335 2797 21
370 2762 563 2809 (Bouquet
587 2766 735 2801 Recueil
757 2768 819 2802 des
846 2768 1038 2803 historiens
1062 2767 1127 2804 xii.
1152 2778 1223 2816 45;
1256 2770 1389 2818 Migne
1414 2772 1458 2808 P.
1482 2773 1528 2807 L.
1557 2771 1723 2809 clxxxvi.

239 2812 368 2854 131o);
395 2810 514 2849 Henr.
534 2812 728 2850 Huntend.
748 2813 812 2851 vii.
833 2814 850 2860 ξ
872 2825 912 2860 31
937 2815 1013 2861 (ed.
1031 2815 1176 2852 Arnold
1190 2830 1256 2865 pp.
1272 2828 1338 2864 241
1357 2819 1465 2865 seq.).
1608 2831 1662 2867 19,
1678 2832 1726 2858 20

234 2858 533 2912 Normannorum
561 2862 706 2897 ducem:
741 2861 768 2899 1.
779 2874 812 2900 6.
843 2862 1060 2911 Robertmn,
1090 2864 1282 2903 Willelmi
1306 2866 1576 2914 Conquestoris
1600 2867 1725 2906 filium

236 2906 332 2941 natu
350 2917 570 2945 maximum.

344 2973 388 3014 48
