1846 3262
75 227 194 282 8¹4²
524 223 789 271 IOANNIS
829 222 1350 268 SARESBERIENSIS
1432 229 1434 231 ’
1473 223 1698 280 [LIB.V111

215 345 423 404 pontifex
453 348 535 398 est,
565 345 767 396 eundem,
798 359 881 403 pro
910 345 1163 389 conditione
1193 344 1414 389 Ecclesiae
1443 359 1557 403 quae
1579 359 1700 389 nunc

216 419 294 467 est,
316 431 409 463 esse
429 431 609 460 seruum
625 431 855 460 seruorum
872 431 1048 460 necesse
1068 418 1136 459 est
1152 430 1162 468 3
1191 430 1282 459 non
1303 415 1507 472 equidem
1526 429 1701 458 nuncu-

215 486 368 543 patiue
398 486 456 529 ad
482 485 683 544 gloriam,
718 488 772 529 ut
797 486 981 544 quidam
1011 486 1265 543 opinantur,
1295 485 1373 528 sed
1407 484 1700 535 substantiae,

215 558 373 613 utpote
394 556 470 613 qui
491 556 633 599 seruis
652 555 738 599 Dei
758 556 925 599 seruiet
944 555 1018 599 uel
1037 556 1221 599 inuitus.
1282 554 1441 599 Omnis
1460 555 1579 598 enim
1602 569 1701 612 per-

215 641 324 669 sona
344 626 430 669 Dei
450 627 590 670 seruit
610 629 656 670 et
685 626 988 684 dispensatrix
1010 629 1079 670 est
1108 625 1368 670 clementiae
1396 625 1470 669 uel
1499 625 1700 668 iustitiae
1719 645 1738 679 5

166 693 196 732 b
215 710 332 740 suae.
393 696 547 740 Seruit
566 697 762 754 angelus,
790 697 932 740 seruit
961 697 1104 748 homo,
1133 696 1338 740 seruiunt
1357 696 1475 747 boni,
1496 695 1701 739 seruiunt

215 767 335 818 mali,
367 769 414 810 et
452 767 547 824 ipse
587 767 792 825 princeps
831 767 988 810 mundi
1034 766 1238 810 diabolus
1270 766 1422 809 seruit.
1495 765 1615 823 Ergo
1654 767 1700 808 et

215 837 406 880 Romani
434 837 639 880 seruiunt
668 837 775 889 Deo,
796 841 842 880 et
869 837 1040 880 tiranni
1070 836 1233 894 quibus
1254 836 1505 879 Romanum
1525 828 1717 881 necesse

213 909 283 951 est
302 907 470 951 seruire
497 908 765 965 pontificem.
823 907 950 952 Adeo
979 907 1159 965 quidem
1186 909 1252 958 ut,
1275 906 1363 949 nisi
1382 906 1600 969 semim-it,
1620 908 1702 950 aut

213 978 527 1035 expontificem
557 981 637 1021 aut
667 993 958 1021 exromanum
989 993 1083 1022 esse
1116 992 1293 1021 necesse
1324 977 1395 1020 sit.
1456 976 1568 1030 Quis
1597 991 1700 1020 eum
1719 997 1761 1022 10

212 1063 318 1106 ergo
338 1063 517 1092 seruum
537 1063 769 1092 seruorum
790 1063 884 1092 esse
899 1049 1119 1107 ambigitz
1178 1048 1422 1091 Dominum
1436 1047 1700 1098 Adrianum,

210 1119 338 1162 cuius
366 1121 570 1176 tempora
594 1118 744 1162 felicia
774 1118 914 1163 faciat
943 1119 1078 1172 Deus,
1098 1118 1233 1162 huius
1259 1118 1325 1162 rei
1345 1120 1507 1162 testem
1526 1118 1697 1168 inuoco,

210 1189 317 1246 quia
349 1189 550 1232 Romano
584 1189 793 1246 pontifice
824 1204 955 1233 nemo
990 1189 1286 1232 miserabilior
1325 1190 1403 1240 est,
1443 1188 1698 1232 conditione

210 1259 306 1302 eius
321 1259 446 1302 nulla
461 1259 674 1302 miserior.
726 1260 796 1311 Et,
811 1260 916 1303 licet
936 1259 1074 1303 nichil
1093 1259 1218 1302 aliud
1230 1259 1365 1311 ledat,
1377 1273 1551 1302 necesse
1566 1261 1635 1302 est
1645 1261 1700 1302 ut

209 1329 422 1373 citissime
442 1330 515 1373 uel
533 1330 629 1373 solo
649 1329 799 1373 labore
826 1330 1018 1374 deficiat.
1076 1330 1265 1373 Fatetur
1293 1329 1412 1372 enim
1438 1328 1486 1372 in
1515 1343 1568 1371 ea
1594 1328 1697 1372 sede
1721 1349 1759 1384 ¹⁵
1825 1320 1846 1325 '¹

209 1414 257 1442 se
276 1401 428 1443 tantas
447 1400 649 1443 miserias
669 1400 894 1443 inuenisse
913 1402 966 1444 ut
988 1399 1110 1443 facta
1130 1399 1365 1443 collatione
1392 1399 1696 1457 praesentium
1841 1400 1846 1407 '

209 1471 307 1512 tota
340 1469 607 1527 praecedens
641 1470 895 1513 amaritudo
926 1469 1178 1513 iocunditas
1218 1471 1264 1512 et
1302 1469 1401 1512 uita
1440 1469 1698 1514 felicissima

209 1538 362 1583 fuerit.
422 1540 659 1597 Spinosam
682 1539 793 1584 dicit
812 1540 1070 1584 cathedram
1092 1539 1281 1583 Romani
1302 1539 1539 1597 pontificis,
1568 1555 1694 1583 man·

208 1613 307 1653 tum
337 1610 606 1654 acutissimis
635 1625 954 1668 usquequaque
980 1612 1233 1654 consertum
1258 1610 1424 1653 aculeis
1448 1612 1693 1668 tantaeque

210 1680 340 1723 molis
360 1683 414 1724 ut
433 1680 764 1724 robustissimos
783 1683 960 1738 premat
979 1683 1098 1724 terat
1117 1683 1163 1724 et
1183 1680 1457 1724 comminuat
1476 1682 1698 1735 humeros,
1718 1706 1763 1731 ω

208 1765 416 1795 coronam
437 1753 483 1794 et
503 1750 690 1808 frigium
710 1750 831 1794 clara
851 1750 1011 1794 merito
1027 1750 1172 1794 uideri
1188 1751 1399 1808 quoniam
1420 1751 1554 1809 ignea
1575 1754 1695 1796 sunt.
1838 1801 1846 1814 Ἴ,

165 1831 190 1861 c
211 1820 300 1864 Sed
333 1836 578 1878 numquam
606 1836 634 1864 a
664 1821 807 1864 natali
843 1821 936 1865 solo
967 1821 1158 1879 Angliae
1188 1821 1321 1865 malle
1356 1822 1499 1866 exisse
1534 1824 1616 1866 aut
1648 1822 1698 1866 in
1837 1820 1846 1901 Ξ

207 1891 404 1936 claustro
434 1891 555 1935 beati
588 1891 693 1934 Rufi
723 1895 939 1950 perpetuo
977 1891 1163 1936 latuisse
1202 1891 1313 1936 dicit
1348 1907 1484 1950 quam
1523 1894 1687 1944 tantas,
1844 1904 1846 1906 ·

208 2003 227 2041 5
255 1993 327 2031 deo
344 1993 420 2031 A¹S
567 2005 613 2041 23
640 1996 723 2032 ruffi
740 1995 808 2033 SM

1832 1656 1846 1697 'l

253 2099 274 2125 2
299 2101 448 2125 seruum
457 2101 666 2130 seruorum:
694 2102 770 2137 quo
786 2089 903 2127 titulo
921 2090 1058 2128 saltem
1075 2103 1099 2128 a
1115 2090 1290 2138 Gregorii
1303 2091 1437 2138 Magni
1453 2094 1626 2140 tempore
1643 2091 1687 2130 in

202 2135 342 2174 litteris
359 2140 522 2174 utuntur
537 2138 740 2185 pontifices
758 2138 930 2175 Romani.
1074 2150 1110 2185 42
1130 2148 1148 2187 5
1179 2141 1306 2176 omnis
1317 2152 1477 2186 persona
1494 2143 1566 2177 Dei
1581 2153 1590 2178 :
1616 2140 1642 2178 i.
1653 2152 1686 2178 6.

202 2187 244 2222 et
262 2185 379 2222 Pater
394 2188 434 2222 et
453 2186 571 2222 Filius
588 2189 629 2223 et
646 2186 812 2233 Spiritus
829 2186 1002 2224 Sanctus.
1190 2198 1228 2224 11
1258 2189 1460 2224 Dominum
1476 2190 1549 2226 etc.
1567 2199 1687 2236 usquc

201 2233 250 2270 ad
267 2235 454 2270 miserior:
483 2234 603 2271 minio
625 2234 775 2270 notavit
793 2235 979 2272 Parkerus
1004 2234 1046 2270 in
1062 2234 1144 2271 cod.
1162 2234 1200 2277 C,
1222 2235 1461 2283 contulitque
1483 2238 1618 2274 Polior.
1639 2236 1688 2274 vi.

202 2291 260 2326 24,
285 2282 411 2317 Metal.
439 2281 485 2318 iv.
510 2293 568 2330 4²·
629 2282 685 2319 cf.
717 2282 926 2319 Helinand.
955 2282 1088 2320 Chron.
1115 2282 1234 2320 xlviii.
1263 2284 1333 2320 sub
1357 2295 1392 2321 a.
1422 2294 1513 2332 1154
1540 2285 1690 2334 (Mignc

201 2330 243 2365 P.
278 2331 319 2365 L.
352 2329 463 2367 ccxii.
501 2329 632 2377 1058):
672 2332 771 2367 Huic
805 2332 976 2367 Adriano
1011 2343 1136 2377 papae
1168 2333 1380 2378 familiaris
1410 2334 1495 2378 fuit
1529 2334 1692 2370 Ioannes

200 2378 478 2414 Saleeberiensr's
509 2383 542 2414 et
573 2380 650 2424 ipse
681 2380 861 2423 Anylicus
888 2381 1047 2422 natione,
1081 2381 1145 2426 qui
1172 2381 1216 2415 de
1244 2382 1363 2416 eodem
1396 2382 1568 2418 Adriano
1597 2383 1693 2418 talia

201 2426 332 2469 refert:
361 2428 369 2444 ‘
381 2427 527 2462 Audiui
537 2438 679 2472 papam
691 2428 905 2462 Adrianum
921 2429 1094 2463 dicentem
1109 2430 1204 2473 quod
1220 2429 1385 2464 Romano
1401 2430 1573 2474 pontifice
1590 2441 1692 2466 nemo
1749 2428 1754 2434 ’

201 2474 370 2509 misertor
392 2479 452 2519 est,
478 2476 681 2510 conditione
706 2476 784 2510 eius
807 2477 913 2510 nulla
939 2476 1192 2513 miserabilior.
1242 2477 1443 2512 Fatebatur
1468 2479 1567 2513 enim
1590 2490 1628 2514 se
1651 2480 1694 2514 in

201 2523 325 2557 eadem
339 2523 440 2564 sede:
460 2524 531 2558 etc.
730 2532 770 2567 17
797 2524 878 2558 uita
886 2524 1125 2568 felicissima:
1145 2525 1311 2569 felicitas
1328 2523 1456 2560 Helin.
1648 2526 1691 2562 18

200 2569 396 2614 Spinosam
412 2571 502 2606 dicit
524 2571 732 2606 cathedram
753 2572 913 2607 Romani
929 2573 1142 2617 pontajfieis:
1170 2570 1291 2608 minio
1314 2571 1465 2609 notavit
1493 2572 1691 2611 Parkerus.

208 2618 261 2659 18,
297 2627 339 2662 19
368 2623 555 2654 mantum:
587 2630 620 2654 v.
652 2618 835 2665 Ducange
869 2618 927 2655 ed..
962 2620 1061 2665 1885,
1090 2631 1122 2654 v.
1151 2628 1245 2666 235:
1284 2621 1456 2656 Mantum
1481 2633 1569 2657 uero
1605 2623 1694 2658 olim

199 2665 363 2700 habitum
383 2667 481 2701 inter
489 2667 714 2712 praecipuas
732 2678 958 2702 summorum
972 2668 1196 2711 Pontificum
1215 2672 1322 2703 vestes
1338 2669 1427 2704 adeo
1444 2673 1485 2704 ut
1501 2670 1695 2714 diqnitatis

201 2711 460 2748 inuestituram
496 2726 569 2759 per
604 2715 702 2749 illud
741 2716 954 2759 acciperent.
1003 2714 1099 2752 Vide
1133 2714 1236 2751 locos
1277 2715 1324 2751 ab
1367 2715 1501 2752 eodem
1543 2716 1692 2763 citatos,

201 2759 340 2805 quibus
372 2760 462 2797 addi
489 2763 619 2808 potest
649 2761 750 2807 quod
783 2761 982 2798 Nicolaum
1017 2761 1074 2797 ΙΙΙ
1108 2761 1215 2808 loqui
1248 2761 1343 2799 facit
1376 2763 1520 2801 Dantes
1546 2766 1691 2810 Infern.

201 2807 276 2843 xix.
311 2809 379 2853 69:
421 2810 540 2856 Sappi
572 2809 662 2856 ch‘io
686 2810 755 2855 fui
785 2812 906 2845 vestito
934 2812 992 2846 del
1021 2822 1119 2855 aran
1151 2816 1287 2846 manto.
1447 2822 1494 2847 20
1521 2818 1691 2858 premat:

203 2865 275 2890 om.
295 2855 419 2892 Helin.
594 2868 638 2893 22
657 2858 727 2893 Sed
743 2869 942 2904 numquam
959 2860 1020 2894 etc
1035 2870 1043 2894 ε
1072 2870 1192 2904 usque
1209 2858 1258 2894 ad
1275 2860 1388 2894 exisse
1405 2858 1524 2895 minio
1542 2860 1693 2897 notavit

203 2900 400 2939 Parkerus.
631 2914 687 2948 22,
705 2915 750 2950 23
777 2907 818 2941 in
835 2907 992 2942 claustro
1010 2907 1104 2942 beati
1120 2907 1230 2951 Rufi:
1258 2908 1361 2953 apud
1383 2907 1588 2944 Valentiam
1602 2907 1693 2951 add.

314 2977 382 3016 410
