1846 3262
647 607 1011 660 APPENDIX
1056 609 1084 659 I

616 731 709 779 (vide
733 734 762 769 t.
779 731 819 776 ii,
838 744 877 780 p.
894 741 974 780 379.
993 743 1038 780 27
1053 733 1111 779 n.)

172 851 338 890 Exstant
365 853 468 890 inter
496 865 611 901 opere¹
638 853 858 891 Hildeberti
885 853 1179 891 Cenomanensis
1205 853 1374 902 episcopi
1406 855 1446 891 ei:
1472 854 1598 892 archi-

243 912 412 961 episcopi
421 912 650 950 Turonensis
659 912 834 950 versiculi
844 912 999 959 quidam
1009 913 1057 950 de
1067 924 1195 950 sacrae
1207 912 1423 960 Scriptura-e
1433 915 1602 962 applica-

241 972 348 1010 tione
373 972 520 1018 morali,
542 983 704 1019 quorum
727 972 930 1009 nonnullos
955 971 1157 1010 continent
1180 972 1276 1010 folia.
1301 973 1376 1010 duo
1400 984 1447 1010 ex
1468 973 1598 1012 codice

244 1042 341 1069 saec.
366 1031 436 1068 xiii
457 1032 556 1069 med.
571 1031 675 1078 apud
692 1031 963 1079 Franoogallos
980 1031 1120 1077 (iudice
1136 1045 1168 1069 v.
1187 1032 1224 1068 d.
1242 1032 1425 1069 Falconer
1440 1032 1598 1079 Madau)

242 1102 360 1127 manu
391 1090 548 1138 scripto,
581 1090 648 1137 qui
679 1089 783 1128 inter
813 1090 930 1127 libros
967 1090 1090 1137 patris
1130 1090 1218 1135 mei,
1258 1103 1293 1128 v.
1324 1103 1352 1128 r.
1395 1091 1600 1129 Beniamin

242 1148 368 1187 Webb
391 1149 490 1188 AM.
518 1161 538 1187 e
561 1148 654 1186 Gon.
681 1148 744 1186 SS.
768 1148 870 1186 Trin.
898 1148 1071 1194 Cantab„
1096 1151 1198 1197 apud
1223 1150 1478 1187 Londinenses
1505 1150 1602 1189 eccl.

243 1208 347 1247 cath.
363 1208 400 1245 S.
418 1207 528 1245 Pauli
549 1208 816 1255 praebendarii
842 1219 991 1246 necnon
1011 1209 1103 1246 eccl.
1120 1209 1274 1256 paroch.
1294 1209 1331 1246 S.
1353 1210 1528 1247 Andreae
1553 1210 1600 1248 de

242 1267 503 1305 WeUs-street
516 1266 659 1311 vicarii,
677 1266 854 1304 inventus
870 1270 939 1304 est.
988 1267 1101 1304 Hunc
1118 1267 1287 1305 codicem
1304 1279 1391 1305 cum
1408 1269 1492 1306 edd.
1510 1268 1600 1305 Ant.

243 1325 491 1374 Beaugendre
508 1326 609 1372 (Par.
629 1327 734 1371 1708)
754 1328 796 1363 et
811 1326 845 1363 J.
863 1325 899 1363 J.
916 1326 1101 1363 Bourasse
1120 1326 1177 1373 (in
1199 1326 1333 1374 Migne
1357 1329 1495 1375 Patrol.
1515 1330 1601 1366 Lat.

240 1387 271 1423 t.
284 1385 400 1432 clxxi)
420 1387 459 1422 et
474 1396 561 1422 cum
577 1385 762 1432 opusculo
778 1398 813 1421 v.
826 1385 873 1422 cl.
886 1385 929 1421 B.
943 1385 1132 1428 Haureau,
1142 1387 1212 1422 Les
1228 1388 1406 1433 me'lanqes
1418 1389 1601 1434 podtiques

241 1444 467 1482 d'Hildebert
481 1446 525 1480 de
540 1444 730 1481 Lavardin
748 1444 847 1492 (Par.
862 1445 967 1492 1882)
982 1444 1140 1482 contuli.
1173 1444 1270 1483 Edd.
1283 1446 1601 1493 punctuationem

243 1502 438 1541 interdum
455 1502 667 1541 emendavi.

151 1573 183 1602 1.
207 1564 262 1601 Dc
277 1564 440 1610 triformi
462 1564 744 1610 transm-cesione
767 1564 847 1599 ade.
895 1561 1000 1599 Vicit
1024 1562 1138 1599 adam
1162 1565 1331 1601 ueterem
1355 1563 1457 1611 gula,
1478 1563 1603 1612 gloria

242 1634 354 1667 uana,
372 1621 523 1670 cupido.
561 1638 597 1652 =
614 1621 681 1659 Be.
697 1622 767 1659 col.
787 1631 881 1668 1230
899 1620 918 1669 ξ
937 1623 982 1659 6:
1007 1621 1075 1659 Bo.
1094 1622 1166 1660 col.
1187 1625 1280 1660 1280
1297 1622 1315 1671 §
1334 1625 1367 1660 6.

149 1692 183 1720 2.
209 1683 312 1727 Quod
336 1683 452 1718 modis
471 1686 645 1727 peccatur
667 1693 741 1727 per
767 1693 901 1728 yuyam
934 1679 976 1724 (l.
1008 1682 1160 1728 ⁸qulam).
1219 1681 1289 1720 Est
1320 1684 1468 1720 certum
1500 1683 1603 1729 quod

244 1740 412 1788 quinque
428 1739 552 1778 modis
566 1739 658 1787 gula
679 1739 866 1786 dampnat
885 1739 1052 1777 edacem.
1087 1756 1124 1769 =
1139 1740 1210 1777 Ha.
1231 1740 1249 1788 ξ
1269 1750 1327 1788 35,
1344 1753 1382 1787 p.
1410 1752 1469 1788 70.
1519 1742 1607 1789 (Be.

244 1799 316 1837 col.
336 1799 449 1846 1336:
475 1799 544 1836 Bo.
567 1799 638 1836 col.
667 1809 755 1844 1411
778 1797 891 1846 §69.)
939 1800 1037 1835 Add.
1064 1801 1139 1836 cod.
1165 1812 1265 1836 meus
1287 1812 1319 1837 v.
1348 1811 1389 1846 13
1415 1801 1602 1838 Omnibus

243 1858 306 1895 his
321 1858 414 1905 gule.
429 1869 578 1894 summa.
592 1856 668 1894 fuit
683 1856 876 1894 subuersio
893 1857 1055 1904 pridem.

150 1928 184 1965 3.
212 1919 309 1963 Qum
321 1929 387 1954 nos
406 1928 554 1965 peccare
568 1919 730 1963 faciunt.
779 1916 948 1961 Quatuor
971 1929 1052 1955 esse
1076 1929 1185 1954 reum
1210 1917 1382 1954 faciunt:
1408 1918 1601 1966 suggestio

244 1975 425 2024 primum,
479 1992 517 2006 =
532 1975 601 2012 Βο.
618 1975 690 2013 col.
710 1976 803 2012 1280
819 1975 838 2023 ξ
858 1984 890 2020 7.
942 1975 1022 2023 (Be.
1039 1976 1111 2013 col.
1133 1986 1225 2022 1230
1242 1975 1261 2023 ξ
1280 1977 1331 2022 7.)

150 2046 184 2081 4.
210 2037 307 2081 Quid
328 2036 512 2081 siqnificat
534 2036 629 2082 quod
643 2036 815 2071 dominus
830 2036 943 2081 prius
966 2036 1122 2081 respexit
1138 2036 1227 2079 abel,
1244 2041 1329 2081 post
1344 2047 1497 2072 munera
1513 2038 1600 2072 eius.

246 2094 427 2142 Respexit
443 2094 619 2131 dominus
634 2093 684 2130 ad
699 2093 799 2138 abel,
818 2092 984 2141 respexit
999 2093 1049 2130 ad
1066 2093 1148 2131 eius
1193 2109 1230 2123 =
1245 2093 1311 2131 Be.
1328 2094 1397 2132 coL
1416 2104 1503 2132 1211
1525 2094 1543 2142 §
1557 2106 1578 2142 3
1594 2108 1603 2131 :

246 2153 314 2190 Bo.
332 2152 404 2190 col.
425 2154 515 2199 1263
533 2152 552 2200 ξ
573 2154 606 2189 8.

153 2221 186 2259 5.
212 2213 310 2258 Quid
323 2213 507 2258 eiymsscat
523 2213 702 2257 triformis
717 2212 902 2247 distinctio
917 2212 1034 2247 arche.
1080 2210 1208 2248 Archa
1223 2221 1296 2247 noe
1314 2211 1390 2248 suit
1411 2213 1519 2249 arcta
1534 2213 1601 2250 sed

247 2270 379 2318 ampla
397 2270 498 2316 (add.
517 2270 692 2308 deorsum
709 2282 755 2306 ex
776 2271 850 2314 Be„
868 2269 952 2316 Bo.)
990 2285 1027 2299 =
1043 2269 1108 2307 Be.
1134 2269 1205 2307 col.
1226 2280 1313 2307 1211
1336 2270 1354 2318 §
1374 2282 1420 2316 4:
1445 2271 1512 2308 Bo.
1531 2273 1600 2308 col.

212 2329 432 2427 &128353
447 2400 493 2426 ea
508 2388 586 2425 rari
603 2387 740 2435 quibus
756 2399 863 2426 mens
885 2391 944 2427 est
960 2399 1137 2436 spernere
1154 2387 1349 2434 mundum,
1368 2387 1491 2436 (mens
1507 2391 1603 2426 deest

245 2449 309 2485 Be.
325 2448 419 2494 Bo.).

216 2519 271 2544 10.
296 2507 508 2554 Supprema
524 2508 599 2544 cod.
618 2519 742 2543 meus:
766 2517 931 2554 superna.
947 2508 1022 2551 Βο.,
1040 2508 1106 2545 Βο.

151 2568 185 2605 6.
213 2568 310 2613 Quid
320 2568 503 2613 siqnificat
517 2567 655 2612 duplex
670 2567 768 2602 color
787 2567 905 2602 iridis.
954 2565 1139 2602 Iuditium
1155 2576 1225 2612 per
1245 2576 1386 2612 aquam
1408 2565 1602 2612 transiuit,

247 2625 397 2672 eritque
413 2636 482 2672 per
496 2624 636 2672 ignem.
674 2641 710 2654 =
726 2624 792 2662 Be.
810 2624 881 2661 col.
902 2635 993 2662 1212
1012 2623 1031 2672 ξ
1052 2633 1094 2672 5:
1119 2624 1186 2661 Bo.
1205 2624 1277 2662 col.
1296 2625 1387 2669 1264
1403 2623 1423 2672 ξ
1442 2633 1472 2672 5,

212 2694 245 2722 2.
271 2684 369 2720 illud
385 2685 458 2720 cod.
477 2695 596 2720 meus:
619 2683 722 2720 istud
738 2684 814 2726 Be„
831 2685 898 2720 Bo.

152 2754 186 2791 7.
214 2745 311 2789 Quid
325 2744 508 2789 eiqmfloat
524 2743 620 2790 quod
635 2743 767 2779 abrahe
782 2744 920 2779 diacum
935 2747 987 2779 est
1007 2744 1170 2788 eyredere
1185 2743 1229 2779 de
1249 2747 1347 2778 term
1362 2747 1396 2778 et
1410 2743 1454 2778 de
1469 2754 1601 2789 cayna-

247 2804 342 2839 tione
369 2806 447 2838 tua.
506 2799 575 2838 Est
599 2800 767 2838 habrahe
792 2800 956 2838 dictum:
989 2803 1206 2848 terramque
1237 2802 1397 2848 tuosque
1427 2800 1602 2850 relinque

257 2877 288 2891 τε
301 2860 363 2898 Be.
380 2860 454 2898 col.
474 2870 564 2898 1212
580 2858 601 2909 ξ
617 2861 662 2898 6:
689 2860 759 2899 Βο.
779 2861 870 2906 1264
887 2859 906 2908 ξ
925 2861 959 2898 6.

1419 2938 1489 2976 427
