<?xml version="1.0" encoding="UTF-8"?>
<!DOCTYPE html PUBLIC "-//W3C//DTD XHTML 1.0 Transitional//EN"
    "http://www.w3.org/TR/xhtml1/DTD/xhtml1-transitional.dtd">
<html xmlns="http://www.w3.org/1999/xhtml" xml:lang="en" lang="en">
 <head>
  <title>
</title>
<meta http-equiv="Content-Type" content="text/html;charset=utf-8" />
  <meta name='ocr-system' content='tesseract 3.04.00' />
  <meta name='ocr-capabilities' content='ocr_page ocr_carea ocr_par ocr_line ocrx_word'/>
</head>
<body>
  <div class='ocr_page' id='page_1' title='image "./ioannissaresberi02johnuoft_0187.png"; bbox 0 0 1846 3262; ppageno 0'>
   <div class='ocr_carea' id='block_1_1' title="bbox 116 195 1775 276">
    <p class='ocr_par' dir='ltr' id='par_1_1' title="bbox 116 195 1775 276">
     <span class='ocr_line' id='line_1_1' title="bbox 116 195 1775 276; baseline 0.002 -17"><span class='ocrx_word' id='word_1_1' title='bbox 116 195 240 260; x_wconf 54' lang='lat' dir='ltr'>‘cna</span> <span class='ocrx_word' id='word_1_2' title='bbox 252 213 360 276; x_wconf 80' lang='lat' dir='ltr'>m]</span> <span class='ocrx_word' id='word_1_3' title='bbox 655 215 1099 263; x_wconf 77' lang='lat' dir='ltr'>PomoRATIcvs</span> <span class='ocrx_word' id='word_1_4' title='bbox 1641 222 1730 263; x_wconf 84' lang='lat'>682</span> <span class='ocrx_word' id='word_1_5' title='bbox 1750 227 1775 262; x_wconf 76' lang='lat' dir='ltr'>e</span> 
     </span>
    </p>
   </div>
   <div class='ocr_carea' id='block_1_2' title="bbox 74 338 1781 1803">
    <p class='ocr_par' dir='ltr' id='par_1_2' title="bbox 74 338 1781 1803">
     <span class='ocr_line' id='line_1_2' title="bbox 139 338 1627 398; baseline 0.001 -16"><span class='ocrx_word' id='word_1_6' title='bbox 139 338 371 383; x_wconf 70' lang='lat' dir='ltr'><strong>adtentius</strong></span> <span class='ocrx_word' id='word_1_7' title='bbox 392 339 572 397; x_wconf 90' lang='lat' dir='ltr'>quidem</span> <span class='ocrx_word' id='word_1_8' title='bbox 594 343 640 384; x_wconf 86' lang='lat' dir='ltr'>et</span> <span class='ocrx_word' id='word_1_9' title='bbox 659 340 878 384; x_wconf 82' lang='lat' dir='ltr'>curiosius</span> <span class='ocrx_word' id='word_1_10' title='bbox 898 355 1033 398; x_wconf 90' lang='lat' dir='ltr'>quam</span> <span class='ocrx_word' id='word_1_11' title='bbox 1055 339 1193 384; x_wconf 89' lang='lat' dir='ltr'>odora</span> <span class='ocrx_word' id='word_1_12' title='bbox 1211 339 1285 383; x_wconf 89' lang='lat' dir='ltr'>uis</span> <span class='ocrx_word' id='word_1_13' title='bbox 1304 343 1387 383; x_wconf 89' lang='lat' dir='ltr'>aut</span> <span class='ocrx_word' id='word_1_14' title='bbox 1405 339 1627 398; x_wconf 70' lang='lat' dir='ltr'><strong>sagacitas</strong></span> 
     </span>
     <span class='ocr_line' id='line_1_3' title="bbox 137 409 1677 468; baseline 0.003 -16"><span class='ocrx_word' id='word_1_15' title='bbox 137 423 301 452; x_wconf 90' lang='lat' dir='ltr'>canum</span> <span class='ocrx_word' id='word_1_16' title='bbox 317 409 546 454; x_wconf 83' lang='lat' dir='ltr'><strong>formellas</strong></span> <span class='ocrx_word' id='word_1_17' title='bbox 560 411 762 468; x_wconf 82' lang='lat' dir='ltr'>leporum</span> <span class='ocrx_word' id='word_1_18' title='bbox 781 415 864 455; x_wconf 91' lang='lat' dir='ltr'>aut</span> <span class='ocrx_word' id='word_1_19' title='bbox 884 410 1083 454; x_wconf 86' lang='lat' dir='ltr'>ferarum</span> <span class='ocrx_word' id='word_1_20' title='bbox 1099 411 1295 454; x_wconf 88' lang='lat' dir='ltr'>latebras</span> <span class='ocrx_word' id='word_1_21' title='bbox 1311 410 1627 468; x_wconf 87' lang='lat' dir='ltr'>deprehendat.</span> <span class='ocrx_word' id='word_1_22' title='bbox 1647 416 1677 457; x_wconf 89' lang='lat' dir='ltr'>d</span> 
     </span>
     <span class='ocr_line' id='line_1_4' title="bbox 140 479 1630 539; baseline 0.001 -17"><span class='ocrx_word' id='word_1_23' title='bbox 140 479 191 523; x_wconf 91' lang='lat' dir='ltr'>Si</span> <span class='ocrx_word' id='word_1_24' title='bbox 211 480 348 524; x_wconf 90' lang='lat' dir='ltr'>michi</span> <span class='ocrx_word' id='word_1_25' title='bbox 363 481 632 533; x_wconf 74' lang='lat' dir='ltr'>crederetur,</span> <span class='ocrx_word' id='word_1_26' title='bbox 647 482 710 525; x_wconf 91' lang='lat' dir='ltr'>sic</span> <span class='ocrx_word' id='word_1_27' title='bbox 726 482 1073 525; x_wconf 73' lang='lat' dir='ltr'>excluderentur</span> <span class='ocrx_word' id='word_1_28' title='bbox 1093 486 1139 525; x_wconf 89' lang='lat' dir='ltr'>et</span> <span class='ocrx_word' id='word_1_29' title='bbox 1158 481 1225 524; x_wconf 91' lang='lat' dir='ltr'>illi</span> <span class='ocrx_word' id='word_1_30' title='bbox 1246 481 1324 539; x_wconf 92' lang='lat' dir='ltr'>qui</span> <span class='ocrx_word' id='word_1_31' title='bbox 1345 481 1630 524; x_wconf 89' lang='lat' dir='ltr'>dissimulata</span> 
     </span>
     <span class='ocr_line' id='line_1_5' title="bbox 138 550 1628 610; baseline 0.001 -17"><span class='ocrx_word' id='word_1_32' title='bbox 138 550 384 595; x_wconf 77' lang='lat' dir='ltr'>ambitione</span> <span class='ocrx_word' id='word_1_33' title='bbox 414 552 581 595; x_wconf 90' lang='lat' dir='ltr'>cedunt</span> <span class='ocrx_word' id='word_1_34' title='bbox 609 555 663 595; x_wconf 91' lang='lat' dir='ltr'>ut</span> <span class='ocrx_word' id='word_1_35' title='bbox 697 552 894 596; x_wconf 89' lang='lat' dir='ltr'>ualidius</span> <span class='ocrx_word' id='word_1_36' title='bbox 924 552 1181 610; x_wconf 75' lang='lat' dir='ltr'>irrumpant</span> <span class='ocrx_word' id='word_1_37' title='bbox 1209 552 1258 595; x_wconf 92' lang='lat' dir='ltr'>in</span> <span class='ocrx_word' id='word_1_38' title='bbox 1288 552 1437 595; x_wconf 88' lang='lat' dir='ltr'>sedem</span> <span class='ocrx_word' id='word_1_39' title='bbox 1467 566 1496 595; x_wconf 90' lang='lat' dir='ltr'>a</span> <span class='ocrx_word' id='word_1_40' title='bbox 1526 566 1628 609; x_wconf 91' lang='lat' dir='ltr'>qua,</span> 
     </span>
     <span class='ocr_line' id='line_1_6' title="bbox 100 621 1628 680; baseline 0.001 -16"><span class='ocrx_word' id='word_1_41' title='bbox 100 640 119 673; x_wconf 81' lang='lat'><strong>5</strong></span> <span class='ocrx_word' id='word_1_42' title='bbox 138 621 256 665; x_wconf 89' lang='lat' dir='ltr'>sicut</span> <span class='ocrx_word' id='word_1_43' title='bbox 290 621 377 679; x_wconf 90' lang='lat' dir='ltr'>ipsi</span> <span class='ocrx_word' id='word_1_44' title='bbox 413 621 632 675; x_wconf 86' lang='lat' dir='ltr'>fatentur,</span> <span class='ocrx_word' id='word_1_45' title='bbox 668 622 852 666; x_wconf 78' lang='lat' dir='ltr'>fuerant</span> <span class='ocrx_word' id='word_1_46' title='bbox 886 622 1158 680; x_wconf 88' lang='lat' dir='ltr'>repellendi;</span> <span class='ocrx_word' id='word_1_47' title='bbox 1200 622 1421 680; x_wconf 82' lang='lat' dir='ltr'>siquidem</span> <span class='ocrx_word' id='word_1_48' title='bbox 1456 622 1628 666; x_wconf 88' lang='lat' dir='ltr'>iustum</span> 
     </span>
     <span class='ocr_line' id='line_1_7' title="bbox 137 692 1629 750; baseline 0.001 -16"><span class='ocrx_word' id='word_1_49' title='bbox 137 694 237 734; x_wconf 88' lang='lat' dir='ltr'>erat</span> <span class='ocrx_word' id='word_1_50' title='bbox 265 695 320 736; x_wconf 87' lang='lat' dir='ltr'>ut</span> <span class='ocrx_word' id='word_1_51' title='bbox 348 692 404 736; x_wconf 89' lang='lat' dir='ltr'>de</span> <span class='ocrx_word' id='word_1_52' title='bbox 434 707 481 736; x_wconf 91' lang='lat' dir='ltr'>se</span> <span class='ocrx_word' id='word_1_53' title='bbox 516 692 602 735; x_wconf 83' lang='lat' dir='ltr'>sibi</span> <span class='ocrx_word' id='word_1_54' title='bbox 633 696 791 736; x_wconf 91' lang='lat' dir='ltr'>contra</span> <span class='ocrx_word' id='word_1_55' title='bbox 820 707 867 736; x_wconf 88' lang='lat' dir='ltr'>se</span> <span class='ocrx_word' id='word_1_56' title='bbox 897 693 1165 744; x_wconf 89' lang='lat' dir='ltr'>crederetur,</span> <span class='ocrx_word' id='word_1_57' title='bbox 1192 692 1302 750; x_wconf 88' lang='lat' dir='ltr'>quid</span> <span class='ocrx_word' id='word_1_58' title='bbox 1332 693 1452 736; x_wconf 90' lang='lat' dir='ltr'>enim</span> <span class='ocrx_word' id='word_1_59' title='bbox 1482 692 1532 735; x_wconf 91' lang='lat' dir='ltr'>in</span> <span class='ocrx_word' id='word_1_60' title='bbox 1563 692 1629 736; x_wconf 90' lang='lat' dir='ltr'>eis</span> 
     </span>
     <span class='ocr_line' id='line_1_8' title="bbox 137 761 1630 807; baseline 0.001 -2"><span class='ocrx_word' id='word_1_61' title='bbox 137 761 280 806; x_wconf 89' lang='lat' dir='ltr'>lateat</span> <span class='ocrx_word' id='word_1_62' title='bbox 318 777 450 806; x_wconf 91' lang='lat' dir='ltr'>nemo</span> <span class='ocrx_word' id='word_1_63' title='bbox 489 762 666 806; x_wconf 90' lang='lat' dir='ltr'>fidelius</span> <span class='ocrx_word' id='word_1_64' title='bbox 705 763 846 806; x_wconf 88' lang='lat' dir='ltr'>nouit.</span> <span class='ocrx_word' id='word_1_65' title='bbox 908 763 1064 806; x_wconf 90' lang='lat' dir='ltr'>Plures</span> <span class='ocrx_word' id='word_1_66' title='bbox 1103 767 1257 806; x_wconf 88' lang='lat' dir='ltr'>tamen</span> <span class='ocrx_word' id='word_1_67' title='bbox 1295 763 1630 807; x_wconf 86' lang='lat' dir='ltr'>incontinenter</span> 
     </span>
     <span class='ocr_line' id='line_1_9' title="bbox 137 832 1629 891; baseline 0 -16"><span class='ocrx_word' id='word_1_68' title='bbox 137 832 347 876; x_wconf 88' lang='lat' dir='ltr'>ambiunt</span> <span class='ocrx_word' id='word_1_69' title='bbox 395 836 442 876; x_wconf 87' lang='lat' dir='ltr'>et</span> <span class='ocrx_word' id='word_1_70' title='bbox 490 832 787 890; x_wconf 89' lang='lat' dir='ltr'>impudenter.</span> <span class='ocrx_word' id='word_1_71' title='bbox 847 833 1038 876; x_wconf 90' lang='lat' dir='ltr'>Frustra</span> <span class='ocrx_word' id='word_1_72' title='bbox 1082 834 1216 886; x_wconf 90' lang='lat' dir='ltr'>enim,</span> <span class='ocrx_word' id='word_1_73' title='bbox 1260 836 1314 877; x_wconf 92' lang='lat' dir='ltr'>ut</span> <span class='ocrx_word' id='word_1_74' title='bbox 1358 847 1629 891; x_wconf 90' lang='lat' dir='ltr'>quemquam</span> 
     </span>
     <span class='ocr_line' id='line_1_10' title="bbox 137 903 1629 961; baseline 0 -15"><span class='ocrx_word' id='word_1_75' title='bbox 137 916 291 946; x_wconf 88' lang='lat' dir='ltr'>eorum</span> <span class='ocrx_word' id='word_1_76' title='bbox 331 903 540 960; x_wconf 81' lang='lat' dir='ltr'>excipias,</span> <span class='ocrx_word' id='word_1_77' title='bbox 581 903 778 960; x_wconf 87' lang='lat' dir='ltr'>aliquem</span> <span class='ocrx_word' id='word_1_78' title='bbox 818 918 1015 961; x_wconf 89' lang='lat' dir='ltr'>oppones</span> <span class='ocrx_word' id='word_1_79' title='bbox 1054 904 1255 956; x_wconf 90' lang='lat' dir='ltr'>titulum,</span> <span class='ocrx_word' id='word_1_80' title='bbox 1289 904 1397 961; x_wconf 89' lang='lat' dir='ltr'>quia</span> <span class='ocrx_word' id='word_1_81' title='bbox 1436 903 1629 947; x_wconf 89' lang='lat' dir='ltr'>clamore</span> 
     </span>
     <span class='ocr_line' id='line_1_11' title="bbox 77 972 1628 1031; baseline 0.003 -19"><span class='ocrx_word' id='word_1_82' title='bbox 77 987 120 1012; x_wconf 83' lang='grc' dir='ltr'>ιο</span> <span class='ocrx_word' id='word_1_83' title='bbox 136 972 412 1017; x_wconf 88' lang='lat' dir='ltr'>conductitio</span> <span class='ocrx_word' id='word_1_84' title='bbox 441 972 730 1030; x_wconf 86' lang='lat' dir='ltr'>praeualente</span> <span class='ocrx_word' id='word_1_85' title='bbox 762 973 997 1025; x_wconf 89' lang='lat' dir='ltr'>delebitur,</span> <span class='ocrx_word' id='word_1_86' title='bbox 1016 974 1386 1018; x_wconf 83' lang='lat' dir='ltr'>concurrentibus</span> <span class='ocrx_word' id='word_1_87' title='bbox 1410 973 1628 1031; x_wconf 86' lang='lat' dir='ltr'>exemplis</span> 
     </span>
     <span class='ocr_line' id='line_1_12' title="bbox 135 1043 1627 1101; baseline 0 -15"><span class='ocrx_word' id='word_1_88' title='bbox 135 1045 183 1086; x_wconf 92' lang='lat' dir='ltr'>et</span> <span class='ocrx_word' id='word_1_89' title='bbox 221 1043 529 1086; x_wconf 84' lang='lat' dir='ltr'>sanctionibus</span> <span class='ocrx_word' id='word_1_90' title='bbox 568 1045 762 1100; x_wconf 83' lang='lat' dir='ltr'>patrum.</span> <span class='ocrx_word' id='word_1_91' title='bbox 822 1043 1044 1101; x_wconf 89' lang='lat' dir='ltr'>Ignobilis</span> <span class='ocrx_word' id='word_1_92' title='bbox 1085 1047 1176 1097; x_wconf 89' lang='lat' dir='ltr'>est;</span> <span class='ocrx_word' id='word_1_93' title='bbox 1226 1044 1305 1087; x_wconf 92' lang='lat' dir='ltr'>sed</span> <span class='ocrx_word' id='word_1_94' title='bbox 1344 1058 1426 1088; x_wconf 89' lang='lat' dir='ltr'>nec</span> <span class='ocrx_word' id='word_1_95' title='bbox 1466 1043 1627 1087; x_wconf 90' lang='lat' dir='ltr'>Petrus</span> 
     </span>
     <span class='ocr_line' id='line_1_13' title="bbox 133 1112 1627 1171; baseline 0.001 -15"><span class='ocrx_word' id='word_1_96' title='bbox 133 1112 352 1171; x_wconf 90' lang='lat' dir='ltr'>patricius</span> <span class='ocrx_word' id='word_1_97' title='bbox 377 1113 534 1156; x_wconf 81' lang='lat' dir='ltr'>extitit</span> <span class='ocrx_word' id='word_1_98' title='bbox 554 1116 636 1156; x_wconf 92' lang='lat' dir='ltr'>aut</span> <span class='ocrx_word' id='word_1_99' title='bbox 655 1113 820 1157; x_wconf 88' lang='lat' dir='ltr'>alicubi</span> <span class='ocrx_word' id='word_1_100' title='bbox 841 1113 896 1157; x_wconf 89' lang='lat' dir='ltr'>de</span> <span class='ocrx_word' id='word_1_101' title='bbox 917 1114 1121 1157; x_wconf 72' lang='lat' dir='ltr'>claritate</span> <span class='ocrx_word' id='word_1_102' title='bbox 1138 1114 1374 1171; x_wconf 88' lang='lat' dir='ltr'>sanguinis</span> <span class='ocrx_word' id='word_1_103' title='bbox 1394 1113 1627 1171; x_wconf 88' lang='lat' dir='ltr'>gloriatur.</span> 
     </span>
     <span class='ocr_line' id='line_1_14' title="bbox 134 1182 1626 1241; baseline 0.001 -15"><span class='ocrx_word' id='word_1_104' title='bbox 134 1182 285 1227; x_wconf 81' lang='lat' dir='ltr'>Minor</span> <span class='ocrx_word' id='word_1_105' title='bbox 296 1186 382 1236; x_wconf 89' lang='lat' dir='ltr'>est;</span> <span class='ocrx_word' id='word_1_106' title='bbox 403 1182 640 1226; x_wconf 90' lang='lat' dir='ltr'>Ieremiam</span> <span class='ocrx_word' id='word_1_107' title='bbox 654 1186 700 1226; x_wconf 91' lang='lat' dir='ltr'>et</span> <span class='ocrx_word' id='word_1_108' title='bbox 712 1198 1046 1241; x_wconf 88' lang='lat' dir='ltr'>praecursorem</span> <span class='ocrx_word' id='word_1_109' title='bbox 1060 1184 1244 1227; x_wconf 88' lang='lat' dir='ltr'>Domini</span> <span class='ocrx_word' id='word_1_110' title='bbox 1258 1183 1396 1227; x_wconf 90' lang='lat' dir='ltr'>habet</span> <span class='ocrx_word' id='word_1_111' title='bbox 1410 1187 1626 1227; x_wconf 86' lang='lat' dir='ltr'>auctores.</span> 
     </span>
     <span class='ocr_line' id='line_1_15' title="bbox 135 1251 1625 1311; baseline 0 -15"><span class='ocrx_word' id='word_1_112' title='bbox 135 1251 253 1296; x_wconf 86' lang='lat' dir='ltr'>Puer</span> <span class='ocrx_word' id='word_1_113' title='bbox 281 1255 351 1296; x_wconf 87' lang='lat' dir='ltr'>est</span> <span class='ocrx_word' id='word_1_114' title='bbox 363 1266 374 1306; x_wconf 96' lang='lat'>;</span> <span class='ocrx_word' id='word_1_115' title='bbox 416 1255 464 1296; x_wconf 88' lang='lat' dir='ltr'>et</span> <span class='ocrx_word' id='word_1_116' title='bbox 491 1256 716 1296; x_wconf 89' lang='lat' dir='ltr'>monstrat</span> <span class='ocrx_word' id='word_1_117' title='bbox 746 1253 943 1297; x_wconf 86' lang='lat' dir='ltr'>seniores</span> <span class='ocrx_word' id='word_1_118' title='bbox 972 1269 1001 1297; x_wconf 90' lang='lat' dir='ltr'>a</span> <span class='ocrx_word' id='word_1_119' title='bbox 1030 1253 1221 1297; x_wconf 87' lang='lat' dir='ltr'>Daniele</span> <span class='ocrx_word' id='word_1_120' title='bbox 1247 1268 1389 1311; x_wconf 89' lang='lat' dir='ltr'>puero</span> <span class='ocrx_word' id='word_1_121' title='bbox 1418 1253 1625 1297; x_wconf 91' lang='lat' dir='ltr'>condem·</span> 
     </span>
     <span class='ocr_line' id='line_1_16' title="bbox 75 1322 1781 1382; baseline 0.002 -18"><span class='ocrx_word' id='word_1_122' title='bbox 75 1338 116 1374; x_wconf 79' lang='lat'>¹5</span> <span class='ocrx_word' id='word_1_123' title='bbox 133 1325 307 1380; x_wconf 89' lang='lat' dir='ltr'>pnatos.</span> <span class='ocrx_word' id='word_1_124' title='bbox 379 1322 632 1366; x_wconf 88' lang='lat' dir='ltr'>Illiteratus</span> <span class='ocrx_word' id='word_1_125' title='bbox 663 1326 759 1377; x_wconf 90' lang='lat' dir='ltr'>est;</span> <span class='ocrx_word' id='word_1_126' title='bbox 794 1338 875 1368; x_wconf 89' lang='lat' dir='ltr'>nec</span> <span class='ocrx_word' id='word_1_127' title='bbox 906 1324 1047 1368; x_wconf 90' lang='lat' dir='ltr'>scolas</span> <span class='ocrx_word' id='word_1_128' title='bbox 1076 1323 1387 1382; x_wconf 81' lang='lat' dir='ltr'>frequentasse</span> <span class='ocrx_word' id='word_1_129' title='bbox 1410 1323 1627 1382; x_wconf 88' lang='lat' dir='ltr'>leguntur</span> <span class='ocrx_word' id='word_1_130' title='bbox 1642 1327 1730 1377; x_wconf 87' lang='lat'>683</span> <span class='ocrx_word' id='word_1_131' title='bbox 1749 1338 1781 1368; x_wconf 88' lang='lat' dir='ltr'>a</span> 
     </span>
     <span class='ocr_line' id='line_1_17' title="bbox 132 1392 1626 1453; baseline 0.001 -17"><span class='ocrx_word' id='word_1_132' title='bbox 132 1392 350 1451; x_wconf 86' lang='lat' dir='ltr'>Apostoli.</span> <span class='ocrx_word' id='word_1_133' title='bbox 401 1392 683 1451; x_wconf 86' lang='lat' dir='ltr'>Coniugatus</span> <span class='ocrx_word' id='word_1_134' title='bbox 698 1397 793 1447; x_wconf 89' lang='lat' dir='ltr'>est;</span> <span class='ocrx_word' id='word_1_135' title='bbox 823 1398 870 1438; x_wconf 92' lang='lat' dir='ltr'>et</span> <span class='ocrx_word' id='word_1_136' title='bbox 884 1394 1130 1453; x_wconf 87' lang='lat' dir='ltr'>Apostolus</span> <span class='ocrx_word' id='word_1_137' title='bbox 1144 1394 1280 1438; x_wconf 89' lang='lat' dir='ltr'>unius</span> <span class='ocrx_word' id='word_1_138' title='bbox 1299 1394 1455 1438; x_wconf 83' lang='lat' dir='ltr'>uxoris</span> <span class='ocrx_word' id='word_1_139' title='bbox 1474 1394 1626 1437; x_wconf 87' lang='lat' dir='ltr'>uirum</span> 
     </span>
     <span class='ocr_line' id='line_1_18' title="bbox 132 1463 1627 1522; baseline 0.001 -16"><span class='ocrx_word' id='word_1_140' title='bbox 132 1463 353 1521; x_wconf 89' lang='lat' dir='ltr'>praecipit</span> <span class='ocrx_word' id='word_1_141' title='bbox 393 1463 660 1522; x_wconf 85' lang='lat' dir='ltr'>eligendum.</span> <span class='ocrx_word' id='word_1_142' title='bbox 720 1464 778 1507; x_wconf 92' lang='lat' dir='ltr'>In</span> <span class='ocrx_word' id='word_1_143' title='bbox 817 1465 1031 1509; x_wconf 90' lang='lat' dir='ltr'>iniuriam</span> <span class='ocrx_word' id='word_1_144' title='bbox 1071 1465 1350 1509; x_wconf 87' lang='lat' dir='ltr'>matrimonii</span> <span class='ocrx_word' id='word_1_145' title='bbox 1390 1465 1462 1508; x_wconf 89' lang='lat' dir='ltr'>sui</span> <span class='ocrx_word' id='word_1_146' title='bbox 1480 1479 1627 1508; x_wconf 84' lang='lat' dir='ltr'>suam</span> 
     </span>
     <span class='ocr_line' id='line_1_19' title="bbox 132 1533 1626 1594; baseline 0.001 -16"><span class='ocrx_word' id='word_1_147' title='bbox 132 1533 318 1592; x_wconf 87' lang='lat' dir='ltr'>reliquit</span> <span class='ocrx_word' id='word_1_148' title='bbox 348 1548 560 1587; x_wconf 82' lang='lat' dir='ltr'>uxorem3</span> <span class='ocrx_word' id='word_1_149' title='bbox 606 1537 653 1578; x_wconf 92' lang='lat' dir='ltr'>et</span> <span class='ocrx_word' id='word_1_150' title='bbox 692 1535 918 1579; x_wconf 90' lang='lat' dir='ltr'>Iohannes</span> <span class='ocrx_word' id='word_1_151' title='bbox 950 1551 980 1579; x_wconf 92' lang='lat' dir='ltr'>a</span> <span class='ocrx_word' id='word_1_152' title='bbox 1012 1536 1187 1594; x_wconf 90' lang='lat' dir='ltr'>nuptiis</span> <span class='ocrx_word' id='word_1_153' title='bbox 1226 1535 1285 1579; x_wconf 90' lang='lat' dir='ltr'>ad</span> <span class='ocrx_word' id='word_1_154' title='bbox 1326 1535 1626 1594; x_wconf 87' lang='lat' dir='ltr'>Euangelium</span> 
     </span>
     <span class='ocr_line' id='line_1_20' title="bbox 131 1604 1625 1665; baseline 0.001 -17"><span class='ocrx_word' id='word_1_155' title='bbox 131 1604 333 1648; x_wconf 86' lang='lat' dir='ltr'>traditur</span> <span class='ocrx_word' id='word_1_156' title='bbox 363 1608 612 1650; x_wconf 88' lang='lat' dir='ltr'>reuocatus.</span> <span class='ocrx_word' id='word_1_157' title='bbox 672 1605 840 1663; x_wconf 90' lang='lat' dir='ltr'>Opicus</span> <span class='ocrx_word' id='word_1_158' title='bbox 870 1609 953 1650; x_wconf 91' lang='lat' dir='ltr'>aut</span> <span class='ocrx_word' id='word_1_159' title='bbox 984 1607 1137 1665; x_wconf 89' lang='lat' dir='ltr'>potius</span> <span class='ocrx_word' id='word_1_160' title='bbox 1173 1606 1366 1665; x_wconf 85' lang='lat' dir='ltr'>elinguis</span> <span class='ocrx_word' id='word_1_161' title='bbox 1406 1610 1500 1659; x_wconf 87' lang='lat' dir='ltr'>est;</span> <span class='ocrx_word' id='word_1_162' title='bbox 1546 1607 1625 1650; x_wconf 87' lang='lat' dir='ltr'>sed</span> 
     </span>
     <span class='ocr_line' id='line_1_21' title="bbox 74 1674 1624 1737; baseline 0.001 -19"><span class='ocrx_word' id='word_1_163' title='bbox 74 1689 119 1713; x_wconf 66' lang='grc' dir='ltr'>πο</span> <span class='ocrx_word' id='word_1_164' title='bbox 134 1674 300 1726; x_wconf 77' lang='lat' dir='ltr'>Aaron,</span> <span class='ocrx_word' id='word_1_165' title='bbox 338 1690 441 1719; x_wconf 89' lang='lat' dir='ltr'>cum</span> <span class='ocrx_word' id='word_1_166' title='bbox 482 1678 600 1719; x_wconf 86' lang='lat' dir='ltr'>esset</span> <span class='ocrx_word' id='word_1_167' title='bbox 644 1674 864 1737; x_wconf 88' lang='lat' dir='ltr'>[Moyses]</span> <span class='ocrx_word' id='word_1_168' title='bbox 906 1677 1205 1736; x_wconf 90' lang='lat' dir='ltr'>impeditioris</span> <span class='ocrx_word' id='word_1_169' title='bbox 1251 1677 1447 1735; x_wconf 85' lang='lat' dir='ltr'>linguae,</span> <span class='ocrx_word' id='word_1_170' title='bbox 1486 1677 1624 1720; x_wconf 91' lang='lat' dir='ltr'>etiam</span> 
     </span>
     <span class='ocr_line' id='line_1_22' title="bbox 132 1745 1626 1803; baseline 0.001 -13"><span class='ocrx_word' id='word_1_171' title='bbox 132 1745 432 1790; x_wconf 85' lang='lat' dir='ltr'>sacerdotium</span> <span class='ocrx_word' id='word_1_172' title='bbox 459 1745 627 1803; x_wconf 79' lang='lat' dir='ltr'>leg-itur</span> <span class='ocrx_word' id='word_1_173' title='bbox 652 1746 944 1791; x_wconf 88' lang='lat' dir='ltr'>ministrasse.</span> <span class='ocrx_word' id='word_1_174' title='bbox 1005 1747 1165 1792; x_wconf 86' lang='lat' dir='ltr'>Scorta</span> <span class='ocrx_word' id='word_1_175' title='bbox 1191 1750 1389 1791; x_wconf 87' lang='lat' dir='ltr'>sectatus</span> <span class='ocrx_word' id='word_1_176' title='bbox 1419 1750 1512 1800; x_wconf 89' lang='lat' dir='ltr'>est;</span> <span class='ocrx_word' id='word_1_177' title='bbox 1547 1747 1626 1791; x_wconf 87' lang='lat' dir='ltr'>sed</span> 
     </span>
    </p>
   </div>
   <div class='ocr_carea' id='block_1_3' title="bbox 131 1873 1625 1979">
    <p class='ocr_par' dir='ltr' id='par_1_3' title="bbox 131 1873 1625 1979">
     <span class='ocr_line' id='line_1_23' title="bbox 134 1873 1622 1923; baseline 0.001 -12"><span class='ocrx_word' id='word_1_178' title='bbox 134 1884 180 1911; x_wconf 72' lang='grc' dir='ltr'>ιο</span> <span class='ocrx_word' id='word_1_179' title='bbox 203 1873 410 1911; x_wconf 81' lang='lat' dir='ltr'>conductio</span> <span class='ocrx_word' id='word_1_180' title='bbox 425 1873 458 1910; x_wconf 93' lang='lat' dir='ltr'>B</span> <span class='ocrx_word' id='word_1_181' title='bbox 596 1885 640 1911; x_wconf 89' lang='lat'>12</span> <span class='ocrx_word' id='word_1_182' title='bbox 666 1874 818 1912; x_wconf 85' lang='lat' dir='ltr'>exstitit</span> <span class='ocrx_word' id='word_1_183' title='bbox 834 1875 897 1912; x_wconf 87' lang='lat' dir='ltr'>CB</span> <span class='ocrx_word' id='word_1_184' title='bbox 995 1875 1194 1923; x_wconf 81' lang='lat' dir='ltr'>sanguinis</span> <span class='ocrx_word' id='word_1_185' title='bbox 1212 1875 1391 1913; x_wconf 75' lang='lat' dir='ltr'>claritate</span> <span class='ocrx_word' id='word_1_186' title='bbox 1405 1875 1440 1912; x_wconf 81' lang='lat' dir='ltr'>A</span> <span class='ocrx_word' id='word_1_187' title='bbox 1582 1885 1622 1923; x_wconf 83' lang='lat'>15</span> 
     </span>
     <span class='ocr_line' id='line_1_24' title="bbox 131 1921 1625 1979; baseline 0.001 -21"><span class='ocrx_word' id='word_1_188' title='bbox 131 1921 363 1960; x_wconf 72' lang='lat' dir='ltr'>Illitteratus</span> <span class='ocrx_word' id='word_1_189' title='bbox 381 1922 411 1958; x_wconf 92' lang='lat' dir='ltr'>B</span> <span class='ocrx_word' id='word_1_190' title='bbox 561 1925 603 1960; x_wconf 94' lang='lat'>18</span> <span class='ocrx_word' id='word_1_191' title='bbox 629 1923 902 1971; x_wconf 84' lang='lat' dir='ltr'>euuangelium</span> <span class='ocrx_word' id='word_1_192' title='bbox 918 1923 973 1959; x_wconf 89' lang='lat' dir='ltr'>A:</span> <span class='ocrx_word' id='word_1_193' title='bbox 1000 1935 1109 1961; x_wconf 83' lang='lat' dir='ltr'>ewan</span> <span class='ocrx_word' id='word_1_194' title='bbox 1158 1923 1255 1960; x_wconf 90' lang='lat' dir='ltr'>lium</span> <span class='ocrx_word' id='word_1_195' title='bbox 1274 1924 1299 1961; x_wconf 92' lang='lat' dir='ltr'>S</span> <span class='ocrx_word' id='word_1_196' title='bbox 1474 1930 1625 1979; x_wconf 45' lang='lat' dir='ltr'>2o·post</span> 
     </span>
    </p>
   </div>
   <div class='ocr_carea' id='block_1_4' title="bbox 130 1971 1624 2210">
    <p class='ocr_par' dir='ltr' id='par_1_4' title="bbox 130 1971 1624 2210">
     <span class='ocr_line' id='line_1_25' title="bbox 130 1971 1623 2019; baseline 0.001 -13"><span class='ocrx_word' id='word_1_197' title='bbox 130 1971 259 2007; x_wconf 79' lang='lat' dir='ltr'>Aaron</span> <span class='ocrx_word' id='word_1_198' title='bbox 274 1983 381 2007; x_wconf 69' lang='lat' dir='ltr'>erasa</span> <span class='ocrx_word' id='word_1_199' title='bbox 396 1976 483 2006; x_wconf 67' lang='lat' dir='ltr'>sunt</span> <span class='ocrx_word' id='word_1_200' title='bbox 497 1973 678 2019; x_wconf 77' lang='lat' dir='ltr'>quaedam</span> <span class='ocrx_word' id='word_1_201' title='bbox 696 1973 850 2018; x_wconf 75' lang='lat' dir='ltr'>(forsan</span> <span class='ocrx_word' id='word_1_202' title='bbox 869 1984 955 2008; x_wconf 92' lang='lat' dir='ltr'>cum</span> <span class='ocrx_word' id='word_1_203' title='bbox 972 1973 1083 2016; x_wconf 84' lang='lat' dir='ltr'>esset)</span> <span class='ocrx_word' id='word_1_204' title='bbox 1147 1986 1156 2015; x_wconf 85' lang='grc'><strong>;</strong></span> <span class='ocrx_word' id='word_1_205' title='bbox 1181 1974 1267 2008; x_wconf 82' lang='lat' dir='ltr'>add.</span> <span class='ocrx_word' id='word_1_206' title='bbox 1285 1971 1389 2009; x_wconf 86' lang='lat' dir='ltr'>uices</span> <span class='ocrx_word' id='word_1_207' title='bbox 1412 1984 1535 2019; x_wconf 74' lang='lat' dir='ltr'>moysi</span> <span class='ocrx_word' id='word_1_208' title='bbox 1557 1971 1623 2018; x_wconf 89' lang='lat' dir='ltr'>qui</span> 
     </span>
     <span class='ocr_line' id='line_1_26' title="bbox 131 2018 1624 2067; baseline 0 -11"><span class='ocrx_word' id='word_1_209' title='bbox 131 2020 216 2056; x_wconf 84' lang='lat' dir='ltr'>erat</span> <span class='ocrx_word' id='word_1_210' title='bbox 235 2018 270 2054; x_wconf 78' lang='lat' dir='ltr'>A</span> <span class='ocrx_word' id='word_1_211' title='bbox 286 2031 401 2064; x_wconf 78' lang='lat' dir='ltr'>mary.</span> <span class='ocrx_word' id='word_1_212' title='bbox 421 2018 489 2054; x_wconf 84' lang='lat' dir='ltr'>SM</span> <span class='ocrx_word' id='word_1_213' title='bbox 586 2031 674 2056; x_wconf 89' lang='lat' dir='ltr'>cum</span> <span class='ocrx_word' id='word_1_214' title='bbox 692 2022 791 2056; x_wconf 89' lang='lat' dir='ltr'>esset</span> <span class='ocrx_word' id='word_1_215' title='bbox 808 2033 876 2057; x_wconf 88' lang='lat' dir='ltr'>om.</span> <span class='ocrx_word' id='word_1_216' title='bbox 896 2020 964 2056; x_wconf 88' lang='lat' dir='ltr'>SM</span> <span class='ocrx_word' id='word_1_217' title='bbox 1064 2020 1212 2067; x_wconf 81' lang='lat' dir='ltr'>Moyses</span> <span class='ocrx_word' id='word_1_218' title='bbox 1236 2022 1401 2067; x_wconf 74' lang='lat' dir='ltr'>supplevi</span> <span class='ocrx_word' id='word_1_219' title='bbox 1503 2020 1624 2057; x_wconf 88' lang='lat' dir='ltr'>etiam</span> 
     </span>
     <span class='ocr_line' id='line_1_27' title="bbox 130 2066 1624 2114; baseline 0.001 -10"><span class='ocrx_word' id='word_1_220' title='bbox 130 2079 200 2104; x_wconf 79' lang='lat' dir='ltr'>om.</span> <span class='ocrx_word' id='word_1_221' title='bbox 221 2066 306 2102; x_wconf 79' lang='lat' dir='ltr'>BA:</span> <span class='ocrx_word' id='word_1_222' title='bbox 332 2069 372 2104; x_wconf 91' lang='lat' dir='ltr'>et</span> <span class='ocrx_word' id='word_1_223' title='bbox 389 2066 473 2103; x_wconf 85' lang='lat' dir='ltr'>S²M</span> <span class='ocrx_word' id='word_1_224' title='bbox 618 2078 661 2104; x_wconf 91' lang='lat'>21</span> <span class='ocrx_word' id='word_1_225' title='bbox 683 2073 769 2114; x_wconf 77' lang='lat' dir='ltr'>post</span> <span class='ocrx_word' id='word_1_226' title='bbox 785 2067 1017 2105; x_wconf 83' lang='lat' dir='ltr'>ministrasse</span> <span class='ocrx_word' id='word_1_227' title='bbox 1034 2071 1123 2105; x_wconf 82' lang='lat' dir='ltr'>add.</span> <span class='ocrx_word' id='word_1_228' title='bbox 1149 2067 1190 2104; x_wconf 91' lang='lat' dir='ltr'>Si</span> <span class='ocrx_word' id='word_1_229' title='bbox 1217 2068 1459 2105; x_wconf 85' lang='lat' dir='ltr'>moderniora</span> <span class='ocrx_word' id='word_1_230' title='bbox 1483 2068 1624 2105; x_wconf 88' lang='lat' dir='ltr'>deside-</span> 
     </span>
     <span class='ocr_line' id='line_1_28' title="bbox 130 2114 1624 2161; baseline 0.002 -11"><span class='ocrx_word' id='word_1_231' title='bbox 130 2117 269 2151; x_wconf 83' lang='lat' dir='ltr'>rantur</span> <span class='ocrx_word' id='word_1_232' title='bbox 295 2114 472 2161; x_wconf 86' lang='lat' dir='ltr'>exempla</span> <span class='ocrx_word' id='word_1_233' title='bbox 495 2115 664 2152; x_wconf 87' lang='lat' dir='ltr'>ualerius</span> <span class='ocrx_word' id='word_1_234' title='bbox 690 2115 888 2153; x_wconf 88' lang='lat' dir='ltr'>uincentio</span> <span class='ocrx_word' id='word_1_235' title='bbox 917 2116 1008 2154; x_wconf 85' lang='lat' dir='ltr'>fidei</span> <span class='ocrx_word' id='word_1_236' title='bbox 1034 2119 1074 2155; x_wconf 88' lang='lat' dir='ltr'>et</span> <span class='ocrx_word' id='word_1_237' title='bbox 1090 2128 1239 2154; x_wconf 89' lang='lat' dir='ltr'>morum</span> <span class='ocrx_word' id='word_1_238' title='bbox 1263 2119 1401 2153; x_wconf 87' lang='lat' dir='ltr'>auctor</span> <span class='ocrx_word' id='word_1_239' title='bbox 1426 2115 1558 2153; x_wconf 82' lang='lat' dir='ltr'>extitit</span> <span class='ocrx_word' id='word_1_240' title='bbox 1584 2119 1624 2154; x_wconf 89' lang='lat' dir='ltr'>et</span> 
     </span>
     <span class='ocr_line' id='line_1_29' title="bbox 130 2162 926 2210; baseline 0.001 -11"><span class='ocrx_word' id='word_1_241' title='bbox 130 2162 327 2209; x_wconf 86' lang='lat' dir='ltr'>exemplar</span> <span class='ocrx_word' id='word_1_242' title='bbox 344 2162 509 2199; x_wconf 84' lang='lat' dir='ltr'>martini</span> <span class='ocrx_word' id='word_1_243' title='bbox 525 2164 560 2198; x_wconf 90' lang='lat' dir='ltr'>A</span> <span class='ocrx_word' id='word_1_244' title='bbox 575 2176 691 2210; x_wconf 76' lang='lat' dir='ltr'>mary.</span> <span class='ocrx_word' id='word_1_245' title='bbox 709 2164 733 2200; x_wconf 91' lang='lat' dir='ltr'>S</span> <span class='ocrx_word' id='word_1_246' title='bbox 751 2177 868 2210; x_wconf 65' lang='lat' dir='ltr'>marg.</span> <span class='ocrx_word' id='word_1_247' title='bbox 886 2164 926 2200; x_wconf 88' lang='lat' dir='ltr'>M</span> 
     </span>
    </p>
   </div>
   <div class='ocr_carea' id='block_1_5' title="bbox 103 2272 1624 2947">
    <p class='ocr_par' dir='ltr' id='par_1_5' title="bbox 130 2272 1624 2424">
     <span class='ocr_line' id='line_1_30' title="bbox 181 2272 1624 2320; baseline 0 -10"><span class='ocrx_word' id='word_1_248' title='bbox 181 2283 214 2316; x_wconf 87' lang='lat'>1,</span> <span class='ocrx_word' id='word_1_249' title='bbox 242 2283 264 2309; x_wconf 86' lang='lat'>2</span> <span class='ocrx_word' id='word_1_250' title='bbox 294 2275 406 2310; x_wconf 80' lang='lat' dir='ltr'>odora</span> <span class='ocrx_word' id='word_1_251' title='bbox 438 2275 498 2309; x_wconf 71' lang='lat' dir='ltr'>uis</span> <span class='ocrx_word' id='word_1_252' title='bbox 522 2286 676 2309; x_wconf 80' lang='lat' dir='ltr'>canum:</span> <span class='ocrx_word' id='word_1_253' title='bbox 718 2286 752 2310; x_wconf 74' lang='lat' dir='ltr'>V.</span> <span class='ocrx_word' id='word_1_254' title='bbox 778 2273 892 2320; x_wconf 76' lang='lat' dir='ltr'>Verg.</span> <span class='ocrx_word' id='word_1_255' title='bbox 922 2276 1016 2309; x_wconf 79' lang='lat' dir='ltr'>Aen.</span> <span class='ocrx_word' id='word_1_256' title='bbox 1047 2272 1097 2310; x_wconf 91' lang='lat' dir='ltr'>iv.</span> <span class='ocrx_word' id='word_1_257' title='bbox 1130 2284 1210 2319; x_wconf 85' lang='lat'>132.</span> <span class='ocrx_word' id='word_1_258' title='bbox 1380 2284 1401 2310; x_wconf 88' lang='lat'>2</span> <span class='ocrx_word' id='word_1_259' title='bbox 1426 2276 1624 2319; x_wconf 75' lang='lat' dir='ltr'>formellas</span> 
     </span>
     <span class='ocr_line' id='line_1_31' title="bbox 130 2320 1619 2369; baseline 0.002 -13"><span class='ocrx_word' id='word_1_260' title='bbox 130 2322 315 2367; x_wconf 75' lang='lat' dir='ltr'>leporum:</span> <span class='ocrx_word' id='word_1_261' title='bbox 340 2320 486 2358; x_wconf 84' lang='lat' dir='ltr'>Eodem</span> <span class='ocrx_word' id='word_1_262' title='bbox 499 2333 612 2358; x_wconf 85' lang='lat' dir='ltr'>sensu</span> <span class='ocrx_word' id='word_1_263' title='bbox 624 2321 798 2368; x_wconf 89' lang='lat' dir='ltr'>leporum</span> <span class='ocrx_word' id='word_1_264' title='bbox 810 2321 979 2359; x_wconf 83' lang='lat' dir='ltr'>latebras</span> <span class='ocrx_word' id='word_1_265' title='bbox 985 2324 1110 2367; x_wconf 71' lang='lat' dir='ltr'>forme</span> <span class='ocrx_word' id='word_1_266' title='bbox 1120 2321 1236 2359; x_wconf 89' lang='lat' dir='ltr'>hodie</span> <span class='ocrx_word' id='word_1_267' title='bbox 1247 2321 1411 2369; x_wconf 87' lang='lat' dir='ltr'>Anglice</span> <span class='ocrx_word' id='word_1_268' title='bbox 1427 2334 1619 2359; x_wconf 82' lang='lat' dir='ltr'>vocamus.</span> 
     </span>
     <span class='ocr_line' id='line_1_32' title="bbox 133 2369 1619 2424; baseline 0.001 -18"><span class='ocrx_word' id='word_1_269' title='bbox 133 2379 176 2415; x_wconf 91' lang='lat'>13</span> <span class='ocrx_word' id='word_1_270' title='bbox 209 2370 427 2405; x_wconf 75' lang='lat' dir='ltr'>Ieremiam:</span> <span class='ocrx_word' id='word_1_271' title='bbox 464 2381 497 2405; x_wconf 88' lang='lat' dir='ltr'>v.</span> <span class='ocrx_word' id='word_1_272' title='bbox 530 2369 665 2406; x_wconf 88' lang='lat' dir='ltr'>Ierem.</span> <span class='ocrx_word' id='word_1_273' title='bbox 700 2369 727 2407; x_wconf 94' lang='lat' dir='ltr'>i.</span> <span class='ocrx_word' id='word_1_274' title='bbox 761 2379 781 2424; x_wconf 79' lang='grc'><strong>5</strong></span> <span class='ocrx_word' id='word_1_275' title='bbox 811 2382 918 2417; x_wconf 86' lang='lat' dir='ltr'>seqq.</span> <span class='ocrx_word' id='word_1_276' title='bbox 1012 2382 1287 2416; x_wconf 72' lang='lat' dir='ltr'>praecursorem</span> <span class='ocrx_word' id='word_1_277' title='bbox 1318 2372 1475 2407; x_wconf 79' lang='lat' dir='ltr'>Domini</span> <span class='ocrx_word' id='word_1_278' title='bbox 1491 2383 1499 2407; x_wconf 94' lang='lat'><strong>:</strong></span> <span class='ocrx_word' id='word_1_279' title='bbox 1542 2370 1568 2407; x_wconf 89' lang='lat' dir='ltr'>i.</span> <span class='ocrx_word' id='word_1_280' title='bbox 1585 2382 1619 2408; x_wconf 86' lang='lat' dir='ltr'>e.</span> 
     </span>
    </p>

    <p class='ocr_par' dir='ltr' id='par_1_6' title="bbox 103 2417 1621 2947">
     <span class='ocr_line' id='line_1_33' title="bbox 103 2417 1621 2465; baseline 0.001 -11"><span class='ocrx_word' id='word_1_281' title='bbox 103 2450 108 2454; x_wconf 84' lang='grc'><em>.</em></span> <span class='ocrx_word' id='word_1_282' title='bbox 130 2417 315 2454; x_wconf 84' lang='lat' dir='ltr'>Ioannem</span> <span class='ocrx_word' id='word_1_283' title='bbox 331 2417 575 2464; x_wconf 82' lang='lat' dir='ltr'>Baptistam;</span> <span class='ocrx_word' id='word_1_284' title='bbox 599 2430 634 2453; x_wconf 85' lang='lat' dir='ltr'>v.</span> <span class='ocrx_word' id='word_1_285' title='bbox 651 2417 740 2454; x_wconf 88' lang='lat' dir='ltr'>Luc.</span> <span class='ocrx_word' id='word_1_286' title='bbox 758 2430 786 2453; x_wconf 86' lang='lat'>1.</span> <span class='ocrx_word' id='word_1_287' title='bbox 809 2427 863 2465; x_wconf 81' lang='lat'>15.</span> <span class='ocrx_word' id='word_1_288' title='bbox 1011 2428 1055 2462; x_wconf 88' lang='lat'>14</span> <span class='ocrx_word' id='word_1_289' title='bbox 1079 2420 1240 2455; x_wconf 73' lang='lat' dir='ltr'>seniores</span> <span class='ocrx_word' id='word_1_290' title='bbox 1256 2420 1353 2455; x_wconf 86' lang='lat' dir='ltr'>etc.:</span> <span class='ocrx_word' id='word_1_291' title='bbox 1378 2430 1411 2454; x_wconf 86' lang='lat' dir='ltr'>v.</span> <span class='ocrx_word' id='word_1_292' title='bbox 1429 2417 1527 2456; x_wconf 89' lang='lat' dir='ltr'>Dan.</span> <span class='ocrx_word' id='word_1_293' title='bbox 1537 2431 1621 2456; x_wconf 84' lang='lat' dir='ltr'>xm.</span> 
     </span>
     <span class='ocr_line' id='line_1_34' title="bbox 128 2464 1620 2512; baseline 0.002 -11"><span class='ocrx_word' id='word_1_294' title='bbox 128 2474 175 2511; x_wconf 82' lang='lat'>45</span> <span class='ocrx_word' id='word_1_295' title='bbox 190 2477 294 2511; x_wconf 83' lang='lat' dir='ltr'>seqq.</span> <span class='ocrx_word' id='word_1_296' title='bbox 446 2470 488 2501; x_wconf 79' lang='lat'>10</span> <span class='ocrx_word' id='word_1_297' title='bbox 511 2467 710 2511; x_wconf 71' lang='lat' dir='ltr'>Apostolus</span> <span class='ocrx_word' id='word_1_298' title='bbox 724 2468 819 2502; x_wconf 66' lang='lat' dir='ltr'>ete:</span> <span class='ocrx_word' id='word_1_299' title='bbox 846 2478 878 2502; x_wconf 86' lang='lat' dir='ltr'>v.</span> <span class='ocrx_word' id='word_1_300' title='bbox 901 2476 917 2503; x_wconf 93' lang='lat'>1</span> <span class='ocrx_word' id='word_1_301' title='bbox 936 2464 1035 2502; x_wconf 85' lang='lat' dir='ltr'>Tim.</span> <span class='ocrx_word' id='word_1_302' title='bbox 1052 2465 1108 2502; x_wconf 88' lang='lat' dir='ltr'>iii.</span> <span class='ocrx_word' id='word_1_303' title='bbox 1126 2476 1171 2512; x_wconf 88' lang='lat'>2;</span> <span class='ocrx_word' id='word_1_304' title='bbox 1199 2467 1247 2503; x_wconf 83' lang='lat' dir='ltr'>cf.</span> <span class='ocrx_word' id='word_1_305' title='bbox 1265 2466 1339 2502; x_wconf 89' lang='lat' dir='ltr'>Tit.</span> <span class='ocrx_word' id='word_1_306' title='bbox 1355 2465 1382 2503; x_wconf 88' lang='lat' dir='ltr'>i.</span> <span class='ocrx_word' id='word_1_307' title='bbox 1401 2468 1436 2503; x_wconf 91' lang='lat'>6.</span> <span class='ocrx_word' id='word_1_308' title='bbox 1576 2468 1620 2504; x_wconf 90' lang='lat'>18</span> 
     </span>
     <span class='ocr_line' id='line_1_35' title="bbox 128 2513 1620 2561; baseline 0.002 -13"><span class='ocrx_word' id='word_1_309' title='bbox 128 2514 315 2549; x_wconf 73' lang='lat' dir='ltr'>Iohannes</span> <span class='ocrx_word' id='word_1_310' title='bbox 330 2525 354 2548; x_wconf 86' lang='lat' dir='ltr'>a</span> <span class='ocrx_word' id='word_1_311' title='bbox 371 2514 515 2551; x_wconf 72' lang='lat' dir='ltr'>nuntiis</span> <span class='ocrx_word' id='word_1_312' title='bbox 532 2515 625 2549; x_wconf 62' lang='lat' dir='ltr'>etc:</span> <span class='ocrx_word' id='word_1_313' title='bbox 652 2526 686 2549; x_wconf 86' lang='lat' dir='ltr'>v.</span> <span class='ocrx_word' id='word_1_314' title='bbox 699 2513 847 2550; x_wconf 88' lang='lat' dir='ltr'>Abdiae</span> <span class='ocrx_word' id='word_1_315' title='bbox 865 2515 991 2559; x_wconf 79' lang='lat' dir='ltr'>Apost.</span> <span class='ocrx_word' id='word_1_316' title='bbox 1007 2515 1107 2550; x_wconf 58' lang='lat' dir='ltr'>Hie.</span> <span class='ocrx_word' id='word_1_317' title='bbox 1130 2526 1194 2560; x_wconf 88' lang='lat' dir='ltr'>ap.</span> <span class='ocrx_word' id='word_1_318' title='bbox 1210 2513 1359 2550; x_wconf 85' lang='lat' dir='ltr'>Fabric.</span> <span class='ocrx_word' id='word_1_319' title='bbox 1382 2515 1466 2551; x_wconf 80' lang='lat' dir='ltr'>Cod.</span> <span class='ocrx_word' id='word_1_320' title='bbox 1484 2516 1620 2561; x_wconf 74' lang='lat' dir='ltr'>Apocr.</span> 
     </span>
     <span class='ocr_line' id='line_1_36' title="bbox 128 2559 1621 2610; baseline 0.001 -13"><span class='ocrx_word' id='word_1_321' title='bbox 128 2562 176 2597; x_wconf 83' lang='lat' dir='ltr'>N.</span> <span class='ocrx_word' id='word_1_322' title='bbox 197 2562 239 2598; x_wconf 81' lang='lat' dir='ltr'>T.</span> <span class='ocrx_word' id='word_1_323' title='bbox 255 2560 297 2597; x_wconf 89' lang='lat' dir='ltr'>ii.</span> <span class='ocrx_word' id='word_1_324' title='bbox 313 2572 351 2607; x_wconf 87' lang='lat' dir='ltr'>p.</span> <span class='ocrx_word' id='word_1_325' title='bbox 372 2562 454 2607; x_wconf 83' lang='lat'>585.</span> <span class='ocrx_word' id='word_1_326' title='bbox 503 2559 561 2597; x_wconf 91' lang='lat' dir='ltr'>De</span> <span class='ocrx_word' id='word_1_327' title='bbox 578 2560 762 2608; x_wconf 90' lang='lat' dir='ltr'>opinione</span> <span class='ocrx_word' id='word_1_328' title='bbox 788 2561 822 2598; x_wconf 90' lang='lat' dir='ltr'>S.</span> <span class='ocrx_word' id='word_1_329' title='bbox 852 2561 1035 2598; x_wconf 86' lang='lat' dir='ltr'>Ioannem</span> <span class='ocrx_word' id='word_1_330' title='bbox 1061 2561 1176 2599; x_wconf 86' lang='lat' dir='ltr'>fuisse</span> <span class='ocrx_word' id='word_1_331' title='bbox 1199 2573 1380 2608; x_wconf 83' lang='lat' dir='ltr'>sponsum</span> <span class='ocrx_word' id='word_1_332' title='bbox 1405 2562 1447 2598; x_wconf 90' lang='lat' dir='ltr'>in</span> <span class='ocrx_word' id='word_1_333' title='bbox 1473 2562 1621 2610; x_wconf 85' lang='lat' dir='ltr'>nuptiis</span> 
     </span>
     <span class='ocr_line' id='line_1_37' title="bbox 129 2608 1620 2657; baseline 0.001 -11"><span class='ocrx_word' id='word_1_334' title='bbox 129 2608 259 2646; x_wconf 84' lang='lat' dir='ltr'>Canae</span> <span class='ocrx_word' id='word_1_335' title='bbox 270 2608 408 2655; x_wconf 84' lang='lat' dir='ltr'>quibus</span> <span class='ocrx_word' id='word_1_336' title='bbox 418 2608 592 2645; x_wconf 84' lang='lat' dir='ltr'>Christus</span> <span class='ocrx_word' id='word_1_337' title='bbox 604 2611 665 2656; x_wconf 83' lang='lat' dir='ltr'>(ut</span> <span class='ocrx_word' id='word_1_338' title='bbox 674 2613 854 2646; x_wconf 84' lang='lat' dir='ltr'>narratur</span> <span class='ocrx_word' id='word_1_339' title='bbox 862 2622 922 2657; x_wconf 87' lang='lat' dir='ltr'>ap.</span> <span class='ocrx_word' id='word_1_340' title='bbox 933 2608 1118 2646; x_wconf 85' lang='lat' dir='ltr'>Ioann.ii.</span> <span class='ocrx_word' id='word_1_341' title='bbox 1127 2614 1164 2656; x_wconf 83' lang='grc'>2)</span> <span class='ocrx_word' id='word_1_342' title='bbox 1178 2610 1370 2652; x_wconf 78' lang='lat' dir='ltr'>interfuit,</span> <span class='ocrx_word' id='word_1_343' title='bbox 1380 2623 1414 2646; x_wconf 90' lang='lat' dir='ltr'>v.</span> <span class='ocrx_word' id='word_1_344' title='bbox 1428 2610 1620 2657; x_wconf 81' lang='lat' dir='ltr'>Haymon.</span> 
     </span>
     <span class='ocr_line' id='line_1_38' title="bbox 128 2656 1616 2705; baseline 0.001 -11"><span class='ocrx_word' id='word_1_345' title='bbox 128 2658 236 2694; x_wconf 85' lang='lat' dir='ltr'>Hom.</span> <span class='ocrx_word' id='word_1_346' title='bbox 253 2659 298 2693; x_wconf 81' lang='lat' dir='ltr'>de</span> <span class='ocrx_word' id='word_1_347' title='bbox 323 2658 494 2703; x_wconf 82' lang='lat' dir='ltr'>Tempore</span> <span class='ocrx_word' id='word_1_348' title='bbox 516 2656 619 2693; x_wconf 86' lang='lat' dir='ltr'>xviii.</span> <span class='ocrx_word' id='word_1_349' title='bbox 639 2657 682 2693; x_wconf 88' lang='lat' dir='ltr'>in</span> <span class='ocrx_word' id='word_1_350' title='bbox 707 2657 819 2694; x_wconf 90' lang='lat' dir='ltr'>Dom.</span> <span class='ocrx_word' id='word_1_351' title='bbox 835 2657 879 2693; x_wconf 91' lang='lat' dir='ltr'>ii.</span> <span class='ocrx_word' id='word_1_352' title='bbox 900 2660 987 2704; x_wconf 87' lang='lat' dir='ltr'>post</span> <span class='ocrx_word' id='word_1_353' title='bbox 1011 2657 1153 2705; x_wconf 77' lang='lat' dir='ltr'>Epiph.</span> <span class='ocrx_word' id='word_1_354' title='bbox 1178 2657 1326 2705; x_wconf 87' lang='lat' dir='ltr'>(Migne</span> <span class='ocrx_word' id='word_1_355' title='bbox 1347 2660 1390 2694; x_wconf 92' lang='lat' dir='ltr'>P.</span> <span class='ocrx_word' id='word_1_356' title='bbox 1416 2660 1460 2695; x_wconf 90' lang='lat' dir='ltr'>L.</span> <span class='ocrx_word' id='word_1_357' title='bbox 1489 2658 1616 2695; x_wconf 85' lang='lat' dir='ltr'>cxviii.</span> 
     </span>
     <span class='ocr_line' id='line_1_39' title="bbox 121 2704 1618 2754; baseline 0.002 -13"><span class='ocrx_word' id='word_1_358' title='bbox 121 2706 215 2751; x_wconf 61' lang='lat'>136)</span> <span class='ocrx_word' id='word_1_359' title='bbox 233 2718 242 2747; x_wconf 89' lang='lat'>;</span> <span class='ocrx_word' id='word_1_360' title='bbox 267 2704 426 2751; x_wconf 84' lang='lat' dir='ltr'>Rupert.</span> <span class='ocrx_word' id='word_1_361' title='bbox 439 2704 539 2741; x_wconf 78' lang='lat' dir='ltr'>Tuit.</span> <span class='ocrx_word' id='word_1_362' title='bbox 558 2704 600 2740; x_wconf 90' lang='lat' dir='ltr'>in</span> <span class='ocrx_word' id='word_1_363' title='bbox 620 2705 752 2742; x_wconf 86' lang='lat' dir='ltr'>Ioann.</span> <span class='ocrx_word' id='word_1_364' title='bbox 769 2705 809 2741; x_wconf 88' lang='lat' dir='ltr'>ii.</span> <span class='ocrx_word' id='word_1_365' title='bbox 826 2716 864 2742; x_wconf 88' lang='lat'>11</span> <span class='ocrx_word' id='word_1_366' title='bbox 881 2705 1028 2753; x_wconf 84' lang='lat' dir='ltr'>(Migne</span> <span class='ocrx_word' id='word_1_367' title='bbox 1045 2708 1086 2742; x_wconf 90' lang='lat' dir='ltr'>P.</span> <span class='ocrx_word' id='word_1_368' title='bbox 1099 2707 1144 2742; x_wconf 91' lang='lat' dir='ltr'>L.</span> <span class='ocrx_word' id='word_1_369' title='bbox 1162 2705 1277 2743; x_wconf 82' lang='lat' dir='ltr'>clxix.</span> <span class='ocrx_word' id='word_1_370' title='bbox 1295 2706 1382 2752; x_wconf 89' lang='lat'><strong>284)</strong></span> <span class='ocrx_word' id='word_1_371' title='bbox 1398 2717 1407 2747; x_wconf 92' lang='lat'>;</span> <span class='ocrx_word' id='word_1_372' title='bbox 1433 2706 1483 2743; x_wconf 84' lang='lat' dir='ltr'>cf.</span> <span class='ocrx_word' id='word_1_373' title='bbox 1497 2706 1618 2754; x_wconf 84' lang='lat' dir='ltr'>Bayle</span> 
     </span>
     <span class='ocr_line' id='line_1_40' title="bbox 127 2753 1616 2802; baseline 0.002 -13"><span class='ocrx_word' id='word_1_374' title='bbox 127 2754 288 2790; x_wconf 66' lang='lat' dir='ltr'>Dte-tion.</span> <span class='ocrx_word' id='word_1_375' title='bbox 307 2765 335 2788; x_wconf 83' lang='lat' dir='ltr'>s.</span> <span class='ocrx_word' id='word_1_376' title='bbox 346 2765 379 2789; x_wconf 86' lang='lat' dir='ltr'>v.</span> <span class='ocrx_word' id='word_1_377' title='bbox 397 2754 448 2789; x_wconf 75' lang='lat' dir='ltr'>St.</span> <span class='ocrx_word' id='word_1_378' title='bbox 465 2754 563 2788; x_wconf 84' lang='lat' dir='ltr'>Jean</span> <span class='ocrx_word' id='word_1_379' title='bbox 580 2753 638 2790; x_wconf 88' lang='lat' dir='ltr'>ed.</span> <span class='ocrx_word' id='word_1_380' title='bbox 662 2762 752 2798; x_wconf 88' lang='lat'>1702</span> <span class='ocrx_word' id='word_1_381' title='bbox 770 2753 810 2789; x_wconf 90' lang='lat' dir='ltr'>ii.</span> <span class='ocrx_word' id='word_1_382' title='bbox 827 2765 865 2800; x_wconf 88' lang='lat' dir='ltr'>p.</span> <span class='ocrx_word' id='word_1_383' title='bbox 888 2755 990 2799; x_wconf 85' lang='lat'>1636,</span> <span class='ocrx_word' id='word_1_384' title='bbox 1010 2753 1156 2790; x_wconf 88' lang='lat' dir='ltr'>Fabric.</span> <span class='ocrx_word' id='word_1_385' title='bbox 1174 2756 1256 2790; x_wconf 88' lang='lat' dir='ltr'>not.</span> <span class='ocrx_word' id='word_1_386' title='bbox 1275 2754 1324 2790; x_wconf 86' lang='lat' dir='ltr'>ad</span> <span class='ocrx_word' id='word_1_387' title='bbox 1336 2754 1409 2791; x_wconf 92' lang='lat' dir='ltr'>loc.</span> <span class='ocrx_word' id='word_1_388' title='bbox 1424 2766 1538 2802; x_wconf 83' lang='lat' dir='ltr'>supra</span> <span class='ocrx_word' id='word_1_389' title='bbox 1551 2756 1616 2792; x_wconf 85' lang='lat' dir='ltr'>cit.</span> 
     </span>
     <span class='ocr_line' id='line_1_41' title="bbox 129 2800 1619 2848; baseline 0.002 -11"><span class='ocrx_word' id='word_1_390' title='bbox 129 2811 177 2837; x_wconf 82' lang='lat'>20</span> <span class='ocrx_word' id='word_1_391' title='bbox 192 2802 323 2838; x_wconf 77' lang='lat' dir='ltr'>Aaron</span> <span class='ocrx_word' id='word_1_392' title='bbox 339 2803 436 2838; x_wconf 85' lang='lat' dir='ltr'>etc.:</span> <span class='ocrx_word' id='word_1_393' title='bbox 461 2813 495 2836; x_wconf 86' lang='lat' dir='ltr'>v.</span> <span class='ocrx_word' id='word_1_394' title='bbox 512 2800 631 2838; x_wconf 83' lang='lat' dir='ltr'>Exod.</span> <span class='ocrx_word' id='word_1_395' title='bbox 648 2800 697 2838; x_wconf 81' lang='lat' dir='ltr'>iv.</span> <span class='ocrx_word' id='word_1_396' title='bbox 719 2812 764 2838; x_wconf 92' lang='lat'>10</span> <span class='ocrx_word' id='word_1_397' title='bbox 775 2813 882 2848; x_wconf 82' lang='lat' dir='ltr'>seqq.</span> <span class='ocrx_word' id='word_1_398' title='bbox 1021 2812 1064 2838; x_wconf 91' lang='lat'>21</span> <span class='ocrx_word' id='word_1_399' title='bbox 1095 2803 1187 2848; x_wconf 85' lang='lat' dir='ltr'>(var.</span> <span class='ocrx_word' id='word_1_400' title='bbox 1205 2802 1312 2846; x_wconf 89' lang='lat' dir='ltr'>lect.)</span> <span class='ocrx_word' id='word_1_401' title='bbox 1338 2804 1507 2839; x_wconf 75' lang='lat' dir='ltr'>Valerius</span> <span class='ocrx_word' id='word_1_402' title='bbox 1521 2805 1619 2840; x_wconf 88' lang='lat' dir='ltr'>etc.:</span> 
     </span>
     <span class='ocr_line' id='line_1_42' title="bbox 127 2847 1618 2898; baseline 0.001 -13"><span class='ocrx_word' id='word_1_403' title='bbox 127 2847 185 2886; x_wconf 90' lang='lat' dir='ltr'>De</span> <span class='ocrx_word' id='word_1_404' title='bbox 214 2848 277 2885; x_wconf 91' lang='lat' dir='ltr'>SS.</span> <span class='ocrx_word' id='word_1_405' title='bbox 303 2848 458 2886; x_wconf 86' lang='lat' dir='ltr'>Valerio</span> <span class='ocrx_word' id='word_1_406' title='bbox 487 2851 527 2886; x_wconf 87' lang='lat' dir='ltr'>et</span> <span class='ocrx_word' id='word_1_407' title='bbox 549 2849 757 2887; x_wconf 86' lang='lat' dir='ltr'>Vincentio</span> <span class='ocrx_word' id='word_1_408' title='bbox 782 2862 815 2886; x_wconf 82' lang='lat' dir='ltr'>v.</span> <span class='ocrx_word' id='word_1_409' title='bbox 841 2852 921 2887; x_wconf 77' lang='lat' dir='ltr'>Act.</span> <span class='ocrx_word' id='word_1_410' title='bbox 946 2851 1010 2887; x_wconf 87' lang='lat' dir='ltr'>SS.</span> <span class='ocrx_word' id='word_1_411' title='bbox 1036 2849 1118 2886; x_wconf 88' lang='lat' dir='ltr'>Ian.</span> <span class='ocrx_word' id='word_1_412' title='bbox 1145 2860 1192 2886; x_wconf 87' lang='lat'>22</span> <span class='ocrx_word' id='word_1_413' title='bbox 1218 2850 1315 2896; x_wconf 71' lang='lat' dir='ltr'>(Ian.</span> <span class='ocrx_word' id='word_1_414' title='bbox 1340 2849 1381 2887; x_wconf 86' lang='lat' dir='ltr'>ii.</span> <span class='ocrx_word' id='word_1_415' title='bbox 1409 2861 1480 2897; x_wconf 86' lang='lat'>394</span> <span class='ocrx_word' id='word_1_416' title='bbox 1496 2854 1618 2898; x_wconf 82' lang='lat' dir='ltr'>seqq.)</span> 
     </span>
     <span class='ocr_line' id='line_1_43' title="bbox 127 2895 1619 2947; baseline 0.002 -14"><span class='ocrx_word' id='word_1_417' title='bbox 127 2895 196 2934; x_wconf 86' lang='lat' dir='ltr'>ubi</span> <span class='ocrx_word' id='word_1_418' title='bbox 213 2897 378 2946; x_wconf 82' lang='lat' dir='ltr'>legitur:</span> <span class='ocrx_word' id='word_1_419' title='bbox 412 2896 449 2934; x_wconf 90' lang='lat' dir='ltr'>S.</span> <span class='ocrx_word' id='word_1_420' title='bbox 467 2897 645 2935; x_wconf 80' lang='lat' dir='ltr'>Valerius</span> <span class='ocrx_word' id='word_1_421' title='bbox 668 2897 996 2946; x_wconf 81' lang='lat' dir='ltr'>Caesaraugustae</span> <span class='ocrx_word' id='word_1_422' title='bbox 1024 2897 1155 2945; x_wconf 81' lang='lat' dir='ltr'>(hodie</span> <span class='ocrx_word' id='word_1_423' title='bbox 1172 2897 1391 2947; x_wconf 81' lang='lat' dir='ltr'>Saragossa)</span> <span class='ocrx_word' id='word_1_424' title='bbox 1415 2898 1619 2947; x_wconf 81' lang='lat' dir='ltr'>episcopus</span> 
     </span>
    </p>
   </div>
   <div class='ocr_carea' id='block_1_6' title="bbox 1432 2978 1508 3017">
    <p class='ocr_par' dir='ltr' id='par_1_7' title="bbox 1432 2978 1508 3017">
     <span class='ocr_line' id='line_1_44' title="bbox 1432 2978 1508 3017; baseline -0.026 -9"><span class='ocrx_word' id='word_1_425' title='bbox 1432 2978 1508 3017; x_wconf 68' lang='lat'>‘¹⁷5</span> 
     </span>
    </p>
   </div>
  </div>
 </body>
</html>
