1846 3262
61 209 150 250 800
171 218 201 250 a
551 205 813 250 IOANNIS
854 205 1375 252 SARESBERIENSIS
1483 209 1596 267 [mn.
1609 219 1702 254 vm

216 343 305 387 quo
335 328 456 372 facto
487 329 669 385 repente
704 327 912 371 demones
947 328 1277 386 disparuerunt.
1354 329 1514 387 Magus
1548 330 1702 388 itaque

214 398 361 455 coepit
380 398 559 455 culpare
580 398 808 441 Iulianum
826 412 836 451 ;
866 401 914 441 at
934 398 1021 450 ille,
1037 398 1334 456 praetendens
1354 401 1538 451 metum,
1558 399 1702 443 crucis

214 483 261 513 se
282 468 400 511 dixit
420 467 703 524 obstupuisse
722 467 953 519 uirtutem,
973 483 1025 512 eo
1045 468 1165 526 quod
1189 468 1368 526 signum
1390 469 1472 511 hoc
1493 469 1702 514 demones

215 538 429 596 fugerint.
491 537 596 580 Non
616 537 853 594 suspiceris
879 537 973 588 hoc,
993 538 1108 581 bone
1128 538 1212 590 uir,
1233 538 1384 595 inquit
1403 552 1574 596 magus,
1594 538 1701 596 quia

212 607 449 651 timuerint
473 607 590 650 sicut
614 607 692 659 ais,
713 607 790 650 sed
811 607 1090 651 abhominati
1117 609 1199 652 hoc
1224 608 1403 666 signum
1423 609 1574 666 potius
1601 610 1699 653 abs·
1718 626 1738 663 5

208 679 452 721 cesserunt.
495 676 554 719 Et
573 676 640 720 ita
660 677 838 734 capiens
854 677 1081 730 miserum,
1095 677 1198 721 odio
1213 677 1460 722 Christiani
1480 671 1699 736 signaculi

211 747 404 805 repleuit
436 747 677 792 Iulianum.
737 747 843 790 Post
877 748 997 798 haec,
1033 747 1151 791 sicut
1186 748 1392 792 Socrates
1427 752 1584 793 auctor
1618 753 1700 803 est,

211 818 467 875 imperator,
497 831 688 860 euocans
718 816 959 870 Iulianum,
990 832 1092 860 eum
1123 817 1359 862 constituit
1389 817 1608 869 cesarem,
1640 821 1698 870 et,

211 888 320 931 data
346 902 495 931 sorore
520 887 788 931 Constantia
817 887 865 930 in
894 902 1093 939 uxorem,
1121 887 1269 945 ipsum
1298 890 1455 931 contra
1484 888 1699 932 barbaros

210 958 459 1001 destinauit
498 957 555 1000 ad
595 957 775 1001 Gallias.
857 957 1079 1001 Successit
1128 972 1235 1015 ergo
1275 958 1315 1001 ei
1366 957 1562 1016 fecitque
1610 959 1696 1003 sibi
1718 974 1761 1000 ιο

211 1028 392 1071 initium
406 1028 615 1071 uincendi
636 1028 861 1080 barbaros,
878 1027 998 1085 quod
1019 1042 1216 1071 amorem
1237 1042 1368 1071 suum
1388 1029 1510 1086 apud
1530 1029 1697 1073 milites

161 1102 190 1141 b
210 1098 455 1142 collocauit.
515 1098 679 1141 Fertur
708 1098 845 1141 etiam
875 1097 1006 1155 quod,
1031 1097 1138 1141 dum
1169 1097 1218 1140 in
1244 1097 1442 1155 aliquam
1465 1098 1696 1142 ciuitatem

209 1167 370 1211 fuisset
419 1168 657 1226 ingressus,
707 1182 870 1212 corona
918 1167 1083 1219 laurea,
1134 1167 1296 1225 quibus
1345 1168 1491 1212 solent
1545 1168 1695 1212 ornari

206 1238 426 1290 ciuitates,
446 1238 566 1281 inter
594 1238 824 1281 columnas
854 1237 1064 1295 pendens,
1092 1241 1226 1296 rupto
1257 1237 1366 1282 fune
1395 1253 1530 1296 super
1559 1241 1696 1296 caput

204 1308 302 1351 >eius
323 1308 488 1352 decidit
512 1322 702 1365 eumque
722 1307 952 1365 aptissime
972 1307 1218 1352 coronauit.
1279 1307 1378 1361 Quo
1399 1307 1520 1352 facto
1544 1307 1694 1351 cuncti
1715 1321 1755 1356 1⁵

206 1378 517 1421 clamauerunt
547 1377 653 1435 quia
685 1377 726 1420 ei
765 1377 945 1436 signum
975 1376 1095 1420 foret
1123 1377 1314 1435 imperii.
1390 1377 1694 1436 Congrediens

206 1448 367 1492 deinde
397 1462 498 1492 cum
533 1447 739 1491 hostibus
773 1450 903 1490 tanta
938 1446 1155 1491 felicitate
1187 1450 1426 1505 prouectus
1466 1450 1534 1491 est
1573 1450 1626 1491 ut
1665 1463 1693 1491 a

205 1519 425 1562 militibus
455 1518 758 1576 appellaretur
787 1518 1032 1576 Augustus.
1094 1518 1297 1577 Cumque
1327 1534 1490 1563 corona
1520 1518 1693 1562 deesset

205 1589 462 1647 imperialis,
485 1603 603 1632 unus
629 1588 759 1646 signa
785 1588 1065 1646 portantium
1092 1591 1310 1646 torquem,
1331 1603 1464 1646 quem
1485 1588 1692 1639 habebat,

205 1660 342 1718 capiti
363 1659 459 1703 eius
482 1658 825 1716 circumposuit;
854 1661 901 1702 et
924 1659 1007 1703 hoc
1033 1659 1165 1702 modo
1189 1658 1337 1703 factus
1357 1662 1427 1702 est
1446 1659 1692 1716 imperator
1711 1676 1752 1700 20

204 1730 418 1774 Iulianus.
499 1729 625 1783 Quae
664 1743 772 1772 uero
820 1732 976 1786 postea
1023 1729 1213 1787 gesserit
1260 1729 1337 1772 ille
1385 1729 1689 1787 philosophus,

203 1800 403 1843 iudicent
421 1799 667 1843 audientes.
726 1798 846 1842 Nam
867 1799 915 1842 in
934 1799 1031 1856 ipso
1050 1799 1270 1857 principio
1289 1799 1440 1843 omnia
1459 1814 1541 1857 pro
1560 1800 1690 1844 libito

202 1870 468 1927 disponebat
494 1869 847 1927 figmentumque
879 1868 1164 1914 Christianae
1196 1869 1424 1928 religionis
1451 1870 1615 1914 abiecit
1642 1874 1688 1915 et

160 1953 185 1982 e
203 1940 482 1998 singularum
505 1939 687 1982 urbium
713 1938 882 1997 templa
908 1939 1112 1997 aperiens
1137 1939 1268 1983 idolis
1288 1940 1513 1995 offerebat,
1535 1940 1688 1985 dicens

201 2010 396 2068 seipsum
410 2025 503 2053 esse
519 2009 773 2067 pontificem
794 2024 1085 2068 paganorum.
1143 2010 1367 2054 Intestino
1380 2025 1556 2069 quoque
1571 2011 1688 2055 bello
1707 2030 1750 2066 ²5

201 2081 438 2124 lacerasset
464 2079 716 2137 imperium,
738 2079 825 2122 nisi
856 2079 897 2123 ei
927 2079 1108 2138 degenti
1136 2079 1183 2122 in
1207 2080 1366 2124 Tracia
1386 2079 1547 2124 fuisset
1567 2095 1687 2124 mors

201 2151 484 2208 imperatoris
516 2149 770 2194 Constantii
797 2149 1019 2193 nuntiata.
1079 2150 1143 2194 Vt
1169 2165 1277 2194 uero
1305 2150 1508 2194 fauorem
1535 2151 1685 2195 multi-

201 2221 373 2265 tudinis
412 2220 497 2264 sibi
541 2220 808 2271 conciliaret,
850 2220 921 2263 ius
966 2220 1052 2263 sibi
1091 2220 1410 2279 praeferendae
1458 2221 1688 2280 religionis

200 2291 408 2335 omnibus
427 2290 704 2348 indulgebat.
755 2290 978 2334 Studebat
997 2290 1054 2334 ob
1075 2291 1158 2335 hoc
1178 2291 1385 2334 omnibus
1405 2292 1557 2335 omnia
1577 2292 1686 2336 fieri.

201 2361 321 2404 Hinc
341 2376 485 2404 uanae
511 2361 681 2418 gloriae
709 2375 844 2404 causa
862 2360 1027 2418 largus,
1047 2361 1151 2405 hinc
1172 2361 1380 2404 affectata
1399 2361 1684 2406 simulatione
1703 2376 1748 2413 30

199 2431 452 2489 philosophi
502 2445 674 2487 parcu8‚
715 2430 818 2474 hinc
858 2446 886 2473 a
924 2431 1145 2474 ciuilitate
1183 2431 1344 2474 fictitia
1392 2431 1541 2482 comis,
1580 2431 1685 2475 hinc

199 2501 353 2558 grauis
387 2516 415 2543 a
446 2500 562 2543 mole
592 2500 769 2557 imperii
801 2503 858 2551 et,
887 2501 1006 2557 quod
1040 2501 1235 2545 maxime
1268 2503 1375 2552 erat,
1405 2516 1462 2544 ne
1493 2501 1686 2545 crudelis

200 2571 442 2614 haberetur
480 2570 869 2613 mansuetudinem
905 2570 1217 2614 mentiebatur.
1293 2570 1504 2614 Ceterum
1539 2570 1685 2628 qualis

201 2697 220 2734 5
248 2686 461 2724 abominati
476 2686 510 2723 A
675 2684 809 2732 pocius
827 2685 979 2732 signum
995 2685 1073 2724 c¹A
1267 2697 1311 2732 14
1336 2686 1563 2733 columpnas
1580 2685 1683 2723 ΑΒΜ

198 2736 322 2782 capud
339 2735 372 2771 A
507 2744 551 2780 ¹9
575 2735 802 2780 portantum
819 2733 886 2770 SM
1030 2744 1076 2780 24
1099 2734 1225 2782 ydolis
1243 2734 1304 2772 CB
1401 2734 1605 2772 offeri-ebat
1621 2733 1682 2771 CB

199 2793 220 2818 2
227 2793 244 2829 5
272 2794 509 2829 paganorum
528 2781 751 2828 pontificem
769 2782 803 2818 A

246 2899 292 2934 29
317 2890 483 2925 omnibus
500 2890 625 2926 omnia
634 2890 748 2936 fieri:
774 2900 806 2925 v.
827 2898 841 2925 1
865 2887 948 2925 Cor.
967 2887 1018 2925 ix.
1037 2898 1092 2926 22.

305 2962 373 3004 384
