<?xml version="1.0" encoding="UTF-8"?>
<!DOCTYPE html PUBLIC "-//W3C//DTD XHTML 1.0 Transitional//EN"
    "http://www.w3.org/TR/xhtml1/DTD/xhtml1-transitional.dtd">
<html xmlns="http://www.w3.org/1999/xhtml" xml:lang="en" lang="en">
 <head>
  <title>
</title>
<meta http-equiv="Content-Type" content="text/html;charset=utf-8" />
  <meta name='ocr-system' content='tesseract 3.04.00' />
  <meta name='ocr-capabilities' content='ocr_page ocr_carea ocr_par ocr_line ocrx_word'/>
</head>
<body>
  <div class='ocr_page' id='page_1' title='image "./ioannissaresberi02johnuoft_0440.png"; bbox 0 0 1846 3262; ppageno 0'>
   <div class='ocr_carea' id='block_1_1' title="bbox 813 184 1197 231">
    <p class='ocr_par' dir='ltr' id='par_1_1' title="bbox 813 184 1197 231">
     <span class='ocr_line' id='line_1_1' title="bbox 813 184 1197 231; baseline -0.005 -1"><span class='ocrx_word' id='word_1_1' title='bbox 813 184 1131 231; x_wconf 91' lang='lat' dir='ltr'><strong>APPENDIX</strong></span> <span class='ocrx_word' id='word_1_2' title='bbox 1171 184 1197 228; x_wconf 96' lang='lat' dir='ltr'>I</span> 
     </span>
    </p>
   </div>
   <div class='ocr_carea' id='block_1_2' title="bbox 284 299 1739 411">
    <p class='ocr_par' dir='ltr' id='par_1_2' title="bbox 284 299 1739 411">
     <span class='ocr_line' id='line_1_2' title="bbox 284 299 1739 350; baseline -0.004 -8"><span class='ocrx_word' id='word_1_3' title='bbox 284 306 317 342; x_wconf 90' lang='lat'>8.</span> <span class='ocrx_word' id='word_1_4' title='bbox 345 305 442 350; x_wconf 80' lang='lat' dir='ltr'>Quid</span> <span class='ocrx_word' id='word_1_5' title='bbox 450 304 636 350; x_wconf 74' lang='lat' dir='ltr'>siqnificat</span> <span class='ocrx_word' id='word_1_6' title='bbox 648 302 835 346; x_wconf 73' lang='lat' dir='ltr'>abraham,</span> <span class='ocrx_word' id='word_1_7' title='bbox 847 303 937 349; x_wconf 74' lang='lat' dir='ltr'>quid</span> <span class='ocrx_word' id='word_1_8' title='bbox 944 302 1067 347; x_wconf 79' lang='lat' dir='ltr'>filius,</span> <span class='ocrx_word' id='word_1_9' title='bbox 1081 302 1170 347; x_wconf 78' lang='lat' dir='ltr'>quid</span> <span class='ocrx_word' id='word_1_10' title='bbox 1180 301 1289 344; x_wconf 70' lang='lat' dir='ltr'>serui,</span> <span class='ocrx_word' id='word_1_11' title='bbox 1302 301 1392 348; x_wconf 77' lang='lat' dir='ltr'><strong><em>quid</em></strong></span> <span class='ocrx_word' id='word_1_12' title='bbox 1403 301 1542 337; x_wconf 78' lang='lat' dir='ltr'>asinus.</span> <span class='ocrx_word' id='word_1_13' title='bbox 1586 299 1739 338; x_wconf 87' lang='lat' dir='ltr'>Patrem</span> 
     </span>
     <span class='ocr_line' id='line_1_3' title="bbox 379 359 1738 411; baseline -0.001 -12"><span class='ocrx_word' id='word_1_14' title='bbox 379 363 571 411; x_wconf 84' lang='lat' dir='ltr'>significat</span> <span class='ocrx_word' id='word_1_15' title='bbox 596 361 834 408; x_wconf 80' lang='lat' dir='ltr'><strong><em>habraham3</em></strong></span> <span class='ocrx_word' id='word_1_16' title='bbox 869 372 937 397; x_wconf 88' lang='lat' dir='ltr'>sua</span> <span class='ocrx_word' id='word_1_17' title='bbox 961 359 1121 397; x_wconf 90' lang='lat' dir='ltr'>uictima</span> <span class='ocrx_word' id='word_1_18' title='bbox 1148 359 1357 403; x_wconf 77' lang='lat' dir='ltr'>christum3</span> <span class='ocrx_word' id='word_1_19' title='bbox 1395 374 1432 389; x_wconf 90' lang='lat'>=</span> <span class='ocrx_word' id='word_1_20' title='bbox 1447 359 1514 396; x_wconf 91' lang='lat' dir='ltr'>Bo.</span> <span class='ocrx_word' id='word_1_21' title='bbox 1546 359 1615 397; x_wconf 89' lang='lat' dir='ltr'>col.</span> <span class='ocrx_word' id='word_1_22' title='bbox 1650 362 1738 407; x_wconf 85' lang='grc'>1265</span> 
     </span>
    </p>
   </div>
   <div class='ocr_carea' id='block_1_3' title="bbox 381 422 554 470">
    <p class='ocr_par' dir='ltr' id='par_1_3' title="bbox 381 422 554 470">
     <span class='ocr_line' id='line_1_4' title="bbox 381 422 554 470; baseline -0.012 -10"><span class='ocrx_word' id='word_1_23' title='bbox 381 422 400 470; x_wconf 70' lang='grc' dir='ltr'>ξ</span> <span class='ocrx_word' id='word_1_24' title='bbox 423 433 467 460; x_wconf 82' lang='grc' dir='ltr'>ιο</span> <span class='ocrx_word' id='word_1_25' title='bbox 485 422 554 469; x_wconf 86' lang='grc'>(2).</span> 
     </span>
    </p>
   </div>
   <div class='ocr_carea' id='block_1_4' title="bbox 258 477 1742 2902">
    <p class='ocr_par' dir='ltr' id='par_1_4' title="bbox 345 477 1740 577">
     <span class='ocr_line' id='line_1_5' title="bbox 345 477 1740 525; baseline -0.005 -5"><span class='ocrx_word' id='word_1_26' title='bbox 345 484 379 520; x_wconf 91' lang='lat'>6.</span> <span class='ocrx_word' id='word_1_27' title='bbox 406 480 479 517; x_wconf 88' lang='lat' dir='ltr'>Hic</span> <span class='ocrx_word' id='word_1_28' title='bbox 505 482 638 518; x_wconf 86' lang='lat' dir='ltr'>tamen</span> <span class='ocrx_word' id='word_1_29' title='bbox 664 480 722 518; x_wconf 83' lang='lat' dir='ltr'>est</span> <span class='ocrx_word' id='word_1_30' title='bbox 750 479 860 525; x_wconf 84' lang='lat' dir='ltr'>aries,</span> <span class='ocrx_word' id='word_1_31' title='bbox 888 490 966 516; x_wconf 90' lang='lat' dir='ltr'>non</span> <span class='ocrx_word' id='word_1_32' title='bbox 991 477 1117 515; x_wconf 85' lang='lat' dir='ltr'>infans</span> <span class='ocrx_word' id='word_1_33' title='bbox 1141 477 1395 522; x_wconf 85' lang='lat' dir='ltr'>sacrificatus;</span> <span class='ocrx_word' id='word_1_34' title='bbox 1424 493 1462 508; x_wconf 90' lang='lat'><strong><em>=</em></strong></span> <span class='ocrx_word' id='word_1_35' title='bbox 1477 477 1546 515; x_wconf 92' lang='lat' dir='ltr'>Bo.</span> <span class='ocrx_word' id='word_1_36' title='bbox 1571 489 1603 514; x_wconf 87' lang='lat' dir='ltr'>v.</span> <span class='ocrx_word' id='word_1_37' title='bbox 1630 487 1651 525; x_wconf 94' lang='lat'><strong><em>7</em></strong></span> <span class='ocrx_word' id='word_1_38' title='bbox 1678 477 1740 514; x_wconf 87' lang='lat' dir='ltr'>Sic</span> 
     </span>
     <span class='ocr_line' id='line_1_6' title="bbox 378 542 452 577; baseline -0.014 0"><span class='ocrx_word' id='word_1_39' title='bbox 378 542 452 577; x_wconf 87' lang='lat' dir='ltr'>etc.</span> 
     </span>
    </p>

    <p class='ocr_par' dir='ltr' id='par_1_5' title="bbox 343 595 1630 644">
     <span class='ocr_line' id='line_1_7' title="bbox 343 595 1630 644; baseline -0.003 -7"><span class='ocrx_word' id='word_1_40' title='bbox 343 608 377 644; x_wconf 90' lang='lat'>7.</span> <span class='ocrx_word' id='word_1_41' title='bbox 403 597 466 636; x_wconf 85' lang='lat' dir='ltr'>Sic</span> <span class='ocrx_word' id='word_1_42' title='bbox 485 597 620 635; x_wconf 89' lang='lat' dir='ltr'>christi</span> <span class='ocrx_word' id='word_1_43' title='bbox 637 609 725 636; x_wconf 90' lang='lat' dir='ltr'>caro</span> <span class='ocrx_word' id='word_1_44' title='bbox 741 609 821 635; x_wconf 90' lang='lat' dir='ltr'>non</span> <span class='ocrx_word' id='word_1_45' title='bbox 838 596 961 635; x_wconf 86' lang='lat' dir='ltr'>deitas</span> <span class='ocrx_word' id='word_1_46' title='bbox 978 598 1035 634; x_wconf 87' lang='lat' dir='ltr'>est</span> <span class='ocrx_word' id='word_1_47' title='bbox 1052 595 1095 633; x_wconf 91' lang='lat' dir='ltr'>in</span> <span class='ocrx_word' id='word_1_48' title='bbox 1113 607 1222 633; x_wconf 88' lang='lat' dir='ltr'>cruce</span> <span class='ocrx_word' id='word_1_49' title='bbox 1238 607 1359 643; x_wconf 85' lang='lat' dir='ltr'>passa.</span> <span class='ocrx_word' id='word_1_50' title='bbox 1407 611 1444 625; x_wconf 95' lang='lat'>=</span> <span class='ocrx_word' id='word_1_51' title='bbox 1460 595 1526 632; x_wconf 92' lang='lat' dir='ltr'>Bo.</span> <span class='ocrx_word' id='word_1_52' title='bbox 1546 607 1578 632; x_wconf 90' lang='lat' dir='ltr'>v.</span> <span class='ocrx_word' id='word_1_53' title='bbox 1596 597 1630 633; x_wconf 91' lang='lat'>8.</span> 
     </span>
    </p>

    <p class='ocr_par' dir='ltr' id='par_1_6' title="bbox 343 654 1725 705">
     <span class='ocr_line' id='line_1_8' title="bbox 343 654 1725 705; baseline -0.002 -10"><span class='ocrx_word' id='word_1_54' title='bbox 343 660 376 695; x_wconf 92' lang='lat'>8.</span> <span class='ocrx_word' id='word_1_55' title='bbox 400 657 527 705; x_wconf 87' lang='lat' dir='ltr'>Ligna</span> <span class='ocrx_word' id='word_1_56' title='bbox 544 669 640 705; x_wconf 86' lang='lat' dir='ltr'>puer</span> <span class='ocrx_word' id='word_1_57' title='bbox 657 656 893 703; x_wconf 76' lang='lat' dir='ltr'><strong>christusque</strong></span> <span class='ocrx_word' id='word_1_58' title='bbox 911 667 1062 693; x_wconf 87' lang='lat' dir='ltr'>crucem</span> <span class='ocrx_word' id='word_1_59' title='bbox 1079 657 1250 703; x_wconf 87' lang='lat' dir='ltr'>portasse</span> <span class='ocrx_word' id='word_1_60' title='bbox 1265 655 1452 692; x_wconf 85' lang='lat' dir='ltr'>feruntur.</span> <span class='ocrx_word' id='word_1_61' title='bbox 1499 671 1537 684; x_wconf 91' lang='lat'>=</span> <span class='ocrx_word' id='word_1_62' title='bbox 1555 654 1622 692; x_wconf 92' lang='grc' dir='ltr'>Βο.</span> <span class='ocrx_word' id='word_1_63' title='bbox 1639 667 1674 691; x_wconf 88' lang='lat' dir='ltr'>v.</span> <span class='ocrx_word' id='word_1_64' title='bbox 1691 655 1725 692; x_wconf 94' lang='lat'>6.</span> 
     </span>
    </p>

    <p class='ocr_par' dir='ltr' id='par_1_7' title="bbox 281 715 1740 764">
     <span class='ocr_line' id='line_1_9' title="bbox 281 715 1740 764; baseline -0.003 -11"><span class='ocrx_word' id='word_1_65' title='bbox 281 727 315 764; x_wconf 90' lang='lat'>9.</span> <span class='ocrx_word' id='word_1_66' title='bbox 343 718 438 762; x_wconf 78' lang='lat' dir='ltr'>Quid</span> <span class='ocrx_word' id='word_1_67' title='bbox 469 718 653 762; x_wconf 71' lang='lat' dir='ltr'>siqmfleat</span> <span class='ocrx_word' id='word_1_68' title='bbox 683 718 821 763; x_wconf 74' lang='lat' dir='ltr'>duplex</span> <span class='ocrx_word' id='word_1_69' title='bbox 851 717 1023 763; x_wconf 71' lang='lat' dir='ltr'>spelunca</span> <span class='ocrx_word' id='word_1_70' title='bbox 1060 716 1126 752; x_wconf 81' lang='lat' dir='ltr'>ubi</span> <span class='ocrx_word' id='word_1_71' title='bbox 1166 715 1342 751; x_wconf 83' lang='lat' dir='ltr'><strong><em>abraham</em></strong></span> <span class='ocrx_word' id='word_1_72' title='bbox 1379 726 1526 750; x_wconf 79' lang='lat' dir='ltr'><strong><em>sarram</em></strong></span> <span class='ocrx_word' id='word_1_73' title='bbox 1563 715 1740 761; x_wconf 79' lang='lat' dir='ltr'>sepeliuit.</span> 
     </span>
    </p>

    <p class='ocr_par' dir='ltr' id='par_1_8' title="bbox 377 773 1738 883">
     <span class='ocr_line' id='line_1_10' title="bbox 377 773 1738 823; baseline -0.001 -11"><span class='ocrx_word' id='word_1_74' title='bbox 377 775 568 823; x_wconf 81' lang='lat' dir='ltr'>Spelunca</span> <span class='ocrx_word' id='word_1_75' title='bbox 592 775 773 823; x_wconf 86' lang='lat' dir='ltr'>dupplice</span> <span class='ocrx_word' id='word_1_76' title='bbox 798 787 922 811; x_wconf 85' lang='lat' dir='ltr'>saram</span> <span class='ocrx_word' id='word_1_77' title='bbox 947 773 1127 822; x_wconf 82' lang='lat' dir='ltr'>sepelisse</span> <span class='ocrx_word' id='word_1_78' title='bbox 1152 773 1214 811; x_wconf 82' lang='lat' dir='ltr'>uir</span> <span class='ocrx_word' id='word_1_79' title='bbox 1239 773 1321 811; x_wconf 88' lang='lat' dir='ltr'>eius</span> <span class='ocrx_word' id='word_1_80' title='bbox 1377 790 1413 804; x_wconf 96' lang='lat'>=</span> <span class='ocrx_word' id='word_1_81' title='bbox 1429 773 1495 811; x_wconf 90' lang='lat' dir='ltr'>Be.</span> <span class='ocrx_word' id='word_1_82' title='bbox 1522 773 1610 810; x_wconf 90' lang='grc'>0011.</span> <span class='ocrx_word' id='word_1_83' title='bbox 1637 783 1738 820; x_wconf 84' lang='grc'>1213,</span> 
     </span>
     <span class='ocr_line' id='line_1_11' title="bbox 380 833 1004 883; baseline -0.003 -11"><span class='ocrx_word' id='word_1_84' title='bbox 380 834 509 883; x_wconf 85' lang='lat'><strong>1214§</strong></span> <span class='ocrx_word' id='word_1_85' title='bbox 530 846 593 872; x_wconf 88' lang='lat'>12:</span> <span class='ocrx_word' id='word_1_86' title='bbox 619 835 686 872; x_wconf 92' lang='lat' dir='ltr'>Bo.</span> <span class='ocrx_word' id='word_1_87' title='bbox 705 834 776 872; x_wconf 88' lang='lat' dir='ltr'>col.</span> <span class='ocrx_word' id='word_1_88' title='bbox 800 836 888 880; x_wconf 84' lang='grc'>1265</span> <span class='ocrx_word' id='word_1_89' title='bbox 910 833 927 882; x_wconf 81' lang='lat'>§</span> <span class='ocrx_word' id='word_1_90' title='bbox 951 844 1004 872; x_wconf 93' lang='grc'>12.</span> 
     </span>
    </p>

    <p class='ocr_par' dir='ltr' id='par_1_9' title="bbox 338 892 1589 942">
     <span class='ocr_line' id='line_1_12' title="bbox 338 892 1589 942; baseline -0.002 -11"><span class='ocrx_word' id='word_1_91' title='bbox 338 905 375 941; x_wconf 89' lang='lat'>3.</span> <span class='ocrx_word' id='word_1_92' title='bbox 399 894 584 942; x_wconf 85' lang='lat' dir='ltr'>magister</span> <span class='ocrx_word' id='word_1_93' title='bbox 597 897 673 932; x_wconf 83' lang='lat' dir='ltr'>cod.</span> <span class='ocrx_word' id='word_1_94' title='bbox 692 907 792 931; x_wconf 70' lang='lat' dir='ltr'><strong><em>meus</em></strong></span> <span class='ocrx_word' id='word_1_95' title='bbox 811 895 950 941; x_wconf 82' lang='lat' dir='ltr'>(contra</span> <span class='ocrx_word' id='word_1_96' title='bbox 963 893 1152 941; x_wconf 79' lang='lat' dir='ltr'><strong><em>9ramm.):</em></strong></span> <span class='ocrx_word' id='word_1_97' title='bbox 1182 892 1411 941; x_wconf 82' lang='lat' dir='ltr'>magistrum</span> <span class='ocrx_word' id='word_1_98' title='bbox 1428 893 1505 938; x_wconf 68' lang='lat' dir='ltr'>Be„</span> <span class='ocrx_word' id='word_1_99' title='bbox 1522 893 1589 930; x_wconf 93' lang='lat' dir='ltr'>Bo.</span> 
     </span>
    </p>

    <p class='ocr_par' dir='ltr' id='par_1_10' title="bbox 339 950 1741 1057">
     <span class='ocr_line' id='line_1_13' title="bbox 339 950 1741 1001; baseline -0.002 -10"><span class='ocrx_word' id='word_1_100' title='bbox 339 955 375 991; x_wconf 90' lang='lat'>6.</span> <span class='ocrx_word' id='word_1_101' title='bbox 402 954 687 1001; x_wconf 74' lang='lat' dir='ltr'>contemplator</span> <span class='ocrx_word' id='word_1_102' title='bbox 715 955 754 991; x_wconf 90' lang='lat' dir='ltr'>et</span> <span class='ocrx_word' id='word_1_103' title='bbox 783 952 934 991; x_wconf 84' lang='lat' dir='ltr'>actiuus</span> <span class='ocrx_word' id='word_1_104' title='bbox 959 955 1035 991; x_wconf 82' lang='lat' dir='ltr'>cod.</span> <span class='ocrx_word' id='word_1_105' title='bbox 1059 964 1182 990; x_wconf 82' lang='lat' dir='ltr'><strong><em>meus:</em></strong></span> <span class='ocrx_word' id='word_1_106' title='bbox 1216 951 1570 999; x_wconf 74' lang='lat' dir='ltr'>contemplatOrque</span> <span class='ocrx_word' id='word_1_107' title='bbox 1593 950 1741 989; x_wconf 85' lang='lat' dir='ltr'>actiuus</span> 
     </span>
     <span class='ocr_line' id='line_1_14' title="bbox 378 1014 544 1057; baseline 0.012 -8"><span class='ocrx_word' id='word_1_108' title='bbox 378 1014 455 1057; x_wconf 68' lang='grc' dir='ltr'>Βο.,</span> <span class='ocrx_word' id='word_1_109' title='bbox 475 1015 544 1051; x_wconf 90' lang='grc' dir='ltr'>Βο.</span> 
     </span>
    </p>

    <p class='ocr_par' dir='ltr' id='par_1_11' title="bbox 259 1071 1740 1240">
     <span class='ocr_line' id='line_1_15' title="bbox 259 1071 1739 1119; baseline -0.003 -8"><span class='ocrx_word' id='word_1_110' title='bbox 259 1082 315 1111; x_wconf 91' lang='lat'>10.</span> <span class='ocrx_word' id='word_1_111' title='bbox 344 1074 441 1118; x_wconf 77' lang='lat' dir='ltr'>Quid</span> <span class='ocrx_word' id='word_1_112' title='bbox 466 1075 653 1119; x_wconf 61' lang='lat' dir='ltr'>significat</span> <span class='ocrx_word' id='word_1_113' title='bbox 679 1075 775 1119; x_wconf 76' lang='lat' dir='ltr'><strong><em>quod</em></strong></span> <span class='ocrx_word' id='word_1_114' title='bbox 801 1074 972 1109; x_wconf 69' lang='lat' dir='ltr'>sodomita</span> <span class='ocrx_word' id='word_1_115' title='bbox 999 1083 1075 1109; x_wconf 84' lang='lat' dir='ltr'>non</span> <span class='ocrx_word' id='word_1_116' title='bbox 1099 1076 1302 1119; x_wconf 76' lang='lat' dir='ltr'>potuerunt</span> <span class='ocrx_word' id='word_1_117' title='bbox 1324 1072 1464 1108; x_wconf 76' lang='lat' dir='ltr'>intrare</span> <span class='ocrx_word' id='word_1_118' title='bbox 1487 1073 1634 1108; x_wconf 77' lang='lat' dir='ltr'><strong><em>domum</em></strong></span> <span class='ocrx_word' id='word_1_119' title='bbox 1656 1071 1739 1108; x_wconf 81' lang='lat' dir='ltr'>zoth.</span> 
     </span>
     <span class='ocr_line' id='line_1_16' title="bbox 375 1129 1740 1180; baseline -0.001 -11"><span class='ocrx_word' id='word_1_120' title='bbox 375 1131 472 1169; x_wconf 87' lang='lat' dir='ltr'>Vult</span> <span class='ocrx_word' id='word_1_121' title='bbox 486 1131 631 1170; x_wconf 85' lang='lat' dir='ltr'>intrare</span> <span class='ocrx_word' id='word_1_122' title='bbox 647 1132 783 1179; x_wconf 88' lang='lat' dir='ltr'>nequit</span> <span class='ocrx_word' id='word_1_123' title='bbox 798 1132 880 1169; x_wconf 85' lang='lat' dir='ltr'>fera</span> <span class='ocrx_word' id='word_1_124' title='bbox 896 1144 990 1180; x_wconf 88' lang='lat' dir='ltr'>gens</span> <span class='ocrx_word' id='word_1_125' title='bbox 1008 1130 1196 1169; x_wconf 86' lang='lat' dir='ltr'>sodomita</span> <span class='ocrx_word' id='word_1_126' title='bbox 1213 1131 1368 1169; x_wconf 85' lang='lat' dir='ltr'><strong><em>domum</em></strong></span> <span class='ocrx_word' id='word_1_127' title='bbox 1390 1130 1495 1177; x_wconf 86' lang='lat' dir='ltr'>loth;</span> <span class='ocrx_word' id='word_1_128' title='bbox 1543 1146 1574 1159; x_wconf 86' lang='lat'><em>=</em></span> <span class='ocrx_word' id='word_1_129' title='bbox 1589 1129 1656 1168; x_wconf 91' lang='lat' dir='ltr'>Be.</span> <span class='ocrx_word' id='word_1_130' title='bbox 1667 1131 1740 1168; x_wconf 90' lang='lat' dir='ltr'>col.</span> 
     </span>
     <span class='ocr_line' id='line_1_17' title="bbox 379 1190 960 1240; baseline 0.002 -12"><span class='ocrx_word' id='word_1_131' title='bbox 379 1202 470 1238; x_wconf 90' lang='lat'>1213</span> <span class='ocrx_word' id='word_1_132' title='bbox 491 1191 509 1239; x_wconf 72' lang='grc' dir='ltr'><strong>ξ</strong></span> <span class='ocrx_word' id='word_1_133' title='bbox 530 1193 574 1229; x_wconf 87' lang='lat'>8:</span> <span class='ocrx_word' id='word_1_134' title='bbox 600 1191 667 1228; x_wconf 91' lang='lat' dir='ltr'>Bo.</span> <span class='ocrx_word' id='word_1_135' title='bbox 687 1191 758 1229; x_wconf 89' lang='lat' dir='ltr'>col.</span> <span class='ocrx_word' id='word_1_136' title='bbox 780 1193 867 1238; x_wconf 83' lang='lat'>1265</span> <span class='ocrx_word' id='word_1_137' title='bbox 889 1190 908 1240; x_wconf 66' lang='grc' dir='ltr'><strong>ξ</strong></span> <span class='ocrx_word' id='word_1_138' title='bbox 928 1193 960 1229; x_wconf 91' lang='grc'>8.</span> 
     </span>
    </p>

    <p class='ocr_par' dir='ltr' id='par_1_12' title="bbox 337 1249 1389 1297">
     <span class='ocr_line' id='line_1_18' title="bbox 337 1249 1389 1297; baseline 0.002 -11"><span class='ocrx_word' id='word_1_139' title='bbox 337 1260 372 1295; x_wconf 89' lang='grc'>4.</span> <span class='ocrx_word' id='word_1_140' title='bbox 397 1250 500 1288; x_wconf 88' lang='lat' dir='ltr'>actio</span> <span class='ocrx_word' id='word_1_141' title='bbox 518 1252 653 1288; x_wconf 87' lang='lat' dir='ltr'>sancta</span> <span class='ocrx_word' id='word_1_142' title='bbox 670 1252 745 1287; x_wconf 82' lang='lat' dir='ltr'>cod.</span> <span class='ocrx_word' id='word_1_143' title='bbox 763 1262 882 1287; x_wconf 78' lang='lat' dir='ltr'><strong><em>meus:</em></strong></span> <span class='ocrx_word' id='word_1_144' title='bbox 908 1249 1060 1297; x_wconf 86' lang='lat' dir='ltr'>hospite</span> <span class='ocrx_word' id='word_1_145' title='bbox 1077 1251 1209 1287; x_wconf 85' lang='lat' dir='ltr'>sancto</span> <span class='ocrx_word' id='word_1_146' title='bbox 1227 1251 1303 1295; x_wconf 73' lang='lat' dir='ltr'>Be„</span> <span class='ocrx_word' id='word_1_147' title='bbox 1323 1251 1389 1288; x_wconf 90' lang='lat' dir='ltr'>Bo.</span> 
     </span>
    </p>

    <p class='ocr_par' dir='ltr' id='par_1_13' title="bbox 258 1307 1741 1476">
     <span class='ocr_line' id='line_1_19' title="bbox 258 1307 1741 1357; baseline -0.003 -8"><span class='ocrx_word' id='word_1_148' title='bbox 258 1320 316 1349; x_wconf 88' lang='lat'>11.</span> <span class='ocrx_word' id='word_1_149' title='bbox 345 1311 465 1355; x_wconf 82' lang='lat' dir='ltr'><strong><em>Quare</em></strong></span> <span class='ocrx_word' id='word_1_150' title='bbox 482 1311 556 1347; x_wconf 83' lang='lat' dir='ltr'>loth</span> <span class='ocrx_word' id='word_1_151' title='bbox 563 1312 719 1356; x_wconf 75' lang='lat' dir='ltr'>fuyiens</span> <span class='ocrx_word' id='word_1_152' title='bbox 730 1312 914 1347; x_wconf 85' lang='lat' dir='ltr'><strong><em>sodomam</em></strong></span> <span class='ocrx_word' id='word_1_153' title='bbox 927 1309 1000 1357; x_wconf 81' lang='lat' dir='ltr'>[in]</span> <span class='ocrx_word' id='word_1_154' title='bbox 1014 1316 1150 1347; x_wconf 77' lang='lat' dir='ltr'>montes</span> <span class='ocrx_word' id='word_1_155' title='bbox 1156 1311 1271 1356; x_wconf 78' lang='lat' dir='ltr'>fuyit.</span> <span class='ocrx_word' id='word_1_156' title='bbox 1312 1308 1411 1346; x_wconf 90' lang='lat' dir='ltr'>Loth</span> <span class='ocrx_word' id='word_1_157' title='bbox 1427 1307 1529 1355; x_wconf 81' lang='lat' dir='ltr'>fugit</span> <span class='ocrx_word' id='word_1_158' title='bbox 1542 1308 1741 1346; x_wconf 87' lang='lat' dir='ltr'>ardentem</span> 
     </span>
     <span class='ocr_line' id='line_1_20' title="bbox 378 1367 1740 1416; baseline -0.001 -10"><span class='ocrx_word' id='word_1_159' title='bbox 378 1370 574 1406; x_wconf 79' lang='lat' dir='ltr'>sodomam</span> <span class='ocrx_word' id='word_1_160' title='bbox 600 1370 822 1416; x_wconf 79' lang='lat' dir='ltr'>montesque</span> <span class='ocrx_word' id='word_1_161' title='bbox 848 1368 1030 1416; x_wconf 86' lang='lat' dir='ltr'>requirit;</span> <span class='ocrx_word' id='word_1_162' title='bbox 1077 1386 1114 1400; x_wconf 95' lang='lat'>=</span> <span class='ocrx_word' id='word_1_163' title='bbox 1131 1369 1195 1407; x_wconf 87' lang='lat' dir='ltr'>Be.</span> <span class='ocrx_word' id='word_1_164' title='bbox 1223 1368 1295 1406; x_wconf 92' lang='lat' dir='ltr'>col.</span> <span class='ocrx_word' id='word_1_165' title='bbox 1327 1378 1416 1415; x_wconf 84' lang='lat'>1213</span> <span class='ocrx_word' id='word_1_166' title='bbox 1448 1367 1467 1416; x_wconf 62' lang='grc' dir='ltr'><strong>ξ</strong></span> <span class='ocrx_word' id='word_1_167' title='bbox 1493 1379 1540 1414; x_wconf 88' lang='lat'>9:</span> <span class='ocrx_word' id='word_1_168' title='bbox 1576 1367 1645 1405; x_wconf 88' lang='lat' dir='ltr'>Bo.</span> <span class='ocrx_word' id='word_1_169' title='bbox 1670 1368 1740 1405; x_wconf 89' lang='grc'>001.</span> 
     </span>
     <span class='ocr_line' id='line_1_21' title="bbox 379 1427 564 1476; baseline -0.005 -11"><span class='ocrx_word' id='word_1_170' title='bbox 379 1429 470 1474; x_wconf 81' lang='lat'>1265</span> <span class='ocrx_word' id='word_1_171' title='bbox 492 1427 510 1476; x_wconf 84' lang='lat'>§</span> <span class='ocrx_word' id='word_1_172' title='bbox 529 1439 564 1475; x_wconf 89' lang='grc'>9.</span> 
     </span>
    </p>

    <p class='ocr_par' dir='ltr' id='par_1_14' title="bbox 260 1486 1742 1654">
     <span class='ocr_line' id='line_1_22' title="bbox 260 1486 1742 1535; baseline -0.001 -11"><span class='ocrx_word' id='word_1_173' title='bbox 260 1497 315 1526; x_wconf 89' lang='grc'>12.</span> <span class='ocrx_word' id='word_1_174' title='bbox 343 1489 438 1532; x_wconf 79' lang='lat' dir='ltr'>Quid</span> <span class='ocrx_word' id='word_1_175' title='bbox 454 1489 638 1534; x_wconf 72' lang='lat' dir='ltr'>siym‘ficat</span> <span class='ocrx_word' id='word_1_176' title='bbox 652 1489 747 1535; x_wconf 75' lang='lat' dir='ltr'><strong><em>quod</em></strong></span> <span class='ocrx_word' id='word_1_177' title='bbox 761 1499 871 1534; x_wconf 79' lang='lat' dir='ltr'>ysaac</span> <span class='ocrx_word' id='word_1_178' title='bbox 886 1489 985 1524; x_wconf 75' lang='lat' dir='ltr'><em>dixit</em></span> <span class='ocrx_word' id='word_1_179' title='bbox 1001 1489 1050 1524; x_wconf 83' lang='lat' dir='ltr'>ad</span> <span class='ocrx_word' id='word_1_180' title='bbox 1073 1488 1198 1524; x_wconf 79' lang='lat' dir='ltr'>iacob.-</span> <span class='ocrx_word' id='word_1_181' title='bbox 1221 1499 1295 1524; x_wconf 81' lang='lat' dir='ltr'>ecce</span> <span class='ocrx_word' id='word_1_182' title='bbox 1315 1486 1432 1534; x_wconf 85' lang='lat' dir='ltr'><strong><em>[odor]</em></strong></span> <span class='ocrx_word' id='word_1_183' title='bbox 1449 1488 1532 1531; x_wconf 79' lang='lat' dir='ltr'><em>filii</em></span> <span class='ocrx_word' id='word_1_184' title='bbox 1555 1488 1626 1524; x_wconf 84' lang='lat' dir='ltr'>mei</span> <span class='ocrx_word' id='word_1_185' title='bbox 1647 1489 1742 1524; x_wconf 77' lang='lat' dir='ltr'>sicut</span> 
     </span>
     <span class='ocr_line' id='line_1_23' title="bbox 376 1546 1739 1595; baseline -0.001 -11"><span class='ocrx_word' id='word_1_186' title='bbox 376 1549 467 1584; x_wconf 84' lang='lat' dir='ltr'><strong><em>odor</em></strong></span> <span class='ocrx_word' id='word_1_187' title='bbox 480 1549 563 1594; x_wconf 75' lang='lat' dir='ltr'>ayri</span> <span class='ocrx_word' id='word_1_188' title='bbox 574 1549 680 1594; x_wconf 78' lang='lat' dir='ltr'>pleni</span> <span class='ocrx_word' id='word_1_189' title='bbox 695 1552 729 1583; x_wconf 86' lang='lat' dir='ltr'>et</span> <span class='ocrx_word' id='word_1_190' title='bbox 745 1552 870 1585; x_wconf 79' lang='lat' dir='ltr'>cetera.</span> <span class='ocrx_word' id='word_1_191' title='bbox 919 1546 1062 1584; x_wconf 90' lang='lat' dir='ltr'>Plenus</span> <span class='ocrx_word' id='word_1_192' title='bbox 1079 1558 1172 1595; x_wconf 83' lang='lat' dir='ltr'>ager</span> <span class='ocrx_word' id='word_1_193' title='bbox 1187 1546 1334 1591; x_wconf 92' lang='lat' dir='ltr'><strong><em>florum,</em></strong></span> <span class='ocrx_word' id='word_1_194' title='bbox 1354 1547 1511 1594; x_wconf 87' lang='lat' dir='ltr'>plenum</span> <span class='ocrx_word' id='word_1_195' title='bbox 1527 1546 1739 1584; x_wconf 84' lang='lat' dir='ltr'>uirtutibus</span> 
     </span>
     <span class='ocr_line' id='line_1_24' title="bbox 376 1605 1414 1654; baseline 0.001 -11"><span class='ocrx_word' id='word_1_196' title='bbox 376 1606 519 1652; x_wconf 88' lang='lat' dir='ltr'><strong><em>orbem,</em></strong></span> <span class='ocrx_word' id='word_1_197' title='bbox 562 1623 599 1636; x_wconf 94' lang='lat'>=</span> <span class='ocrx_word' id='word_1_198' title='bbox 615 1605 680 1644; x_wconf 86' lang='lat' dir='ltr'>Be.</span> <span class='ocrx_word' id='word_1_199' title='bbox 698 1605 769 1643; x_wconf 89' lang='lat' dir='ltr'>col.</span> <span class='ocrx_word' id='word_1_200' title='bbox 792 1605 920 1654; x_wconf 77' lang='lat'>1214§</span> <span class='ocrx_word' id='word_1_201' title='bbox 943 1616 1005 1652; x_wconf 87' lang='lat'>13:</span> <span class='ocrx_word' id='word_1_202' title='bbox 1031 1606 1098 1643; x_wconf 82' lang='lat' dir='ltr'>Bo.</span> <span class='ocrx_word' id='word_1_203' title='bbox 1117 1606 1188 1643; x_wconf 86' lang='lat' dir='ltr'>col.</span> <span class='ocrx_word' id='word_1_204' title='bbox 1208 1607 1296 1654; x_wconf 88' lang='grc'>1265</span> <span class='ocrx_word' id='word_1_205' title='bbox 1317 1605 1335 1654; x_wconf 69' lang='grc' dir='ltr'><strong>ξ</strong></span> <span class='ocrx_word' id='word_1_206' title='bbox 1358 1616 1414 1652; x_wconf 85' lang='grc'>13.</span> 
     </span>
    </p>

    <p class='ocr_par' dir='ltr' id='par_1_15' title="bbox 341 1664 1169 1709">
     <span class='ocr_line' id='line_1_25' title="bbox 341 1664 1169 1709; baseline 0 -7"><span class='ocrx_word' id='word_1_207' title='bbox 341 1676 376 1703; x_wconf 87' lang='grc'>2.</span> <span class='ocrx_word' id='word_1_208' title='bbox 403 1665 545 1703; x_wconf 88' lang='lat' dir='ltr'>Pocula</span> <span class='ocrx_word' id='word_1_209' title='bbox 562 1664 736 1703; x_wconf 86' lang='lat' dir='ltr'>doctrine</span> <span class='ocrx_word' id='word_1_210' title='bbox 752 1665 821 1703; x_wconf 88' lang='lat' dir='ltr'>flos</span> <span class='ocrx_word' id='word_1_211' title='bbox 836 1676 925 1709; x_wconf 90' lang='lat' dir='ltr'>uue,</span> <span class='ocrx_word' id='word_1_212' title='bbox 940 1665 1026 1703; x_wconf 88' lang='lat' dir='ltr'>lilia</span> <span class='ocrx_word' id='word_1_213' title='bbox 1042 1665 1169 1708; x_wconf 85' lang='lat' dir='ltr'>iustos,</span> 
     </span>
    </p>

    <p class='ocr_par' dir='ltr' id='par_1_16' title="bbox 342 1723 1735 1831">
     <span class='ocr_line' id='line_1_26' title="bbox 342 1723 1735 1772; baseline 0 -10"><span class='ocrx_word' id='word_1_214' title='bbox 342 1736 377 1772; x_wconf 89' lang='lat'>3.</span> <span class='ocrx_word' id='word_1_215' title='bbox 404 1724 623 1762; x_wconf 71' lang='lat' dir='ltr'>Martii-ium</span> <span class='ocrx_word' id='word_1_216' title='bbox 647 1737 742 1771; x_wconf 85' lang='lat' dir='ltr'>rosa,</span> <span class='ocrx_word' id='word_1_217' title='bbox 768 1725 836 1762; x_wconf 85' lang='lat' dir='ltr'>flos</span> <span class='ocrx_word' id='word_1_218' title='bbox 859 1725 965 1762; x_wconf 88' lang='lat' dir='ltr'>uiola</span> <span class='ocrx_word' id='word_1_219' title='bbox 989 1737 1062 1772; x_wconf 88' lang='lat' dir='ltr'>que</span> <span class='ocrx_word' id='word_1_220' title='bbox 1088 1724 1207 1772; x_wconf 84' lang='lat' dir='ltr'>serpit</span> <span class='ocrx_word' id='word_1_221' title='bbox 1229 1724 1271 1761; x_wconf 93' lang='lat' dir='ltr'>in</span> <span class='ocrx_word' id='word_1_222' title='bbox 1296 1723 1386 1770; x_wconf 91' lang='lat' dir='ltr'><strong><em>imo,</em></strong></span> <span class='ocrx_word' id='word_1_223' title='bbox 1404 1726 1456 1762; x_wconf 78' lang='lat' dir='ltr'>sic</span> <span class='ocrx_word' id='word_1_224' title='bbox 1484 1727 1595 1762; x_wconf 73' lang='lat' dir='ltr'>codex</span> <span class='ocrx_word' id='word_1_225' title='bbox 1617 1737 1735 1762; x_wconf 76' lang='lat' dir='ltr'><strong><em>meus:</em></strong></span> 
     </span>
     <span class='ocr_line' id='line_1_27' title="bbox 376 1783 1548 1831; baseline 0.001 -10"><span class='ocrx_word' id='word_1_226' title='bbox 376 1784 519 1822; x_wconf 89' lang='lat' dir='ltr'>Pocula</span> <span class='ocrx_word' id='word_1_227' title='bbox 536 1783 734 1822; x_wconf 82' lang='lat' dir='ltr'>doctrinae</span> <span class='ocrx_word' id='word_1_228' title='bbox 751 1784 821 1821; x_wconf 92' lang='lat' dir='ltr'>flos</span> <span class='ocrx_word' id='word_1_229' title='bbox 837 1784 963 1821; x_wconf 86' lang='lat' dir='ltr'>violae</span> <span class='ocrx_word' id='word_1_230' title='bbox 980 1795 1077 1831; x_wconf 86' lang='lat' dir='ltr'>quae</span> <span class='ocrx_word' id='word_1_231' title='bbox 1095 1784 1216 1831; x_wconf 85' lang='lat' dir='ltr'>serpit</span> <span class='ocrx_word' id='word_1_232' title='bbox 1232 1783 1275 1820; x_wconf 92' lang='lat' dir='ltr'>in</span> <span class='ocrx_word' id='word_1_233' title='bbox 1291 1783 1368 1822; x_wconf 92' lang='lat' dir='ltr'>imo</span> <span class='ocrx_word' id='word_1_234' title='bbox 1386 1786 1462 1828; x_wconf 70' lang='lat' dir='ltr'>Be„</span> <span class='ocrx_word' id='word_1_235' title='bbox 1481 1786 1548 1822; x_wconf 89' lang='lat' dir='ltr'>Bo.</span> 
     </span>
    </p>

    <p class='ocr_par' dir='ltr' id='par_1_17' title="bbox 343 1843 1740 1950">
     <span class='ocr_line' id='line_1_28' title="bbox 343 1843 1740 1892; baseline 0 -11"><span class='ocrx_word' id='word_1_236' title='bbox 343 1853 375 1891; x_wconf 84' lang='grc'>5.</span> <span class='ocrx_word' id='word_1_237' title='bbox 402 1843 516 1881; x_wconf 81' lang='lat' dir='ltr'>Iacob</span> <span class='ocrx_word' id='word_1_238' title='bbox 532 1845 589 1881; x_wconf 86' lang='lat' dir='ltr'>est</span> <span class='ocrx_word' id='word_1_239' title='bbox 606 1844 771 1891; x_wconf 89' lang='lat' dir='ltr'>populus</span> <span class='ocrx_word' id='word_1_240' title='bbox 786 1843 944 1892; x_wconf 86' lang='lat' dir='ltr'>gentilis</span> <span class='ocrx_word' id='word_1_241' title='bbox 957 1845 1032 1881; x_wconf 79' lang='lat' dir='ltr'>cod.</span> <span class='ocrx_word' id='word_1_242' title='bbox 1050 1856 1171 1881; x_wconf 79' lang='lat' dir='ltr'><strong><em>meus:</em></strong></span> <span class='ocrx_word' id='word_1_243' title='bbox 1197 1843 1319 1880; x_wconf 85' lang='lat' dir='ltr'>Filius</span> <span class='ocrx_word' id='word_1_244' title='bbox 1332 1845 1391 1881; x_wconf 85' lang='lat' dir='ltr'>est</span> <span class='ocrx_word' id='word_1_245' title='bbox 1402 1843 1567 1891; x_wconf 88' lang='lat' dir='ltr'>populus</span> <span class='ocrx_word' id='word_1_246' title='bbox 1579 1843 1740 1891; x_wconf 85' lang='lat' dir='ltr'>gentilis</span> 
     </span>
     <span class='ocr_line' id='line_1_29' title="bbox 377 1904 538 1950; baseline 0 -10"><span class='ocrx_word' id='word_1_247' title='bbox 377 1905 454 1950; x_wconf 65' lang='lat' dir='ltr'>Be„</span> <span class='ocrx_word' id='word_1_248' title='bbox 470 1904 538 1940; x_wconf 89' lang='lat' dir='ltr'>Bo.</span> 
     </span>
    </p>

    <p class='ocr_par' dir='ltr' id='par_1_18' title="bbox 340 1961 1740 2065">
     <span class='ocr_line' id='line_1_30' title="bbox 340 1961 1740 2011; baseline 0 -11"><span class='ocrx_word' id='word_1_249' title='bbox 340 1964 376 2000; x_wconf 88' lang='grc'>6.</span> <span class='ocrx_word' id='word_1_250' title='bbox 404 1962 487 1999; x_wconf 91' lang='lat' dir='ltr'>Iam</span> <span class='ocrx_word' id='word_1_251' title='bbox 524 1961 709 2010; x_wconf 87' lang='lat' dir='ltr'>sperissus</span> <span class='ocrx_word' id='word_1_252' title='bbox 746 1961 830 2011; x_wconf 69' lang='lat' dir='ltr'>(sic)</span> <span class='ocrx_word' id='word_1_253' title='bbox 869 1962 1001 2000; x_wconf 89' lang='lat' dir='ltr'>credat</span> <span class='ocrx_word' id='word_1_254' title='bbox 1037 1964 1113 2000; x_wconf 77' lang='lat' dir='ltr'>cod.</span> <span class='ocrx_word' id='word_1_255' title='bbox 1149 1973 1269 1999; x_wconf 79' lang='lat' dir='ltr'><strong><em>meus:</em></strong></span> <span class='ocrx_word' id='word_1_256' title='bbox 1313 1961 1472 2009; x_wconf 86' lang='lat' dir='ltr'>Sparsus</span> <span class='ocrx_word' id='word_1_257' title='bbox 1507 1961 1586 1999; x_wconf 89' lang='lat' dir='ltr'>iam</span> <span class='ocrx_word' id='word_1_258' title='bbox 1618 1962 1740 2000; x_wconf 86' lang='lat' dir='ltr'>credit</span> 
     </span>
     <span class='ocr_line' id='line_1_31' title="bbox 377 2023 544 2065; baseline 0.006 -7"><span class='ocrx_word' id='word_1_259' title='bbox 377 2023 456 2065; x_wconf 71' lang='lat' dir='ltr'>Be„</span> <span class='ocrx_word' id='word_1_260' title='bbox 476 2023 544 2059; x_wconf 86' lang='lat' dir='ltr'>Bo.</span> 
     </span>
    </p>

    <p class='ocr_par' dir='ltr' id='par_1_19' title="bbox 259 2080 1739 2307">
     <span class='ocr_line' id='line_1_32' title="bbox 259 2080 1738 2128; baseline -0.001 -9"><span class='ocrx_word' id='word_1_261' title='bbox 259 2092 318 2128; x_wconf 86' lang='lat'>13.</span> <span class='ocrx_word' id='word_1_262' title='bbox 346 2082 442 2126; x_wconf 74' lang='lat' dir='ltr'><em>Quid</em></span> <span class='ocrx_word' id='word_1_263' title='bbox 464 2082 650 2127; x_wconf 76' lang='lat' dir='ltr'>siymficat</span> <span class='ocrx_word' id='word_1_264' title='bbox 672 2083 768 2128; x_wconf 77' lang='lat' dir='ltr'><strong><em>quod</em></strong></span> <span class='ocrx_word' id='word_1_265' title='bbox 791 2082 931 2118; x_wconf 83' lang='lat' dir='ltr'>rebecca</span> <span class='ocrx_word' id='word_1_266' title='bbox 954 2082 1106 2118; x_wconf 78' lang='lat' dir='ltr'>ueniens</span> <span class='ocrx_word' id='word_1_267' title='bbox 1129 2082 1180 2117; x_wconf 83' lang='lat' dir='ltr'>ad</span> <span class='ocrx_word' id='word_1_268' title='bbox 1201 2092 1310 2128; x_wconf 75' lang='lat' dir='ltr'>ysaac</span> <span class='ocrx_word' id='word_1_269' title='bbox 1334 2093 1416 2117; x_wconf 87' lang='lat' dir='ltr'>cum</span> <span class='ocrx_word' id='word_1_270' title='bbox 1439 2082 1552 2118; x_wconf 78' lang='lat' dir='ltr'>uidiit</span> <span class='ocrx_word' id='word_1_271' title='bbox 1568 2080 1610 2128; x_wconf 93' lang='grc'>(1.</span> <span class='ocrx_word' id='word_1_272' title='bbox 1626 2081 1738 2128; x_wconf 78' lang='lat' dir='ltr'>uidit)</span> 
     </span>
     <span class='ocr_line' id='line_1_33' title="bbox 376 2142 1739 2188; baseline 0.001 -12"><span class='ocrx_word' id='word_1_273' title='bbox 376 2153 458 2177; x_wconf 81' lang='lat' dir='ltr'><strong><em>eum</em></strong></span> <span class='ocrx_word' id='word_1_274' title='bbox 474 2142 655 2176; x_wconf 79' lang='lat' dir='ltr'>descendit</span> <span class='ocrx_word' id='word_1_275' title='bbox 669 2142 712 2177; x_wconf 81' lang='lat' dir='ltr'>de</span> <span class='ocrx_word' id='word_1_276' title='bbox 730 2142 862 2178; x_wconf 80' lang='lat' dir='ltr'><strong><em>camelo</em></strong></span> <span class='ocrx_word' id='word_1_277' title='bbox 879 2145 912 2177; x_wconf 82' lang='lat' dir='ltr'>et</span> <span class='ocrx_word' id='word_1_278' title='bbox 921 2152 994 2188; x_wconf 79' lang='lat' dir='ltr'>pro</span> <span class='ocrx_word' id='word_1_279' title='bbox 1004 2142 1146 2187; x_wconf 79' lang='lat' dir='ltr'><strong><em>pudore</em></strong></span> <span class='ocrx_word' id='word_1_280' title='bbox 1161 2142 1305 2187; x_wconf 73' lang='lat' dir='ltr'>operuit</span> <span class='ocrx_word' id='word_1_281' title='bbox 1318 2142 1458 2187; x_wconf 84' lang='lat' dir='ltr'><strong><em>faciem</em></strong></span> <span class='ocrx_word' id='word_1_282' title='bbox 1473 2153 1580 2177; x_wconf 75' lang='lat' dir='ltr'><strong><em>suam</em></strong></span> <span class='ocrx_word' id='word_1_283' title='bbox 1597 2153 1739 2188; x_wconf 77' lang='lat' dir='ltr'>panno.</span> 
     </span>
     <span class='ocr_line' id='line_1_34' title="bbox 375 2199 1737 2247; baseline 0.001 -11"><span class='ocrx_word' id='word_1_284' title='bbox 375 2199 477 2236; x_wconf 91' lang='lat' dir='ltr'>Dum</span> <span class='ocrx_word' id='word_1_285' title='bbox 501 2211 683 2246; x_wconf 83' lang='lat' dir='ltr'>sponsum</span> <span class='ocrx_word' id='word_1_286' title='bbox 708 2199 869 2237; x_wconf 84' lang='lat' dir='ltr'>rebecca</span> <span class='ocrx_word' id='word_1_287' title='bbox 892 2199 1041 2238; x_wconf 86' lang='lat' dir='ltr'>uideret</span> <span class='ocrx_word' id='word_1_288' title='bbox 1065 2201 1179 2237; x_wconf 85' lang='lat' dir='ltr'>uecta</span> <span class='ocrx_word' id='word_1_289' title='bbox 1203 2199 1361 2237; x_wconf 86' lang='lat' dir='ltr'>camelo.</span> <span class='ocrx_word' id='word_1_290' title='bbox 1406 2216 1444 2230; x_wconf 89' lang='lat'><em>=</em></span> <span class='ocrx_word' id='word_1_291' title='bbox 1462 2199 1530 2238; x_wconf 89' lang='lat' dir='ltr'>Be.</span> <span class='ocrx_word' id='word_1_292' title='bbox 1555 2200 1625 2237; x_wconf 87' lang='lat' dir='ltr'>col.</span> <span class='ocrx_word' id='word_1_293' title='bbox 1648 2211 1737 2247; x_wconf 89' lang='lat'><em>1213</em></span> 
     </span>
     <span class='ocr_line' id='line_1_35' title="bbox 377 2258 895 2307; baseline 0.002 -12"><span class='ocrx_word' id='word_1_294' title='bbox 377 2259 483 2307; x_wconf 67' lang='lat'>§112</span> <span class='ocrx_word' id='word_1_295' title='bbox 509 2259 577 2296; x_wconf 92' lang='lat' dir='ltr'>Bo.</span> <span class='ocrx_word' id='word_1_296' title='bbox 595 2258 665 2296; x_wconf 85' lang='grc'>001.</span> <span class='ocrx_word' id='word_1_297' title='bbox 690 2259 778 2306; x_wconf 87' lang='grc'>1265</span> <span class='ocrx_word' id='word_1_298' title='bbox 799 2258 818 2306; x_wconf 81' lang='lat'>§</span> <span class='ocrx_word' id='word_1_299' title='bbox 841 2269 895 2296; x_wconf 93' lang='lat'>11.</span> 
     </span>
    </p>

    <p class='ocr_par' dir='ltr' id='par_1_20' title="bbox 341 2317 1034 2367">
     <span class='ocr_line' id='line_1_36' title="bbox 341 2317 1034 2367; baseline -0.001 -10"><span class='ocrx_word' id='word_1_300' title='bbox 341 2327 375 2357; x_wconf 92' lang='lat'>1.</span> <span class='ocrx_word' id='word_1_301' title='bbox 399 2317 501 2355; x_wconf 90' lang='lat' dir='ltr'>Dum</span> <span class='ocrx_word' id='word_1_302' title='bbox 518 2321 593 2355; x_wconf 85' lang='lat' dir='ltr'>cod.</span> <span class='ocrx_word' id='word_1_303' title='bbox 612 2330 731 2355; x_wconf 72' lang='lat' dir='ltr'><strong><em>meus:</em></strong></span> <span class='ocrx_word' id='word_1_304' title='bbox 758 2318 854 2355; x_wconf 89' lang='lat' dir='ltr'>Cum</span> <span class='ocrx_word' id='word_1_305' title='bbox 870 2320 949 2367; x_wconf 87' lang='lat' dir='ltr'>Be.,</span> <span class='ocrx_word' id='word_1_306' title='bbox 966 2320 1034 2356; x_wconf 90' lang='lat' dir='ltr'>Bo.</span> 
     </span>
    </p>

    <p class='ocr_par' dir='ltr' id='par_1_21' title="bbox 259 2376 1739 2544">
     <span class='ocr_line' id='line_1_37' title="bbox 259 2376 1738 2425; baseline -0.001 -8"><span class='ocrx_word' id='word_1_307' title='bbox 259 2388 315 2424; x_wconf 85' lang='lat'>14.</span> <span class='ocrx_word' id='word_1_308' title='bbox 343 2379 439 2423; x_wconf 76' lang='lat' dir='ltr'>Quid</span> <span class='ocrx_word' id='word_1_309' title='bbox 454 2379 639 2424; x_wconf 70' lang='lat' dir='ltr'>sigymficat</span> <span class='ocrx_word' id='word_1_310' title='bbox 653 2379 814 2424; x_wconf 74' lang='lat' dir='ltr'><strong><em>hystoria</em></strong></span> <span class='ocrx_word' id='word_1_311' title='bbox 837 2380 881 2415; x_wconf 84' lang='lat' dir='ltr'>de</span> <span class='ocrx_word' id='word_1_312' title='bbox 904 2379 1027 2425; x_wconf 79' lang='lat' dir='ltr'>ioseph</span> <span class='ocrx_word' id='word_1_313' title='bbox 1050 2383 1083 2415; x_wconf 82' lang='lat' dir='ltr'>et</span> <span class='ocrx_word' id='word_1_314' title='bbox 1097 2379 1295 2424; x_wconf 76' lang='lat' dir='ltr'>fratribus·</span> <span class='ocrx_word' id='word_1_315' title='bbox 1345 2376 1418 2416; x_wconf 84' lang='lat' dir='ltr'>Per</span> <span class='ocrx_word' id='word_1_316' title='bbox 1442 2377 1552 2415; x_wconf 87' lang='lat' dir='ltr'>iacob</span> <span class='ocrx_word' id='word_1_317' title='bbox 1576 2379 1738 2425; x_wconf 83' lang='lat' dir='ltr'>patrem,</span> 
     </span>
     <span class='ocr_line' id='line_1_38' title="bbox 376 2435 1739 2486; baseline 0.002 -13"><span class='ocrx_word' id='word_1_318' title='bbox 376 2448 446 2484; x_wconf 88' lang='lat' dir='ltr'>per</span> <span class='ocrx_word' id='word_1_319' title='bbox 470 2436 605 2484; x_wconf 86' lang='lat' dir='ltr'>ioseph</span> <span class='ocrx_word' id='word_1_320' title='bbox 634 2436 791 2485; x_wconf 82' lang='lat' dir='ltr'>concipe</span> <span class='ocrx_word' id='word_1_321' title='bbox 819 2436 1014 2483; x_wconf 84' lang='lat' dir='ltr'>christum,</span> <span class='ocrx_word' id='word_1_322' title='bbox 1061 2453 1098 2468; x_wconf 85' lang='lat'><em>=</em></span> <span class='ocrx_word' id='word_1_323' title='bbox 1115 2437 1182 2475; x_wconf 87' lang='lat' dir='ltr'>Be.</span> <span class='ocrx_word' id='word_1_324' title='bbox 1213 2437 1283 2475; x_wconf 90' lang='grc'>001.</span> <span class='ocrx_word' id='word_1_325' title='bbox 1314 2447 1406 2483; x_wconf 89' lang='grc'>1214</span> <span class='ocrx_word' id='word_1_326' title='bbox 1433 2435 1454 2486; x_wconf 83' lang='lat'><strong>§</strong></span> <span class='ocrx_word' id='word_1_327' title='bbox 1483 2446 1547 2485; x_wconf 85' lang='lat'>15:</span> <span class='ocrx_word' id='word_1_328' title='bbox 1572 2437 1641 2476; x_wconf 89' lang='grc' dir='ltr'>Βο.</span> <span class='ocrx_word' id='word_1_329' title='bbox 1667 2438 1739 2476; x_wconf 87' lang='grc'>001.</span> 
     </span>
     <span class='ocr_line' id='line_1_39' title="bbox 379 2495 587 2544; baseline 0 -10"><span class='ocrx_word' id='word_1_330' title='bbox 379 2496 472 2534; x_wconf 90' lang='lat'><strong>1266</strong></span> <span class='ocrx_word' id='word_1_331' title='bbox 490 2495 508 2544; x_wconf 85' lang='lat'>§</span> <span class='ocrx_word' id='word_1_332' title='bbox 533 2506 587 2544; x_wconf 85' lang='lat'>15.</span> 
     </span>
    </p>

    <p class='ocr_par' dir='ltr' id='par_1_22' title="bbox 343 2555 1133 2604">
     <span class='ocr_line' id='line_1_40' title="bbox 343 2555 1133 2604; baseline 0.003 -12"><span class='ocrx_word' id='word_1_333' title='bbox 343 2565 376 2593; x_wconf 90' lang='lat'>1.</span> <span class='ocrx_word' id='word_1_334' title='bbox 402 2555 561 2603; x_wconf 87' lang='lat' dir='ltr'>concipe</span> <span class='ocrx_word' id='word_1_335' title='bbox 578 2558 651 2593; x_wconf 86' lang='lat' dir='ltr'>cod.</span> <span class='ocrx_word' id='word_1_336' title='bbox 669 2569 788 2595; x_wconf 80' lang='lat' dir='ltr'><strong><em>meus:</em></strong></span> <span class='ocrx_word' id='word_1_337' title='bbox 813 2555 958 2604; x_wconf 82' lang='lat' dir='ltr'>respice</span> <span class='ocrx_word' id='word_1_338' title='bbox 972 2558 1047 2601; x_wconf 72' lang='lat' dir='ltr'>Be„</span> <span class='ocrx_word' id='word_1_339' title='bbox 1067 2557 1133 2594; x_wconf 92' lang='lat' dir='ltr'>Bo.</span> 
     </span>
    </p>

    <p class='ocr_par' dir='ltr' id='par_1_23' title="bbox 342 2614 1736 2720">
     <span class='ocr_line' id='line_1_41' title="bbox 342 2614 1736 2662; baseline 0.001 -10"><span class='ocrx_word' id='word_1_340' title='bbox 342 2625 375 2662; x_wconf 84' lang='lat'>5,</span> <span class='ocrx_word' id='word_1_341' title='bbox 395 2617 427 2652; x_wconf 92' lang='grc'>6.</span> <span class='ocrx_word' id='word_1_342' title='bbox 453 2615 592 2653; x_wconf 88' lang='lat' dir='ltr'>fratres</span> <span class='ocrx_word' id='word_1_343' title='bbox 607 2615 781 2653; x_wconf 88' lang='lat' dir='ltr'>occidere</span> <span class='ocrx_word' id='word_1_344' title='bbox 797 2616 958 2654; x_wconf 85' lang='lat' dir='ltr'>fratrem</span> <span class='ocrx_word' id='word_1_345' title='bbox 980 2614 1163 2660; x_wconf 83' lang='lat' dir='ltr'>Querunt,</span> <span class='ocrx_word' id='word_1_346' title='bbox 1182 2614 1287 2653; x_wconf 85' lang='lat' dir='ltr'>iudei</span> <span class='ocrx_word' id='word_1_347' title='bbox 1309 2615 1506 2653; x_wconf 84' lang='lat' dir='ltr'>christum.</span> <span class='ocrx_word' id='word_1_348' title='bbox 1523 2618 1596 2653; x_wconf 82' lang='lat' dir='ltr'>cod.</span> <span class='ocrx_word' id='word_1_349' title='bbox 1614 2628 1736 2653; x_wconf 78' lang='lat' dir='ltr'><strong><em>meus:</em></strong></span> 
     </span>
     <span class='ocr_line' id='line_1_42' title="bbox 376 2673 1655 2720; baseline 0.002 -11"><span class='ocrx_word' id='word_1_350' title='bbox 376 2673 516 2712; x_wconf 84' lang='lat' dir='ltr'>fratres</span> <span class='ocrx_word' id='word_1_351' title='bbox 533 2674 647 2712; x_wconf 88' lang='lat' dir='ltr'>fratri</span> <span class='ocrx_word' id='word_1_352' title='bbox 662 2674 934 2713; x_wconf 75' lang='lat' dir='ltr'>machinantur</span> <span class='ocrx_word' id='word_1_353' title='bbox 950 2675 1115 2712; x_wconf 86' lang='lat' dir='ltr'><strong><em>Mortem</em></strong></span> <span class='ocrx_word' id='word_1_354' title='bbox 1129 2687 1138 2720; x_wconf 91' lang='grc'><strong>;</strong></span> <span class='ocrx_word' id='word_1_355' title='bbox 1165 2674 1299 2712; x_wconf 84' lang='lat' dir='ltr'>Iudaei</span> <span class='ocrx_word' id='word_1_356' title='bbox 1316 2674 1478 2712; x_wconf 84' lang='lat' dir='ltr'>Christo.</span> <span class='ocrx_word' id='word_1_357' title='bbox 1498 2676 1573 2719; x_wconf 65' lang='lat' dir='ltr'>Be„</span> <span class='ocrx_word' id='word_1_358' title='bbox 1590 2677 1655 2713; x_wconf 89' lang='lat' dir='ltr'>Bo.</span> 
     </span>
    </p>

    <p class='ocr_par' dir='ltr' id='par_1_24' title="bbox 341 2733 1737 2902">
     <span class='ocr_line' id='line_1_43' title="bbox 341 2733 1737 2782; baseline 0 -10"><span class='ocrx_word' id='word_1_359' title='bbox 341 2743 400 2778; x_wconf 83' lang='lat'>10,</span> <span class='ocrx_word' id='word_1_360' title='bbox 422 2744 476 2772; x_wconf 91' lang='lat'>11.</span> <span class='ocrx_word' id='word_1_361' title='bbox 503 2734 660 2781; x_wconf 80' lang='lat' dir='ltr'>suscipit</span> <span class='ocrx_word' id='word_1_362' title='bbox 683 2734 796 2772; x_wconf 89' lang='lat' dir='ltr'>illum</span> <span class='ocrx_word' id='word_1_363' title='bbox 821 2733 1003 2782; x_wconf 83' lang='lat' dir='ltr'>Egiptus:</span> <span class='ocrx_word' id='word_1_364' title='bbox 1029 2733 1216 2771; x_wconf 88' lang='lat' dir='ltr'>christum</span> <span class='ocrx_word' id='word_1_365' title='bbox 1240 2734 1428 2772; x_wconf 88' lang='lat' dir='ltr'>credendo</span> <span class='ocrx_word' id='word_1_366' title='bbox 1449 2734 1609 2782; x_wconf 87' lang='lat' dir='ltr'>suscipit</span> <span class='ocrx_word' id='word_1_367' title='bbox 1634 2734 1737 2772; x_wconf 88' lang='lat' dir='ltr'>orbis</span> 
     </span>
     <span class='ocr_line' id='line_1_44' title="bbox 374 2792 1736 2843; baseline 0.001 -13"><span class='ocrx_word' id='word_1_368' title='bbox 374 2796 451 2830; x_wconf 83' lang='lat' dir='ltr'>cod.</span> <span class='ocrx_word' id='word_1_369' title='bbox 466 2806 587 2832; x_wconf 77' lang='lat' dir='ltr'><strong><em>meus:</em></strong></span> <span class='ocrx_word' id='word_1_370' title='bbox 615 2794 750 2831; x_wconf 88' lang='lat' dir='ltr'>ductus</span> <span class='ocrx_word' id='word_1_371' title='bbox 759 2794 977 2843; x_wconf 83' lang='lat' dir='ltr'>Aegyptum</span> <span class='ocrx_word' id='word_1_372' title='bbox 991 2792 1060 2832; x_wconf 87' lang='lat' dir='ltr'>Est</span> <span class='ocrx_word' id='word_1_373' title='bbox 1073 2793 1220 2842; x_wconf 87' lang='lat' dir='ltr'>Ioseph,</span> <span class='ocrx_word' id='word_1_374' title='bbox 1233 2793 1450 2841; x_wconf 85' lang='lat' dir='ltr'>Christique</span> <span class='ocrx_word' id='word_1_375' title='bbox 1463 2793 1556 2833; x_wconf 82' lang='lat' dir='ltr'>fides</span> <span class='ocrx_word' id='word_1_376' title='bbox 1569 2796 1628 2832; x_wconf 88' lang='lat' dir='ltr'>est</span> <span class='ocrx_word' id='word_1_377' title='bbox 1644 2796 1736 2832; x_wconf 85' lang='lat' dir='ltr'>nota</span> 
     </span>
     <span class='ocr_line' id='line_1_45' title="bbox 377 2853 772 2902; baseline 0.005 -12"><span class='ocrx_word' id='word_1_378' title='bbox 377 2864 448 2899; x_wconf 87' lang='lat' dir='ltr'>per</span> <span class='ocrx_word' id='word_1_379' title='bbox 464 2853 592 2891; x_wconf 88' lang='lat' dir='ltr'><strong><em>orbem</em></strong></span> <span class='ocrx_word' id='word_1_380' title='bbox 610 2855 687 2902; x_wconf 67' lang='lat' dir='ltr'>Be„</span> <span class='ocrx_word' id='word_1_381' title='bbox 704 2855 772 2892; x_wconf 91' lang='lat' dir='ltr'>Bo.</span> 
     </span>
    </p>
   </div>
   <div class='ocr_carea' id='block_1_5' title="bbox 367 2924 434 2968">
    <p class='ocr_par' dir='ltr' id='par_1_25' title="bbox 367 2924 434 2968">
     <span class='ocr_line' id='line_1_46' title="bbox 367 2924 434 2968; baseline 0.03 -12"><span class='ocrx_word' id='word_1_382' title='bbox 367 2924 434 2968; x_wconf 81' lang='lat'>428</span> 
     </span>
    </p>
   </div>
  </div>
 </body>
</html>
