1846 3262
106 262 210 296 ost.
224 249 342 313 vm]
651 251 1062 298 POLICRATICV
1063 252 1096 297 S
1622 262 1713 305 ⁵99
1735 253 1761 294 c

109 389 226 432 quae
260 375 538 434 praeceperit
568 375 790 434 princeps,
824 390 1072 434 numquam
1103 375 1360 420 deserturos
1391 375 1605 419 militiam

108 442 184 486 1101
217 446 409 487 mortem
449 447 733 488 recusaturos
770 459 853 502 pro
893 459 942 488 re
981 443 1163 502 publica
1195 445 1324 488 cuius
1358 447 1467 488 sunt
1501 459 1605 488 con·

108 512 267 571 scripti
293 513 496 558 militiae.
555 513 672 559 Cum
696 529 805 558 uero
831 515 914 559 hoc
940 514 1252 573 praestiterint
1277 515 1606 567 iusiurandum,

108 582 291 642 cingulo
310 583 499 627 militari
520 583 749 628 donantur
768 588 815 628 et
838 585 1103 643 priuilegiis.
1162 585 1376 643 Adeoque
1405 585 1607 643 optinuit

70 670 93 705 5
109 655 165 697 ut
183 653 342 698 electio
361 657 408 698 et
426 657 757 698 sacramentum
776 655 967 698 militem
983 654 1197 707 facerent,
1211 659 1266 699 ut
1279 654 1377 699 sine
1392 655 1608 700 electione

109 738 243 768 nemo
271 725 628 769 conscriberetur
652 728 734 769 aut
760 725 943 777 iuraret,
971 726 1069 770 sine
1092 726 1347 770 iuramento
1370 741 1502 770 nemo
1528 741 1608 770 no·

109 809 216 838 men
235 795 395 838 militis
415 799 498 839 aut
516 795 711 840 officium
731 796 981 840 sortiretur.

171 865 231 909 In
250 866 367 910 libro
387 865 647 910 Officiorum
668 866 849 910 Marcus
868 866 1045 910 Tullius
1065 866 1208 911 refert
1228 867 1348 925 quod
1362 867 1609 925 Pompilius
1627 868 1659 910 d

81 957 86 962 ·
111 935 359 995 imperator
377 937 563 980 tenebat
582 936 862 995 prouinciam
889 937 938 980 in
958 937 1087 980 cuius
1107 938 1310 981 exercitu
1330 938 1451 981 filius
1472 937 1609 983 Cato-

53 1025 96 1054 1ο
112 1007 186 1051 1118
210 1007 299 1051 tiro
325 1006 565 1051 militabat.
626 1006 742 1051 Cum
773 1010 926 1050 autem
957 1006 1178 1065 Pompilio
1208 1008 1442 1052 uideretur
1471 1023 1611 1051 unam

112 1077 343 1122 dimittere
382 1077 615 1136 legionem,
646 1076 834 1122 Catonis
864 1092 1042 1135 quoque
1071 1077 1229 1130 filium,
1260 1078 1339 1137 qui
1376 1079 1425 1122 in
1455 1079 1611 1123 eadem

111 1148 289 1207 legione
327 1147 567 1200 militabat,
597 1147 782 1191 dimisit,
856 1147 946 1191 Sed
976 1163 1079 1192 cum
1110 1163 1264 1193 amore
1296 1150 1531 1208 pugnandi
1563 1150 1612 1193 in

113 1219 317 1264 exercitu
336 1218 636 1270 remansisset,
651 1218 767 1263 Cato
787 1218 846 1262 ad
863 1218 1134 1276 Pompilium
1155 1219 1336 1277 scripsit
1349 1224 1414 1271 ut,
1430 1220 1469 1263 si
1485 1223 1613 1278 pate-

113 1293 243 1334 retur
261 1289 310 1333 in
325 1289 528 1333 exercitu
548 1304 791 1341 remanere,
807 1304 910 1333 eum
926 1289 1121 1333 secundo
1141 1289 1313 1349 obliget
1333 1294 1613 1335 sacramento

56 1381 98 1417 ¹5
115 1360 235 1419 quia,
249 1360 398 1419 priore
417 1359 594 1411 amisso,
610 1360 708 1403 iure
728 1374 830 1404 cum
851 1360 1058 1404 hostibus
1078 1375 1285 1419 pugnare
1304 1376 1398 1404 non
1418 1364 1613 1419 poterat.

174 1430 318 1475 Marci
357 1431 540 1489 quidem
580 1429 767 1475 Catonis
807 1430 928 1474 senis
968 1430 1161 1489 epistola
1200 1435 1270 1475 est
1309 1431 1368 1475 ad
1409 1432 1614 1476 Marcum

113 1501 259 1546 filium
279 1501 330 1545 in
348 1516 440 1559 qua
459 1501 616 1546 scribit
635 1516 683 1545 se
709 1501 888 1545 audisse
915 1516 1019 1545 eum
1050 1501 1224 1546 factum
1252 1502 1488 1546 dimissum
1519 1518 1615 1547 esse

25 1631 27 1633 ι
114 1588 145 1617 8
182 1572 375 1624 consule,
409 1587 512 1616 cum
552 1572 601 1615 in
641 1572 904 1616 Macedonia
943 1572 1061 1616 bello
1102 1573 1279 1617 Persico
1317 1574 1447 1617 miles
1486 1577 1617 1619 esset.

19 1635 21 1637 ¹
116 1643 274 1687 Monet
292 1642 436 1702 igitur
454 1647 509 1687 111
535 1646 696 1687 0811081
721 1658 779 1687 110
805 1643 1027 1701 praelium
1054 1643 1179 1687 ineat
1190 1658 1201 1696 3
1231 1648 1371 1702 negat
1400 1644 1520 1687 enim
1545 1645 1617 1689 ius

53 1726 101 1760 io
117 1728 213 1758 esse
241 1728 344 1757 cum
371 1713 500 1757 hoste
529 1728 732 1772 pugnare
762 1713 841 1771 qui
871 1713 1000 1756 miles
1029 1728 1121 1756 non
1150 1713 1223 1757 sit.
1284 1714 1396 1758 Ecce
1416 1715 1524 1773 quia
1543 1715 1618 1758 uir

116 1784 476 1843 sapientissimus
507 1784 700 1827 militem
731 1799 823 1827 non
857 1784 1069 1828 credebat
1097 1784 1187 1828 nisi
1218 1799 1322 1828 eum
1358 1785 1437 1843 qui
1468 1801 1614 1830 88018-
1632 1787 1724 1828 600
1745 1796 1776 1826 a

115 1858 271 1900 mento
299 1855 359 1899 ad
388 1855 600 1899 militiam
630 1858 928 1900 consecratur.

118 1988 230 2048 Cap.
260 1989 301 2034 8.
342 1988 599 2032 Armatam
626 1987 857 2032 militiam
885 1988 950 2032 ad
979 1988 1253 2046 reliyimwm
1280 2003 1334 2034 ex
1363 1988 1619 2033 necessitate

235 2059 395 2112 teum,
434 2058 551 2103 sicut
590 2058 729 2102 illam
767 2073 885 2116 quae
922 2058 982 2103 in
1021 2059 1136 2103 clem
1174 2059 1365 2104 diuinis
1395 2059 1618 2117 obsequiis

58 2150 103 2186 ²5
236 2133 549 2180 mmmmm
579 2133 618 2173 et
640 2129 762 2187 quod
789 2129 919 2174 ‘miles
937 2129 1058 2174 sicut
1082 2129 1269 2174 homo-is
1292 2130 1365 2174 ita
1388 2134 1429 2174 et
1449 2130 1619 2174 laboris

236 2215 410 2244 nomen
427 2204 501 2244 est.

179 2281 270 2326 Sed
288 2281 432 2340 ipsius
451 2280 695 2325 iuramenti
715 2280 856 2324 uerba
875 2280 1070 2332 reuolue,
1091 2283 1138 2325 et
1165 2281 1369 2326 inuenies
1397 2284 1620 2325 armatam

118 2352 331 2396 militiam
350 2367 443 2396 non
462 2351 613 2395 minus
640 2366 777 2409 quam
804 2350 1086 2409 spiritualem
1111 2366 1169 2394 ex
1195 2352 1461 2395 necessitate
1487 2352 1621 2396 officii

121 2423 182 2468 ad
204 2423 467 2481 relig-ionem
496 2425 543 2465 et
566 2421 653 2464 Dei
682 2421 856 2465 cultum
885 2421 1039 2472 artari,
1059 2436 1161 2464 cum
1184 2421 1380 2465 fideliter
1398 2426 1445 2466 et
1465 2437 1621 2466 secun-

57 2516 107 2552 30
122 2494 233 2538 dum
265 2493 413 2537 Deum
447 2491 641 2551 principi
670 2491 888 2534 debeatur
923 2491 1187 2549 obsequium
1223 2494 1270 2535 et
1309 2493 1374 2535 rei
1415 2493 1621 2550 publicae

121 2564 317 2623 peruigil
350 2563 612 2607 famulatus.
687 2561 832 2614 Vnde,
866 2561 987 2618 quod
1020 2561 1240 2620 praedixi,
1270 2563 1348 2620 qui
1378 2578 1460 2607 nec
1490 2563 1621 2607 electi

121 2637 232 2678 sunt
250 2648 332 2678 nec
351 2633 504 2684 iurati,
524 2631 609 2676 etsi
628 2631 827 2675 militum
848 2631 1030 2674 nomine
1055 2634 1335 2684 censeantur,
1354 2647 1447 2676 non
1475 2633 1622 2692 magis

119 2757 147 2792 4
171 2743 345 2782 obtinuit
360 2742 402 2779 M
549 2743 593 2780 18
609 2741 651 2778 in
666 2753 735 2779 om.
753 2740 878 2778 CBAS

171 2862 196 2896 4
225 2851 459 2898 priunloqiisz
503 2859 668 2896 quorum
700 2846 912 2894 praecipua
949 2858 997 2884 ea
1028 2849 1141 2884 etant
1174 2860 1274 2895 quae
1309 2849 1359 2886 ad
1391 2850 1620 2888 testamenti

122 2898 335 2937 factionem
351 2895 572 2944 pertinebat
590 2910 600 2940 ;
624 2908 657 2931 v.
675 2894 763 2942 Dig.
780 2895 881 2932 xxix.
904 2905 934 2932 1.
1081 2898 1102 2932 8
1127 2897 1333 2944 Pompilius
1348 2900 1446 2937 etc.:
1473 2899 1551 2937 Cic.
1576 2902 1620 2937 de

125 2950 195 2995 Off.
210 2946 239 2984 i.
259 2957 299 2985 11
321 2945 340 2994 §
359 2946 418 2993 36.
568 2944 613 2982 16
636 2945 759 2980 Marci
774 2946 847 2981 etc.
865 2956 874 2981 :
899 2943 978 2981 Cic.
995 2945 1040 2980 de
1058 2945 1127 2990 Off.
1143 2943 1171 2981 i.
1190 2955 1231 2983 11
1253 2944 1272 2993 ξ
1290 2955 1350 2993 37.

1462 3013 1502 3037 21
