1846 3262
84 218 162 259 σει
180 228 213 259 a
538 214 805 261 IoANNIS
848 213 1371 260 sARESBERIENSIs
1511 200 1624 278 [m.
1642 228 1716 262 v11

178 343 211 383 b
228 339 286 383 ad
313 338 507 397 gratiam
541 352 675 395 quam
707 336 971 380 meritorum
1006 336 1173 381 iudicio
1208 337 1488 385 deferuntur.
1548 340 1717 384 Omnes

227 410 381 467 itaque
421 410 620 459 currunt,
669 407 758 458 sed,
798 422 900 451 cum
948 422 1000 451 eo
1046 411 1235 452 uentum
1276 412 1356 463 est,
1396 425 1514 455 unus
1554 411 1718 469 accipit

226 480 435 524 brauium
465 479 541 522 ille
570 478 649 536 qui
679 478 727 520 in
757 492 892 522 cursu
922 478 1182 523 ambitionis
1211 479 1312 523 aliis
1341 481 1535 525 uelocior
1562 481 1720 525 extitit

227 553 274 594 et
314 549 391 607 qui
431 548 739 606 praecucurrit
777 547 912 591 citius
953 548 1087 592 Petro
1122 552 1169 592 et
1203 550 1364 607 quouis
1396 550 1718 609 discipulorum

228 619 413 665 Christi.
474 619 692 662 Ascendit
719 618 838 662 enim
869 619 971 663 ilico
1002 621 1049 663 et
1078 634 1256 663 omnem
1286 620 1562 665 celeritatem
1591 621 1718 666 festi-
1737 638 1759 675 5

226 693 362 741 natae
382 690 631 733 uocationis
651 690 901 747 praeuenit.
963 690 1027 733 Hi
1048 694 1156 734 sunt
1171 691 1250 748 qui
1271 692 1438 736 crebris
1458 693 1721 738 muneribus

227 760 420 804 uisitant
439 762 698 817 potestates,
720 759 928 804 laterales
949 763 995 804 et
1021 760 1268 805 familiares
1289 777 1443 806 eorum
1463 763 1721 816 sollicitant,

226 830 513 874 ecclesiarum
537 830 697 887 primis
724 845 771 874 se
799 831 1126 883 commendant,
1147 831 1427 889 applaudant
1447 834 1654 878 omnibus
1675 837 1722 878 et

227 901 366 945 etiam
386 916 654 959 magnarum
670 901 885 944 domuum
902 917 992 945 non
1012 902 1145 946 modo
1166 902 1374 947 officiales
1394 904 1473 948 sed
1491 905 1722 949 ciniflones

228 975 393 1030 rogant
423 974 487 1023 ut,
511 986 614 1016 cum
644 971 790 1015 locum
820 972 1033 1026 uiderint,
1061 973 1349 1018 meminerint
1378 974 1461 1022 sui.
1523 975 1587 1018 Hi
1614 977 1723 1019 sunt
1742 991 1783 1016 10

229 1042 362 1086 amici
393 1042 594 1086 omnium
625 1045 671 1086 et
698 1042 776 1099 qui
807 1057 899 1086 non
929 1057 976 1087 se
1006 1043 1085 1087 sed
1116 1046 1282 1088 amicos
1313 1044 1362 1087 in
1392 1060 1439 1088 se
1465 1045 1724 1089 desiderant

228 1112 497 1171 promoueri.
559 1111 623 1155 Hi
656 1115 764 1156 sunt
788 1113 866 1170 qui
893 1113 1038 1157 uitam
1066 1117 1330 1158 scrutantur
1356 1115 1561 1167 alienam,
1581 1116 1723 1174 negli-

230 1190 348 1242 gunt
377 1198 518 1237 suam,
538 1182 837 1227 infulatorum
865 1199 1006 1228 annos
1037 1185 1337 1237 dinumerant,
1364 1186 1488 1230 canis
1511 1186 1724 1239 letantur,-

187 1269 214 1299 c
231 1254 425 1312 phisicos
459 1257 506 1297 et
539 1254 807 1312 genelliacos
841 1255 897 1299 de
930 1255 1040 1299 fatis
1079 1256 1432 1314 praesidentium
1471 1257 1725 1309 consulunt,

230 1324 401 1368 librant
432 1324 641 1368 humores
676 1327 723 1368 et
756 1325 884 1382 quasi
919 1325 968 1368 in
1002 1328 1173 1370 statera
1204 1327 1468 1384 appendunt
1503 1327 1725 1371 elementa
1743 1339 1783 1377 15

230 1394 483 1448 uiuacium;
519 1396 567 1438 et
596 1409 707 1452 quos
737 1395 912 1439 diutius
942 1410 1172 1454 superesse
1202 1398 1528 1455 conspexerint,
1555 1401 1724 1441 etatem

231 1464 439 1509 Nestoris
463 1465 622 1509 dicunt
646 1465 859 1509 excedere
887 1468 933 1510 et
959 1467 1082 1511 cerui
1109 1470 1191 1511 aut
1217 1468 1406 1512 cornicis
1426 1468 1517 1511 iam
1538 1468 1725 1526 implere

231 1549 503 1580 mensuram.
561 1534 744 1579 Debiles
784 1538 906 1579 etate
944 1536 1019 1580 uel
1059 1537 1216 1581 morbo
1261 1538 1538 1590 concutiunt,
1586 1538 1725 1582 etiam

233 1605 429 1650 sinceros
460 1605 724 1649 criminibus
758 1606 1014 1650 incrustant
1046 1606 1281 1660 simulatis,
1310 1611 1356 1652 et
1388 1608 1518 1666 quasi
1549 1608 1724 1653 heredi-

232 1677 365 1734 petae
404 1674 716 1719 uacillantium
755 1675 982 1720 cathedris
1021 1676 1295 1721 insidiantur
1332 1679 1546 1737 turpique
1585 1679 1724 1723 inter·
1744 1692 1788 1718 πο

233 1746 445 1790 ueniente
487 1746 750 1790 commercio
790 1749 1108 1804 occupatarum
1147 1747 1322 1792 sedium
1368 1763 1500 1807 saepe
1543 1749 1726 1794 illicitas

235 1815 483 1873 impetrant
513 1816 746 1861 cessiones.
806 1815 870 1858 Hi
903 1819 1011 1860 sunt
1046 1816 1124 1875 qui
1159 1817 1215 1861 de
1245 1832 1292 1862 se
1327 1818 1651 1863 coadiuuandis
1681 1823 1728 1864 et

235 1885 552 1944 promouendis
571 1885 770 1929 nefarias
794 1886 1092 1946 obligationes
1112 1887 1431 1946 interponunt;
1464 1892 1511 1933 et
1530 1890 1727 1943 tandem,

235 1970 338 2000 cum
373 1956 432 1999 ad
467 1971 562 2000 rem
601 1959 790 2000 uentum
825 1959 904 2009 est,
937 1957 1219 2002 immemores
1251 1958 1358 2002 fidei
1397 1962 1554 2004 contra
1592 1961 1727 2004 fidem

235 2026 370 2070 datae
394 2040 441 2070 se
469 2026 589 2085 ipsos
616 2027 876 2071 ambitionis
901 2030 948 2071 et
971 2027 1171 2072 inuidiae
1191 2029 1388 2074 stimulis
1407 2029 1661 2088 impediunt
1682 2034 1728 2076 et
1747 2043 1789 2079 ²5

236 2096 474 2154 repellunt.
536 2097 612 2141 Sic
646 2111 753 2155 ergo
787 2097 1062 2156 plerumque,
1095 2099 1204 2142 dum
1244 2100 1588 2158 competitorum
1627 2102 1730 2146 rixa

190 2175 222 2216 d
238 2166 471 2219 crudescit,
484 2167 706 2225 sapientia
726 2168 813 2212 Dei
832 2183 913 2226 per
927 2169 1148 2213 occultam
1169 2173 1216 2214 et
1236 2173 1404 2215 rectam
1425 2171 1732 2230 dispositionis

239 2252 347 2282 suae
366 2237 490 2281 uiam
510 2238 688 2281 fidelem
707 2238 989 2297 incognitum
1001 2239 1249 2285 introducit
1269 2241 1325 2285 de
1346 2256 1434 2299 quo
1446 2257 1733 2301 nequaquam

239 2310 541 2366 praecesserat
561 2323 706 2353 sermo
725 2309 799 2353 uel
823 2310 1049 2368 cogitatio.
1109 2311 1186 2354 Illi
1207 2314 1361 2355 tamen
1385 2327 1443 2356 ex
1469 2313 1733 2372 contingen-

240 2378 364 2423 tibus
384 2378 523 2423 nichil
544 2379 788 2434 omittunt;
812 2380 901 2424 nisi
923 2380 1042 2425 forte
1063 2381 1111 2424 in
1132 2396 1184 2425 eo
1203 2382 1514 2441 contingentia
1533 2386 1732 2442 praeter·
1749 2397 1796 2433 30

241 2450 431 2494 mittant
461 2449 581 2507 quod
610 2450 850 2495 ambiendo
879 2451 1063 2495 modum
1094 2453 1329 2505 excedunt,
1354 2454 1393 2497 si
1423 2458 1577 2498 tamen
1606 2454 1655 2498 in
1682 2469 1736 2499 eo

240 2571 266 2608 9
291 2560 489 2598 cituflones
505 2561 581 2598 A²S
752 2572 796 2608 14
821 2563 860 2600 et
877 2574 946 2600 om.
964 2561 1012 2599 B¹
1158 2572 1200 2611 15
1227 2563 1428 2610 apendunt
1444 2563 1534 2602 GBS
1688 2574 1736 2603 22

241 2609 424 2647 sessiones
441 2609 482 2645 M

295 2718 311 2744 1
341 2710 472 2745 Omnes
487 2711 562 2746 etc.
577 2721 587 2745 z
612 2720 649 2747 v.
671 2719 685 2745 1
706 2706 791 2745 Cor
806 2707 860 2746 ix.
878 2719 937 2754 24.
1104 2719 1128 2755 4
1151 2712 1407 2756 praecucurrit
1422 2711 1495 2748 etc.
1512 2723 1521 2749 :
1547 2723 1581 2748 v.
1601 2710 1736 2749 Ioann.

243 2766 306 2810 xp.
327 2766 362 2801 4.
482 2767 505 2803 9
529 2758 742 2803 cinfflones:
769 2769 802 2793 v.
822 2756 916 2794 Hor.
931 2758 1006 2793 Sat.
1022 2755 1047 2793 i.
1063 2767 1097 2794 2.
1111 2758 1170 2804 98.
1292 2769 1336 2804 14
1356 2760 1542 2806 phisicos.
1568 2771 1602 2796 v.
1618 2771 1737 2806 supra

243 2802 287 2840 ii.
308 2814 323 2840 1
347 2804 498 2850 (4150).
625 2806 859 2851 qenelliacos:
885 2817 918 2841 v.
937 2804 1096 2852 supi-ai.
1117 2816 1160 2842 12
1179 2805 1266 2851 (408
1277 2807 1337 2853 D).
1463 2808 1518 2851 16,
1540 2816 1582 2852 17
1608 2813 1736 2844 etatem

245 2853 427 2888 Nestoris:
465 2864 498 2888 v.
521 2852 693 2890 Martial.
714 2854 845 2899 Epiyr.
867 2852 910 2890 ii.
933 2854 992 2898 64.
1014 2864 1049 2899 3,
1071 2852 1121 2890 vi.
1145 2862 1203 2900 70.
1230 2864 1287 2893 12.
1461 2864 1507 2901 17
1541 2857 1642 2892 cerui
1669 2860 1737 2892 aut

219 2901 419 2956 διῑονηίείει·
443 2912 478 2938 v.
496 2900 573 2939 Cic.
593 2902 697 2938 Tusc.
713 2903 821 2949 Disp.
839 2900 895 2938 iii.
916 2903 961 2939 28
980 2900 999 2949 ξ
1017 2903 1076 2948 69.

357 2980 418 3017 172
