1846 3262
90 211 172 252 734
190 201 222 243 b
555 199 818 245 IOANNIS
858 199 1381 245 SARESBERIENSIS
1501 198 1612 261 [mn.
1628 210 1725 244 VIII

191 331 222 371 b
241 323 366 367 cuius
405 323 568 366 uirtuti
610 322 891 366 Normannia
930 321 1231 366 Cenomannis
1275 325 1322 366 et
1360 323 1542 366 tandem
1581 322 1726 365 maior

241 394 478 437 Britannia
514 393 657 436 cessit.
732 394 978 450 Assumpto
1009 407 1203 450 namque
1234 393 1361 450 regni
1393 393 1644 436 diademate
1680 394 1727 435 et

239 478 347 522 pace
368 463 612 521 composita
632 463 805 521 legatos
824 463 948 506 misit
975 462 1033 505 ad
1058 465 1236 506 exteras
1255 463 1460 507 nationes
1480 467 1534 507 ut
1553 478 1580 506 a
1599 477 1726 520 prae·

239 534 371 578 claris
402 534 602 577 omnium
627 533 833 577 domibus
858 533 1070 592 quicquid
1101 533 1165 576 eis
1194 534 1482 591 magnificum
1502 537 1584 577 aut
1603 533 1726 576 miri-

239 605 373 648 ficum
429 604 662 647 uideretur
712 604 937 647 afferrent.
1019 602 1224 646 Defluxit
1275 618 1381 662 ergo
1433 604 1481 646 in
1533 603 1727 647 insulam
1747 619 1767 654 5

239 673 498 731 opulentam
521 677 566 716 et
587 688 701 731 quae
721 673 815 716 fere
836 673 930 717 sola
950 673 1079 716 bonis
1100 673 1193 717 suis
1214 676 1282 717 est
1309 673 1356 716 in
1384 674 1490 717 orbe
1517 675 1729 717 contenta

240 744 453 802 quicquid
492 744 863 802 magnificentiae,
901 743 1038 787 immo
1078 743 1298 796 luxuriae,
1331 744 1481 802 potuit
1521 743 1728 788 inueniri.

242 815 486 859 Laudabile
507 815 687 872 quidem
708 813 799 857 fuit
823 814 977 872 magni
1004 814 1093 858 uiri
1118 815 1397 872 propositum
1429 815 1506 873 qui
1533 815 1730 858 uirtutes

241 885 441 929 omnium
476 885 574 928 orbi
607 899 688 928 suo
723 884 904 928 uolebat
935 884 1187 928 infundere.
1254 885 1344 929 Sed
1377 900 1475 929 meo
1504 885 1730 929 arbitratu

241 955 513 999 laudabilius
537 955 774 1007 extitisset,
800 955 838 998 si
866 955 914 998 in
941 958 1121 1013 gentem
1149 970 1284 1013 quam
1315 956 1452 1000 armis
1481 956 1654 1000 uicerat
1683 958 1730 999 et
1749 974 1792 1000 10

242 1041 377 1084 quam
401 1025 608 1069 luxuriae
641 1026 923 1084 praeuicerat
947 1026 1213 1084 magnitudo
1234 1025 1378 1085 legem
1405 1026 1730 1084 temperantiae

242 1096 580 1154 promulgasset.
643 1096 761 1139 Sane
793 1096 1066 1140 fructuosius
1091 1099 1207 1140 esset
1235 1111 1332 1140 eam
1363 1096 1572 1140 roborare
1592 1096 1732 1140 uerbo

242 1170 288 1210 et
308 1182 439 1225 opere
461 1182 596 1224 quam
616 1166 879 1211 lasciuiendi
901 1167 959 1210 ab
979 1167 1249 1210 auctoritate
1276 1167 1522 1211 multorum
1546 1181 1731 1225 magno·

200 1255 226 1286 c
243 1253 431 1295 rumque
452 1252 701 1295 propagare
721 1237 967 1281 audaciam.
1029 1237 1166 1281 Secus
1187 1237 1328 1296 egisse
1345 1237 1508 1281 Gaium
1522 1237 1731 1282 Cesarem

242 1323 350 1366 pace
382 1308 484 1351 urbi
516 1308 763 1351 reformata
794 1307 935 1351 refert
962 1308 1277 1359 Portunianus,
1307 1308 1397 1366 qui,
1424 1307 1731 1366 sumptuariae
1751 1325 1792 1360 15

242 1378 354 1436 legis
389 1378 601 1421 insistens
636 1377 840 1435 uestigio,
872 1378 1053 1421 domum
1083 1378 1262 1422 ciuilem
1293 1378 1444 1436 potius
1476 1393 1612 1435 quam
1647 1378 1729 1421 im-

241 1449 512 1507 peratoriam
543 1448 591 1491 in
621 1462 775 1491 mensa
803 1448 950 1506 prima
979 1448 1125 1491 tribus
1155 1448 1458 1506 solempnibus
1486 1448 1732 1506 pulmentis

243 1520 339 1563 siue
375 1518 557 1562 ferculis
590 1518 753 1562 statuit
788 1533 882 1562 esse
915 1521 1183 1570 contentam,
1214 1518 1322 1561 dum
1360 1522 1513 1562 tamen
1545 1519 1733 1562 bellaria

243 1589 521 1647 parentetica
540 1603 622 1646 pro
641 1589 906 1632 necessitate
928 1591 1008 1632 aut
1029 1589 1252 1647 dignitate
1272 1603 1563 1646 personarum
1585 1592 1631 1633 et
1651 1592 1733 1634 aut

244 1660 491 1703 exercenda
520 1659 791 1703 liberalitate
827 1662 908 1703 aut
939 1659 1223 1703 solemnitate
1255 1659 1344 1703 diei
1377 1660 1535 1718 primis
1566 1661 1733 1706 mensis
1754 1677 1797 1703 πο

244 1730 422 1774 licuerit
441 1730 699 1773 immiscere.
761 1729 988 1773 Solemnia
1019 1730 1199 1787 quidem
1225 1730 1459 1788 pulmenta
1482 1734 1589 1775 sunt
1619 1747 1734 1789 quae

246 1801 295 1843 in
316 1815 469 1843 omnes
489 1802 809 1857 pertranseunt
829 1802 875 1843 et
895 1815 923 1842 a
940 1800 1092 1843 Grecis
1112 1800 1343 1852 catholica,
1357 1801 1440 1844 hoc
1462 1803 1530 1844 est
1549 1802 1733 1846 uniuer-

247 1870 371 1922 salia‚
391 1870 695 1913 nominantur.
756 1870 1039 1914 Parentetica
1058 1885 1167 1914 uero
1188 1885 1302 1928 quae
1319 1886 1376 1914 ex
1390 1886 1525 1915 causa
1545 1872 1735 1916 necessi-

247 1941 357 1985 tatis
385 1942 466 1983 aut
491 1940 764 1983 urbanitatis
784 1940 833 1983 in
856 1943 1141 1998 praeceptam
1162 1941 1315 1998 aliqua
1344 1941 1518 1985 ratione
1544 1943 1737 1987 ueniunt

248 2015 447 2070 partem;
477 2011 539 2054 sic
560 2011 682 2054 dicta
702 2025 754 2054 00
774 2010 894 2068 quod
915 2010 1231 2069 solempnibus,
1245 2011 1293 2054 id
1309 2014 1377 2055 est
1392 2012 1736 2067 uniuersalibus,
1755 2027 1797 2061 25

201 2086 231 2127 d
249 2081 583 2141 particulariter
616 2081 790 2125 soleant
823 2081 1062 2139 interponi.
1136 2081 1182 2125 N
1183 2097 1231 2126 00
1265 2082 1385 2126 enim
1420 2082 1654 2140 pulmenta
1687 2083 1738 2127 in

251 2186 274 2220 4
297 2179 379 2222 post
395 2174 603 2220 praeclaris
619 2177 708 2211 add.
724 2177 792 2212 aut
810 2173 851 2211 M
1095 2176 1119 2212 6
1143 2175 1224 2213 fere
1240 2175 1321 2213 sola
1344 2187 1419 2222 que
1437 2175 1500 2213 01·
1527 2188 1602 2223 que
1625 2177 1739 2215 bonis

251 2223 325 2259 suis
342 2222 423 2260 sola
438 2222 519 2260 fere
537 2222 606 2259 Bl:
632 2235 707 2269 que
725 2223 836 2259 bonis
851 2222 928 2260 suis
944 2222 1026 2261 fere
1042 2223 1124 2260 sola
1142 2223 1400 2270 13217
1427 2224 1664 2262 sollennibus
1680 2226 1737 2263 Α·

251 2270 525 2317 sollempnibus
544 2268 594 2307 S.
621 2271 843 2308 solennibus
861 2270 902 2307 M
1032 2282 1080 2308 20
1104 2271 1394 2319 sollempnitate
1410 2271 1472 2309 AS
1617 2285 1675 2317 20,
1689 2284 1735 2311 21

250 2319 408 2355 licuerit
425 2319 608 2355 mensisA
705 2330 747 2356 21
769 2319 967 2357 Sollennia
983 2319 1039 2357 A:
1063 2319 1294 2367 sollempnia.
1312 2320 1336 2357 S
1446 2330 1490 2369 25
1516 2321 1739 2359 solennibus

251 2367 377 2404 CBM:
401 2367 640 2404 sollennibus
655 2367 711 2404 A.
736 2367 1011 2415 sollempnibus
1027 2364 1053 2404 S

299 2451 323 2486 6
347 2461 440 2496 quae
455 2451 540 2495 fere
558 2451 653 2486 etc..
682 2449 728 2487 cf.
750 2449 852 2496 (cum
869 2449 915 2488 R.
930 2448 1056 2494 Pauli)
1074 2461 1204 2487 versus
1220 2461 1313 2496 quos
1330 2449 1520 2498 legimus'
1508 2462 1551 2486 111
1576 2452 1678 2487 Dial.
1696 2452 1740 2488 de

252 2499 440 2535 Scaccario
468 2496 493 2534 i.
515 2508 553 2534 11
581 2499 715 2534 Insula
740 2503 866 2534 nostra
882 2500 961 2534 suis
986 2503 1152 2535 contenta
1169 2500 1271 2535 bonis
1287 2500 1360 2535 etc.
1378 2500 1418 2535 et
1435 2498 1530 2535 alios
1555 2499 1597 2535 in
1620 2501 1740 2536 Neues

252 2545 415 2582 Archiv
405 2558 452 2582 1v.
470 2557 509 2592 p.
530 2554 573 2592 25
594 2546 734 2582 citatos
750 2547 900 2592 Anylia,
921 2551 1103 2582 terrarum
1124 2548 1232 2583 decus
1254 2551 1286 2582 et
1299 2548 1376 2592 flos
1386 2548 1651 2592 finitimarum,
1669 2549 1741 2584 Est

254 2599 421 2631 contenta
437 2606 496 2629 sm
490 2595 702 2640 “semlitate
718 2596 815 2630 boni.
933 2604 975 2640 14
1001 2595 1110 2631 Secus
1126 2597 1235 2640 eqisse
1252 2596 1326 2631 etc.
1342 2606 1459 2641 usque
1475 2595 1524 2631 ad
1538 2597 1738 2642 interponi:

254 2642 360 2678 Haec
376 2653 454 2678 non
471 2641 605 2678 dubito
622 2641 716 2688 quin
739 2654 788 2679 ex
813 2639 999 2697 Macrobii
1022 2642 1202 2690 capitulis
1226 2642 1341 2679 hodie
1366 2642 1512 2679 amissis
1537 2643 1740 2690 desumpta

254 2689 353 2733 sint;
379 2702 412 2726 v.
443 2690 620 2726 Classical
646 2692 786 2726 Review
812 2690 864 2726 xi.
893 2702 931 2737 p.
957 2701 1039 2736 441.
1188 2691 1326 2727 Gaium
1354 2691 1541 2727 Gesarem:
1566 2690 1623 2728 De
1650 2691 1741 2727 Iulii

255 2737 422 2774 Caesaris
437 2738 588 2785 legibus
604 2737 852 2785 sumptuariis
867 2750 945 2775 non
960 2738 1060 2774 nihil
1075 2738 1220 2776 habent
1237 2738 1310 2776 Dio
1332 2737 1435 2776 Cass,
1459 2738 1558 2776 xliii.
1583 2749 1604 2775 2
1608 2748 1642 2786 5
1660 2738 1738 2776 010.

255 2788 304 2821 ad
320 2788 423 2822 Fam.
442 2786 492 2823 ix.
514 2795 553 2833 15
575 2786 647 2833 §5‚
665 2788 807 2823 adAtt.
826 2785 908 2822 xiii.
928 2796 960 2831 7,
980 2785 1085 2824 Suet.
1101 2787 1175 2823 Iul.
1195 2797 1252 2833 43.
1443 2796 1485 2830 17
1511 2788 1626 2823 tribus
1642 2789 1739 2824 etc..

255 2833 303 2869 cf.
323 2833 426 2870 Suet.
446 2838 541 2879 Aua.
560 2843 617 2879 74.
787 2845 832 2881 23
857 2836 1086 2871 Parentetica
1103 2836 1197 2872 etc.:
1223 2835 1301 2872 Hos
1317 2834 1586 2871 vocabulorum
1600 2846 1737 2888 paren-

253 2882 383 2917 thetica
402 2883 441 2918 et
456 2884 632 2919 catholica
648 2894 782 2920 sensus
797 2894 875 2919 non
892 2881 965 2919 11181
982 2894 1030 2920 ex
1046 2883 1120 2920 hoc
1137 2882 1293 2920 Ioannis
1306 2882 1389 2921 loco
1399 2882 1573 2920 referunt
1585 2880 1737 2922 Lexica.

366 2953 432 2987 268
