1846 3262
67 209 142 249 ¹711
164 200 193 239 b
526 193 788 240 IOANNIS
830 192 1350 238 SARESBERIENSIS
1472 156 1585 254 [ΗΒ.
1601 202 1694 235 VIII

212 319 314 362 ideo
365 319 617 362 Gnatonem
666 315 922 362 introduxit
972 330 1151 358 seruum
1200 315 1358 358 militis
1412 314 1593 373 gloriosi
1643 317 1697 358 ut

213 390 442 447 eleganter
485 388 693 430 innueret
733 386 944 443 quoniam
985 388 1030 429 et
1069 385 1118 427 in
1157 385 1255 428 uita
1295 385 1525 428 hominum
1566 389 1611 429 et
1647 385 1696 427 in

214 460 458 503 assertione
487 473 663 501 morum
695 457 850 500 subest
882 456 1133 499 Gnatonica
1165 455 1477 499 Trasonianae.
1538 456 1697 499 Altera

213 534 366 574 tamen
401 529 566 586 pendet
596 543 653 572 ex
685 527 828 570 altera
863 526 974 572 adeo
1006 526 1185 584 quidem
1216 529 1269 569 ut
1299 527 1491 569 inuicem
1522 526 1617 569 sine
1649 541 1696 569 se

215 615 307 643 esse
338 614 428 642 non
458 599 641 656 possint.
702 597 822 640 Nam
854 600 899 640 et
930 597 1150 640 Gnatonis
1180 611 1314 654 opera
1344 596 1520 639 inutilis
1550 598 1630 647 est,
1657 596 1696 639 si
1715 612 1733 645 5

214 685 304 713 non
331 670 392 712 sit
422 669 549 712 miles
579 668 822 726 gloriosus3
852 670 898 711 et
928 667 1046 710 forte
1076 667 1286 710 Trasonis
1312 667 1572 724 arrogantia
1594 681 1697 710 con-

215 740 422 797 quiescet,
454 740 492 783 si
522 754 613 783 non
645 753 742 782 eam
773 738 953 784 fallacia
983 737 1204 780 Gnatonis
1234 737 1468 794 exceperit.
1529 735 1698 781 Comici

215 812 333 855 forte
354 810 632 868 contempnis
657 809 934 859 Eunuchum,
959 808 1037 851 sed
1064 808 1112 850 in
1134 808 1351 851 Eunucho
1378 807 1472 851 fere
1498 807 1699 851 omnium

214 882 358 925 uitam
394 881 625 938 expressit.
687 880 747 923 Et
778 894 831 923 eo
866 879 1046 936 quidem
1082 878 1331 936 elegantius
1363 893 1516 921 omnes
1548 878 1700 936 arguit

214 967 303 1010 quo
342 952 518 996 cautius
557 950 719 994 fictitio
759 952 1025 1008 argumento
1064 949 1160 992 sine
1203 949 1369 992 lesione
1408 963 1699 1006 personarum
1720 967 1758 991 ιο

214 1023 330 1066 uitia
363 1022 623 1066 denudauit.
684 1020 734 1064 Si
773 1020 1037 1064 nobiliorem
1077 1019 1255 1077 quaeris
1294 1022 1532 1070 auctorem,
1567 1018 1699 1062 multi

174 1108 198 1137 c
216 1093 463 1151 procedunt
498 1091 768 1136 cenodoxiae
800 1105 1084 1148 repressores.
1145 1090 1226 1133 Est
1257 1093 1408 1133 autem
1443 1089 1698 1139 cenodoxia,

215 1167 268 1207 ut
302 1163 508 1221 patribus
542 1162 723 1219 placuit,
756 1161 900 1218 gloria
934 1161 1082 1203 inanis
1118 1175 1232 1217 quae
1263 1162 1460 1203 mentem
1492 1159 1622 1202 inflat
1653 1162 1700 1202 et

215 1249 345 1278 aures
385 1236 432 1276 et
477 1232 616 1276 nichil
661 1231 786 1275 aliud
830 1230 1118 1274 emolumenti
1159 1231 1214 1273 de
1254 1230 1481 1274 soliditate
1513 1229 1700 1273 uirtutis

214 1304 480 1348 mortalibus
510 1303 651 1346 affert.
712 1302 827 1346 Cum
856 1305 1007 1346 autem
1038 1301 1247 1358 superbia
1277 1301 1337 1344 sit
1359 1301 1500 1344 totius
1529 1300 1699 1358 peccati
1723 1314 1759 1348 15

216 1375 410 1430 initium,
433 1374 548 1417 hanc
576 1374 631 1417 de
661 1388 708 1416 se
735 1373 926 1431 primam
952 1372 1147 1415 sobolem
1166 1371 1326 1430 gignit.
1385 1371 1457 1414 Ab
1477 1371 1561 1414 hac
1581 1371 1701 1414 enim

216 1445 444 1489 uirulenta
464 1444 612 1488 radice
627 1443 860 1501 superbiae
880 1446 1050 1502 septem
1071 1442 1336 1500 principalia
1355 1441 1469 1485 uitia
1493 1441 1703 1484 oriuntur

217 1530 331 1574 quae
362 1515 542 1572 quidem
572 1514 838 1572 principalia
865 1514 1078 1560 dicuntur
1104 1515 1307 1570 respectu
1336 1512 1560 1555 minorum
1588 1526 1701 1568 quae

218 1601 275 1630 ex
328 1585 401 1628 his
454 1585 581 1628 uelut
634 1585 775 1642 ydrae
825 1584 1047 1642 capitibus
1100 1582 1410 1640 multipliciter
1463 1581 1701 1640 pullulant.

219 1657 421 1710 Quorum
451 1658 503 1698 ut
530 1655 713 1698 nomina
743 1657 789 1698 et
819 1655 990 1713 figurae
1019 1653 1196 1700 fidelius
1225 1655 1477 1704 teneantur,
1507 1652 1702 1710 qualiter
1723 1668 1765 1693 σο

217 1728 333 1770 hanc
363 1725 624 1784 pestiferam
654 1725 858 1769 arborem
888 1724 1172 1771 beatissimus
1201 1738 1319 1781 papa
1355 1723 1597 1781 Gregorius
1627 1723 1701 1766 de-

219 1797 368 1855 pingit
399 1798 448 1840 in
483 1796 742 1847 Momlibus,
771 1796 810 1838 si
841 1798 985 1847 uacat,
1015 1794 1244 1852 paulisper
1275 1793 1470 1838 attende.
1531 1793 1703 1837 Primos

172 1876 201 1916 d
220 1883 326 1926 ergo
346 1881 493 1910 ramos
513 1867 648 1909 huius
667 1867 849 1924 plantae
869 1865 931 1909 sic
952 1864 1193 1922 distinguit
1213 1866 1265 1907 ut
1285 1864 1346 1907 sit
1365 1863 1537 1922 primus
1556 1863 1705 1907 inanis

219 1938 374 1996 gloria,
425 1937 644 1980 secundus
692 1936 878 1987 inuidia,
926 1935 1089 1979 tertius
1138 1934 1217 1986 ira,
1267 1936 1455 1992 quartus
1503 1934 1704 1986 tristitia,

221 2008 416 2051 auaritia
447 2007 644 2065 quintus,
679 2009 834 2050 sextus
869 2006 1042 2049 uentris
1076 2005 1312 2063 ingluuies,
1346 2005 1529 2048 luxuria
1567 2005 1703 2063 septi-
1724 2020 1764 2054 25

220 2093 331 2122 mus.
390 2078 525 2122 Unde
555 2080 601 2121 et
628 2077 851 2128 Saluator,
872 2077 980 2134 quia
1006 2091 1088 2119 nos
1118 2075 1189 2118 his
1213 2075 1447 2133 superbiae
1476 2075 1604 2119 uitiis
1631 2090 1703 2119 ca-

218 2150 368 2208 ptiuos
388 2149 546 2200 doluit,
559 2149 617 2191 ad
637 2148 871 2206 spirituale
891 2147 1171 2191 liberationis
1191 2146 1410 2205 praelium
1430 2146 1705 2204 septiformis

217 2220 391 2279 gratiae
413 2219 588 2277 Spiritu
608 2219 767 2277 plenus
796 2218 936 2262 uenit.
996 2217 1111 2262 Cum
1137 2232 1245 2260 uero
1269 2217 1487 2260 uitiorum
1508 2217 1706 2275 quinque

219 2290 474 2348 spiritualia
515 2289 621 2344 sint,
649 2289 738 2333 duo
773 2289 982 2340 carnalia,
1013 2287 1363 2345 unumquodque
1393 2302 1546 2331 eorum
1575 2290 1707 2331 tanta

220 2360 307 2404 sibi
336 2360 601 2418 cognatione
632 2360 839 2418 iungitur
867 2362 921 2403 ut
955 2374 1046 2403 non
1076 2359 1165 2401 nisi
1200 2358 1255 2401 de
1285 2358 1428 2401 altero
1456 2360 1706 2416 generetur.
1726 2377 1770 2411 30

220 2485 242 2520 8
268 2494 460 2520 eunucum
486 2481 511 2518 S
617 2492 762 2518 eunuco
792 2480 817 2517 S
941 2490 984 2517 12
1010 2478 1272 2519 chenodoxiae
1301 2478 1365 2516 M:
1401 2478 1641 2516 chenodoxia
1666 2479 1707 2516 M

223 2542 266 2577 13
291 2530 420 2567 inanis
437 2529 563 2577 gloria
579 2528 619 2565 M
757 2539 800 2575 19
823 2528 941 2566 uelud
959 2527 1048 2564 GBS
1145 2527 1227 2565 idre
1247 2526 1336 2564 GBS
1470 2537 1516 2574 24
1541 2526 1708 2564 tristicia

219 2581 377 2626 quartus
392 2577 453 2614 AS
597 2586 641 2624 25
669 2577 826 2624 quintus
844 2576 1010 2614 auaritia
1027 2576 1067 2612 M
1212 2577 1258 2612 26
1282 2574 1358 2612 hiis
1375 2574 1400 2612 S
1545 2577 1590 2612 28
1613 2587 1636 2612 v
1652 2574 1707 2612 CS

273 2701 316 2727 12
340 2691 578 2727 cenodoxiae:
605 2688 662 2726 De
679 2687 818 2735 spiritu
836 2686 1077 2730 cenodoxiae,
1094 2698 1204 2733 quam
1221 2697 1288 2722 nos
1303 2698 1444 2722 uanam
1463 2687 1541 2722 siue
1559 2688 1710 2722 inanem

219 2740 378 2784 yloriam
391 2750 584 2784 possumus
603 2738 799 2784 appellare,
821 2737 967 2772 tractat
984 2733 1184 2772 Cassianus
1200 2733 1243 2770 in
1260 2733 1357 2771 libro
1381 2736 1425 2770 de
1452 2734 1709 2771 coenobiorum

220 2787 408 2822 Institutis
432 2785 639 2823 undecimo
670 2784 818 2831 (Migne
847 2785 890 2820 P.
918 2785 961 2820 L.
995 2782 1090 2818 xlix.
1123 2791 1191 2828 397
1203 2783 1339 2828 seqq.).
1487 2782 1530 2818 16
1554 2783 1612 2818 Ab
1639 2783 1709 2819 hac

221 2835 427 2917 {fczusssue
445 2834 495 2870 ad
512 2835 692 2870 excitatur
716 2832 803 2880 (712
817 2832 887 2879 D):
912 2843 945 2869 v.
970 2830 1082 2878 Greg.
1107 2831 1240 2868 Moral.
1266 2828 1395 2866 xxxix.
1422 2830 1540 2876 87—89
1558 2828 1708 2877 (Migne

257 2909 265 2918 .
316 2909 324 2918 .
385 2880 456 2918 xvi.
475 2883 576 2928 621).

328 2953 399 2987 228
