1846 3262
93 211 194 246 oAP.
211 196 329 262 xxv]
627 198 1066 245 POLICRATICVS
1586 197 1659 238 821
1672 197 1704 235 b

93 320 272 365 Pomm
292 321 437 365 dicere
457 321 563 379 quia
582 321 670 365 huc
695 320 889 365 tendunt
918 323 1015 364 tota
1044 320 1118 364 lex
1144 323 1191 364 et
1214 320 1456 378 prophetae
1475 334 1568 364 om-

92 406 258 448 nesque
269 392 515 449 scriptume
530 390 777 443 canonicae,
792 390 898 448 quia
908 390 1102 434 tendunt
1117 390 1174 434 ad
1190 390 1367 434 Filium.
1411 389 1570 447 Neque

93 461 212 504 enim
232 461 355 504 istud
374 461 635 519 ambiguum
655 464 735 512 est,
750 475 851 504 cum
872 463 918 504 et
937 460 1185 504 infidelium
1200 460 1411 518 dogmata
1429 459 1569 503 nichil

92 531 306 575 utilitatis
335 531 514 582 habent,
544 531 631 574 nisi
661 530 832 588 aliquid
862 530 1096 574 conferant
1123 531 1408 574 beatitudini.
1467 530 1569 582 Sed,

53 614 72 650 5
92 601 165 645 his
190 601 364 645 omissis
387 605 465 644 aut
487 601 637 659 potius
666 600 932 659 praemissis,
954 600 1053 645 dico
1082 601 1188 658 quia
1214 601 1323 645 haec
1349 600 1444 644 sola
1462 603 1570 644 sunt

93 685 207 728 quae
226 671 321 715 sola
339 674 527 729 possunt
551 670 696 715 facere
724 673 770 714 et
796 685 975 714 seruare
1004 671 1198 723 beatum,
1218 685 1319 714 cum
1346 670 1404 714 ab
1427 670 1571 714 altero

91 741 292 785 iustitiae
311 756 436 785 ramo
461 741 709 799 proueniat,
730 755 786 784 ne
816 740 887 783 cui
917 743 1131 784 noceatur
1156 740 1214 783 ab
1243 740 1384 784 altero
1411 746 1464 784 ut
1483 740 1570 783 sibi

92 810 280 868 quisque
299 814 346 855 et
364 811 465 855 aliis
482 811 634 869 prosit.
694 811 775 854 Vis
794 810 879 853 tibi
899 813 1101 854 constare
1118 825 1230 867 quae
1243 810 1371 856 dico‘l
1431 810 1570 853 Visne

91 879 250 924 beatus
265 883 390 926 esse‘l
449 881 586 924 Porro
600 881 757 924 beatus
769 880 842 923 uir
857 880 933 937 qui
955 880 1086 923 timet
1105 879 1359 923 Dominum.
1409 879 1568 923 Poten-

34 967 75 991 ιο
91 950 261 994 tiamne
279 950 534 994 desideras?
592 950 697 993 Non
717 950 848 993 modo
867 950 974 1007 ipse,
994 949 1071 993 sed
1094 952 1253 1007 potens
1273 950 1321 992 in
1341 952 1463 993 terra
1482 950 1571 992 erit

88 1024 135 1064 et
163 1035 314 1064 semen
343 1020 449 1065 eius.
508 1020 582 1063 An
616 1019 817 1063 fauorem
850 1019 1033 1063 sectaris
1058 1022 1104 1062 et
1129 1019 1282 1062 laudes
1306 1019 1568 1062 hominum}

89 1090 328 1134 Generatio
339 1093 560 1134 rectorum
573 1089 868 1133 benedicetur.
896 1090 970 1132 An
981 1089 1038 1132 ad
1051 1088 1352 1132 celebritatem
1365 1089 1570 1132 dilataris
1584 1101 1610 1131 c

90 1165 138 1205 et
165 1161 224 1204 ad
252 1161 527 1219 opulentiam
557 1160 704 1203 sinum
733 1159 980 1217 expandis'l
1039 1158 1192 1202 Gloria
1221 1161 1267 1202 et
1301 1158 1487 1202 diuitiae
1518 1159 1567 1201 in

90 1231 223 1276 domo
256 1232 363 1275 eius.
423 1231 496 1273 An
527 1230 872 1288 perpetuitatem
904 1229 1080 1287 quaeris
1106 1229 1343 1287 operibus?
1402 1229 1458 1271 In
1477 1243 1568 1272 me-

33 1317 72 1352 15
90 1302 234 1346 moria
261 1305 415 1345 eterna
443 1300 531 1344 erit
559 1301 714 1344 iustus.
775 1300 914 1343 Visne
943 1314 1123 1343 securus
1153 1300 1280 1344 esse‘ss
1338 1299 1412 1342 Ab
1441 1299 1568 1342 audi-

90 1371 214 1416 tione
254 1371 374 1415 mala
420 1386 511 1414 non
555 1371 734 1414 timebit
774 1370 853 1414 sed
901 1384 1054 1414 omnes
1095 1369 1308 1427 despiciet
1352 1369 1568 1414 inimicOS.

91 1441 352 1486 Gratiamne
370 1441 551 1499 linguae
571 1441 782 1484 affectas?
840 1440 980 1483 Labia
993 1440 1214 1483 iustorum
1229 1439 1451 1483 distillant
1464 1454 1569 1497 gra-

89 1512 215 1556 tiam.
273 1511 413 1555 Item:
443 1511 658 1554 Memoria
672 1510 780 1554 iusti
793 1525 894 1554 cum
914 1510 1133 1561 laudibus,
1147 1524 1310 1552 nomen
1329 1509 1568 1566 impiorum

90 1585 328 1640 putrescet.
387 1581 468 1624 Vis
488 1581 572 1624 tibi
593 1581 751 1624 futura
778 1580 1081 1624 innotescere‘l
1140 1579 1405 1637 Expectatio
1428 1579 1569 1622 iusto-

32 1666 76 1690 20
91 1666 192 1696 rum
211 1652 368 1696 letitia.
428 1651 509 1695 Vis
538 1651 858 1695 iocunditatem
887 1650 973 1693 tibi
1003 1650 1234 1708 prorogari
1260 1649 1308 1692 in
1335 1649 1566 1706 sempiter-

90 1722 231 1766 num‘3
289 1721 350 1765 Et
368 1721 477 1764 iusti
496 1721 545 1764 in
564 1724 829 1778 perpetuum
848 1720 1018 1772 uiuent,
1039 1722 1085 1763 et
1113 1719 1162 1762 in
1191 1733 1298 1776 pace
1324 1722 1442 1769 sunt,
1462 1718 1568 1762 licet

90 1791 204 1835 mori
225 1791 540 1849 insipientibus
559 1791 809 1834 uideantur.
871 1789 981 1833 Ecce
1001 1789 1138 1833 habes
1152 1789 1273 1832 uiam
1287 1788 1566 1831 uerissimam

91 1865 138 1905 et
160 1861 475 1914 fidelissimam,
498 1860 820 1917 assequendum
847 1862 1016 1903 statum
1046 1873 1178 1916 quem
1208 1858 1431 1902 desiderat
1461 1858 1567 1915 Epi-

91 1945 225 1975 curus
237 1945 248 1983 ;
288 1932 334 1973 et
372 1930 411 1973 si
450 1945 548 1973 eam
586 1930 795 1980 tenueris,
828 1929 987 1972 beatus
1026 1943 1072 1972 es
1111 1931 1158 1972 et
1196 1928 1308 1971 bene
1346 1927 1431 1970 tibi
1466 1927 1567 1971 erit.

32 2014 74 2048 25
94 2000 218 2044 Haec
237 1999 295 2042 ad
314 1999 426 2043 bene
445 1999 660 2055 beateque
679 1998 924 2041 uiuendum
944 2000 1092 2055 potest
1106 1997 1200 2040 sola
1214 1996 1435 2049 sufficere3
1455 1996 1567 2040 adeo
1581 1998 1611 2038 d

93 2070 272 2128 quidem
301 2073 356 2113 ut
386 2070 662 2126 extraposita
692 2069 903 2112 uniuersa
933 2070 1014 2111 aut
1044 2067 1182 2110 nichil
1217 2069 1297 2109 aut
1329 2066 1565 2108 minimum

90 2139 376 2198 perfectionis
414 2139 622 2182 adiciant.
695 2139 790 2182 Nec
833 2138 1013 2181 inhibeo
1048 2137 1157 2194 quin
1190 2135 1392 2179 uestibus
1420 2136 1568 2179 niteas

90 2210 317 2254 deauratis
337 2209 636 2256 circumdatus
656 2209 888 2261 uarietate,
901 2207 1011 2265 quin
1026 2206 1217 2264 epuleris
1237 2205 1399 2250 cotidie
1418 2205 1566 2263 splen-

92 2319 109 2346 1
136 2309 242 2346 hunc
259 2307 325 2345 0¹:
351 2307 401 2344 ad
417 2308 518 2345 hunc
535 2307 576 2344 M
674 2317 715 2345 11
739 2309 850 2354 prius
864 2307 904 2344 et
919 2318 989 2343 om.
1006 2305 1039 2341 B
1121 2314 1178 2351 23,
1195 2314 1241 2350 24
1266 2315 1450 2351 epycurus
1467 2302 1566 2340 CBA

136 2399 160 2435 6
182 2410 274 2445 quae
288 2399 366 2434 sola
383 2398 479 2434 etc.:
502 2409 535 2432 v.
555 2395 646 2432 Hor.
666 2396 738 2442 Ep.
759 2395 786 2430 i.
804 2396 839 2431 6.
858 2405 891 2431 2.
1082 2393 1104 2430 8
1134 2394 1199 2428 Vis
1215 2394 1281 2428 tibi
1297 2397 1459 2428 constare
1473 2402 1566 2437 quae

88 2447 187 2482 dico:
212 2445 307 2482 Cum
323 2442 692 2491 interrogationibus
716 2444 755 2478 et
773 2440 962 2490 responsis
979 2452 1077 2488 quae
1094 2441 1305 2486 sequuntur
1330 2439 1378 2475 cf.
1395 2438 1565 2476 Anselm.

88 2495 246 2538 Prosloy.
263 2505 294 2529 c.
309 2503 330 2529 2
339 2501 356 2538 5
376 2491 525 2538 (Migne
538 2492 581 2527 P.
598 2492 642 2528 L.
656 2490 771 2528 clviii.
787 2490 884 2536 240).
981 2499 1004 2535 9
1029 2490 1152 2524 beatus
1166 2490 1232 2524 uir
1246 2489 1341 2524 etc.:
1367 2486 1424 2524 Ps.
1443 2485 1514 2523 cxi.
1531 2497 1562 2522 1.

90 2552 137 2578 10
155 2546 285 2587 potens
300 2542 373 2577 etc.
388 2553 396 2576 :
423 2539 482 2575 Pa.
498 2539 570 2576 cxi.
587 2550 622 2576 2.
794 2549 836 2574 12
864 2538 1056 2574 Gener-atio
1072 2538 1144 2573 etc.
1161 2549 1170 2572 :
1195 2535 1255 2572 Ps.
1273 2534 1344 2571 cxi.
1362 2545 1397 2570 2.
1520 2544 1564 2579 13

92 2590 220 2626 Gloria
236 2590 308 2625 etc.
325 2601 334 2624 τ
360 2587 419 2623 Pa.
438 2586 508 2624 cxi.
529 2597 561 2633 3.
673 2596 728 2631 14,
747 2595 788 2633 15
814 2587 863 2622 In
880 2586 1052 2622 memoria
1070 2586 1142 2620 etc.
1158 2597 1167 2620 :
1190 2583 1248 2619 Ps.
1268 2581 1340 2619 cxi.
1359 2590 1392 2625 7.
1505 2590 1563 2627 15,

90 2638 137 2675 16
159 2638 218 2672 Ab
234 2637 418 2672 auditione
433 2637 529 2672 etc.:
555 2634 615 2671 Ps.
634 2633 706 2671 cxi.
725 2642 758 2679 7,
778 2634 812 2670 8.
973 2641 1015 2675 17
1040 2633 1158 2668 Labia
1175 2633 1269 2667 etc.:
1294 2643 1326 2666 v.
1345 2629 1404 2666 Ps.
1421 2628 1509 2665 xliv.
1529 2639 1563 2674 3.

92 2686 136 2722 18
159 2685 338 2720 Memoria
354 2685 447 2720 etc.:
472 2682 578 2719 Prov.
598 2694 634 2718 x.
652 2691 686 2727 7.
914 2690 957 2726 19
980 2681 1194 2725 Expectatio
1211 2680 1302 2715 etc.:
1328 2677 1434 2714 Prov.
1450 2689 1486 2712 x.
1505 2678 1564 2713 28.

90 2742 132 2770 21
159 2733 210 2768 Et
224 2733 314 2767 iusti
329 2732 423 2767 etc.:
447 2742 482 2767 v.
499 2730 586 2784 Sap.
603 2729 659 2766 iii.
682 2739 759 2775 1-3.
905 2738 952 2772 24
976 2729 1101 2763 beatus
1119 2739 1156 2763 es
1176 2728 1271 2762 etc.:
1298 2725 1356 2761 Ps.
1374 2723 1511 2761 cxxvii.
1530 2734 1565 2760 2.

90 2789 135 2825 27
168 2781 309 2815 niteas:
341 2777 450 2815 Nunc
487 2777 712 2814 Pohcratico
749 2777 863 2812 finem
895 2775 1053 2812 tandem
1092 2773 1347 2822 impositurus,
1380 2772 1565 2808 'rhomam

88 2821 371 2869 cancellarium,
388 2825 490 2863 utin
505 2824 696 2873 principio
711 2823 813 2870 libri,
831 2822 1051 2871 alloquitur.
1225 2822 1271 2859 28
1295 2821 1452 2868 epuleris
1466 2820 1567 2857 etc.:

88 2887 122 2914 v.
139 2875 229 2914 Luc.
246 2874 321 2911 xvi.
339 2884 394 2922 19.

1391 2931 1464 2973 4²³
