1846 3262
102 206 180 254 819
204 215 230 244 c
572 203 836 249 IOANNIS
875 202 1394 247 SARESBERIENSIS
1493 203 1719 266 [LIB.V111

200 341 226 369 c
243 325 357 368 Boni
382 328 533 368 tamen
558 327 604 368 et
630 325 738 368 mali
764 325 907 369 sciens
933 324 1082 368 factus
1110 327 1179 369 est
1207 339 1287 383 per
1316 325 1650 382 experientiam,
1676 326 1723 368 et

242 395 481 452 multiplici
502 394 706 438 miseriae
726 395 873 439 locum
886 394 994 438 fecit
1009 395 1057 437 in
1073 409 1131 438 se.
1183 395 1303 453 Ergo
1323 410 1351 438 a
1369 395 1492 453 ligno
1511 394 1721 438 scientiae

243 465 350 508 dum
384 464 637 522 prohibitus
671 464 785 508 illud
824 464 1093 516 ascenderet,
1128 479 1156 507 a
1187 465 1380 508 ueritate
1418 465 1591 508 uirtute
1624 464 1723 507 uita

243 535 403 579 cecidit
430 538 477 578 et
506 534 709 578 deuiauit
738 535 884 587 homo,
913 549 994 579 nec
1027 537 1281 578 reuertetur
1304 535 1362 578 ad
1381 535 1537 587 uitam,
1557 534 1645 578 nisi
1665 533 1723 577 ad

244 605 447 648 arborem
477 605 689 648 scientiae
718 605 883 657 redeat,
908 608 954 648 et
982 605 1087 648 inde
1115 605 1353 649 ueritatem
1382 606 1431 648 in
1460 605 1724 663 cognitione,
1744 618 1763 653 5

244 676 463 718 uirtutem
482 675 531 717 in
546 689 689 732 opere,
701 675 845 718 uitam
861 676 908 718 in
924 675 1199 719 iocunditate
1218 678 1462 719 mutuetur.
1522 675 1726 719 Rationis

244 747 398 802 itaque
417 760 601 788 acumen
625 750 829 789 exerceat
847 748 901 789 ut
920 746 1144 790 discernat
1168 746 1287 789 inter
1305 746 1472 789 bonum
1493 748 1540 789 et
1557 745 1726 789 malum

246 819 291 859 et
311 816 359 858 in
380 815 489 872 ipsis
508 815 637 859 bonis
657 819 738 859 aut
756 815 887 859 malis
911 816 1020 873 quid
1046 816 1118 860 cui
1141 816 1467 874 praeponderet
1493 818 1727 874 agnoscat;

244 886 342 943 iugi
363 886 522 929 deinde
542 889 668 930 curet
686 886 986 930 sollicitudine
1005 901 1062 930 ne
1092 889 1266 944 partem
1295 901 1422 930 suam
1447 886 1587 930 faciat
1605 886 1726 929 dete-

246 959 410 999 riorem
442 956 520 1000 sed
551 959 648 1000 toto
683 960 846 1001 conatu
889 957 1054 1000 mentis
1089 959 1136 1000 et
1173 957 1369 1015 corporis
1406 951 1729 1014 praeeligendis
1748 974 1789 999 10

247 1026 476 1069 inseruiat.
538 1026 641 1084 Ipse
666 1041 840 1084 quoque
867 1027 994 1070 labor
1019 1027 1243 1071 dulcescat
1269 1027 1355 1070 sibi
1380 1029 1426 1070 et
1445 1029 1588 1070 totam
1608 1040 1728 1069 ama-

247 1096 492 1140 ritudinem
513 1111 663 1140 rerum
683 1097 986 1154 praesentium
1007 1099 1077 1155 (ut
1104 1098 1169 1141 ait
1195 1097 1353 1141 beatus
1374 1094 1632 1156 Gregorius)
1652 1111 1730 1155 spe

202 1169 231 1209 d
248 1169 467 1224 temperet
486 1166 755 1210 futurorum.
815 1167 935 1210 Nam
967 1170 1014 1211 et
1041 1168 1261 1226 propheta
1290 1167 1363 1211 die
1394 1170 1617 1225 noctuque
1647 1167 1731 1229 sub

249 1237 558 1294 expectatione
590 1236 675 1280 Dei
708 1237 778 1280 sui
814 1237 991 1281 cibatur
1021 1237 1242 1291 lacrimis3
1287 1241 1333 1281 et
1371 1237 1434 1282 sic
1472 1237 1731 1296 lugentibus

249 1307 429 1350 Veritas
460 1307 568 1364 ipsa,
605 1322 718 1364 quae
754 1322 834 1351 nec
866 1307 987 1351 fallit
1016 1322 1096 1351 nec
1126 1307 1314 1359 fallitur,
1353 1322 1507 1351 ueram
1541 1307 1731 1351 beatitu-
1753 1320 1792 1354 Ι5

250 1378 398 1420 (11116111
425 1377 690 1434 repromisit.
749 1377 844 1421 Nec
864 1379 1075 1421 uereatur
1095 1378 1196 1435 quis
1214 1377 1272 1420 ad
1299 1377 1502 1421 arborem
1522 1377 1732 1422 scientiae

250 1447 357 1490 boni
378 1450 424 1490 et
438 1447 546 1489 mali
558 1462 741 1490 manum
757 1447 996 1490 extendere
1009 1447 1179 1504 primae
1191 1447 1506 1505 prohibitionis
1518 1447 1733 1505 exemplo,

252 1517 357 1574 quia
378 1516 554 1560 exulem
581 1520 627 1560 et
648 1531 880 1561 erroneum
908 1517 966 1560 ad
995 1517 1120 1560 illam
1148 1517 1365 1560 inuitauit
1394 1517 1469 1560 ille
1500 1517 1577 1575 qui
1605 1517 1733 1562 docet

250 1588 476 1631 hominem
515 1587 747 1631 scientiam
787 1591 833 1631 et
872 1588 1003 1631 iuxta
1040 1588 1378 1646 promissionem
1426 1587 1732 1646 propheticam

250 1658 407 1716 ignaro
439 1657 609 1701 indicat
641 1657 749 1714 quid
779 1657 840 1701 sit
868 1658 1045 1701 bonum.
1106 1658 1163 1701 In
1194 1658 1351 1701 arbore
1382 1672 1488 1714 ergo
1522 1657 1733 1701 scientiae
1750 1677 1793 1701 20

252 1728 379 1785 quasi
401 1727 581 1784 quidam
603 1727 790 1771 uirtutis
810 1743 961 1772 ramus
980 1728 1191 1779 nascitur,
1211 1743 1268 1771 ex
1288 1742 1376 1785 quo
1396 1730 1494 1771 tota
1512 1727 1611 1771 uita
1633 1742 1733 1785 pro-

252 1798 444 1841 ficientis
475 1798 669 1841 hominis
701 1801 996 1842 consecratur.
1057 1798 1215 1855 Neque
1246 1797 1365 1841 enim
1397 1797 1455 1840 ad
1489 1797 1736 1856 genitorem

252 1868 387 1918 uitae,
417 1867 563 1910 Deum
598 1867 777 1918 scilicet,
807 1867 924 1911 alter
955 1868 1084 1919 redit,
1113 1867 1201 1910 nisi
1232 1868 1311 1925 qui
1346 1868 1532 1911 uirtutis
1561 1882 1736 1911 ramum

254 1937 451 1981 excisum
473 1937 527 1980 de
554 1937 677 1995 ligno
698 1938 909 1981 scientiae
930 1938 1197 1996 praetendit.
1248 1937 1338 1981 Sed
1354 1937 1455 1995 quis
1470 1938 1558 1982 cito
1573 1937 1737 1982 auellet

255 2022 442 2060 ramum,
462 2023 563 2052 cum
584 2008 657 2051 uel
677 2008 821 2066 ipsam
841 2008 1059 2063 arborem,
1088 2009 1136 2052 id
1164 2011 1232 2052 est
1265 2008 1373 2066 quid
1402 2008 1499 2052 fieri
1519 2012 1737 2067 oporteat,
1757 2030 1774 2053 2
1780 2030 1797 2065 5

254 2079 466 2136 perpauci
486 2079 729 2123 nouerint‘l
788 2078 1023 2136 Numquid
1053 2094 1204 2123 ramus
1231 2079 1362 2123 facile
1382 2079 1641 2131 innotescet,
1659 2073 1739 2123 ubi

112 2156 194 2194 820
209 2165 239 2194 a
255 2163 363 2206 prae
382 2149 674 2192 multitudine
695 2148 1011 2206 desipientium
1031 2152 1078 2193 et
1097 2149 1213 2193 male
1233 2149 1463 2207 agentium
1490 2149 1589 2207 ipsa
1607 2148 1741 2193 arbor

257 2219 505 2264 occulitur‘l
566 2219 663 2263 Hoc
683 2219 831 2277 ipsum
852 2219 969 2263 forte
990 2219 1129 2263 sensit
1149 2222 1196 2263 et
1219 2221 1358 2273 Maro,
1388 2219 1477 2277 qui,
1496 2219 1602 2263 licet
1623 2219 1739 2263 ueri-

256 2289 366 2333 tatis
397 2292 513 2333 esset
553 2289 738 2347 ignarus
773 2292 819 2333 et
850 2290 898 2333 in
929 2290 1127 2334 tenebris
1158 2290 1362 2348 gentium
1391 2289 1654 2342 ambularet,
1683 2289 1741 2333 ad

259 2360 428 2403 Eliseos
443 2374 621 2417 campos
636 2359 836 2418 felicium
856 2363 902 2403 et
921 2360 1013 2404 cari
1032 2360 1249 2418 genitoris
1268 2362 1553 2418 conspectum
1573 2359 1742 2403 Eneam
1761 2377 1804 2409 30

260 2484 307 2566 2181
331 2482 499 2566 001ὂ111111
516 2481 556 2518 M
685 2492 732 2528 30
756 2481 893 2529 elisyos
907 2480 963 2518 A:
987 2480 1112 2518 elisios
1129 2479 1196 2518 SM
1289 2485 1372 2529 post
1387 2491 1541 2528 campos
1558 2482 1642 2518 add.
1659 2482 1699 2519 et
1716 2481 1744 2518 C

260 2542 279 2567 c
310 2542 365 2567 an

311 2647 354 2673 12
379 2642 421 2672 ut
437 2638 491 2672 ait
507 2638 630 2672 beatus
648 2636 860 2680 Greyomus:
885 2633 927 2670 in
945 2635 1039 2670 Mor.
1056 2632 1133 2669 viii.
1152 2634 1173 2670 8
1192 2632 1210 2681 ξ
1234 2643 1278 2678 14
1294 2634 1336 2669 in
1352 2634 1415 2669 Iob
1432 2634 1491 2669 vii.
1508 2643 1542 2679 2,
1556 2643 1577 2679 3
1596 2632 1668 2680 (Mi
1724 2645 1745 2670 e

260 2686 303 2720 P.
321 2685 365 2721 L.
383 2684 482 2720 lxxv.
503 2684 603 2730 810),
627 2685 672 2720 ut
696 2683 855 2720 videtur.
912 2681 1163 2725 Sententiam,
1189 2693 1267 2718 non
1291 2681 1404 2718 verba
1429 2679 1603 2730 Gregorii
1627 2645 1746 2718 regit

260 2732 425 2769 Ioannes
441 2734 580 2768 noster.
739 2740 782 2776 13
803 2731 984 2776 propheta
1000 2731 1096 2767 etc.:
1123 2741 1157 2765 v.
1175 2729 1235 2766 Ps.
1253 2728 1319 2765 xli.
1335 2739 1370 2773 4.
1531 2737 1571 2776 15
1604 2730 1748 2765 Veritas

259 2782 367 2826 ipsa:
405 2792 456 2816 sc.
485 2778 679 2821 Christus;
713 2791 750 2816 v.
779 2778 890 2815 Matt.
919 2790 954 2815 v.
980 2786 1012 2824 5.
1175 2778 1228 2820 18,
1260 2786 1303 2823 19
1343 2777 1408 2831 qui
1438 2778 1536 2813 docet
1566 2777 1746 2814 hominem

261 2829 469 2863 scientiam:
495 2827 553 2863 Ps.
571 2826 673 2863 xciii.
698 2836 752 2863 10.
906 2836 954 2862 20
975 2826 1116 2862 indicat
1133 2826 1229 2863 eta:
1254 2837 1287 2861 v.
1306 2824 1422 2862 Mich.
1441 2823 1489 2860 vi.
1509 2826 1541 2862 8.
1700 2825 1745 2862 28

262 2876 391 2912 Maro:
416 2888 450 2912 v.
467 2875 580 2922 Verg.
597 2876 691 2911 Aen.
708 2874 757 2910 vi.

373 2955 442 2989 420
