1846 3262
86 211 218 264 793d
568 211 831 257 IOANNIS
872 212 1390 259 SARESBERIENSIS
1487 214 1717 275 [ssavni-

234 333 400 378 Iosiam
425 338 471 378 et
502 334 736 378 Ezechiam
767 348 893 391 reges
923 348 1076 378 omnes
1110 335 1321 393 reprobos
1352 335 1560 379 habuisse
1591 350 1716 379 mon-

83 417 167 459 794
186 419 217 450 a
234 407 417 448 stratur.
469 404 751 448 Salomonem
767 406 919 447 tamen
940 406 986 447 et
1001 404 1119 448 forte
1139 405 1312 463 aliquos
1327 405 1517 449 aliorum
1537 406 1585 448 in
1601 406 1716 450 Iuda

233 475 512 518 conualuisse
547 473 679 517 facile
711 474 988 526 crediderim,
1020 474 1214 519 Domino
1246 478 1497 520 reuocante.
1557 475 1715 519 Michi-

234 559 320 601 que
348 544 479 588 facile
509 544 852 601 persuadebitur
881 544 1097 602 populum
1127 545 1266 588 durae
1296 545 1482 590 ceruicis
1511 548 1558 589 et
1584 545 1716 589 corde

233 614 495 657 indomabili
509 617 555 657 et
568 614 645 671 qui
662 629 837 671 semper
853 614 1022 657 restitit
1043 614 1236 672 Spiritui
1249 618 1404 659 sancto
1417 618 1463 659 et
1477 630 1567 659 non
1582 615 1714 659 modo
1734 629 1756 668 5

232 683 419 740 Moysen
435 683 656 726 famulum
677 683 788 742 legis
808 684 886 727 sed
906 684 1052 727 Deum
1073 684 1304 728 dominum
1323 685 1435 744 legis
1454 685 1717 728 abhomina-

230 754 430 797 tionibus
449 754 654 811 gentium
675 754 734 797 ad
753 754 1031 797 iracundiam
1052 755 1316 812 prouocauit
1335 770 1417 813 pro
1437 755 1715 813 principibus

230 824 445 867 meruisse
465 824 680 867 tirannos.
755 824 875 867 Nam
895 824 1098 868 tirannos
1123 840 1233 882 quos
1262 828 1444 883 peccata
1467 825 1715 883 impetrant

230 894 451 938 inducunt
481 899 527 938 et
557 894 738 952 erigunt
772 895 1023 952 penitentia
1057 894 1177 939 delet
1211 895 1411 939 excludit
1445 898 1492 939 et
1520 895 1713 953 perimit.

230 964 290 1007 Et
321 964 502 1022 quidem
531 968 638 1008 ante
668 979 794 1022 reges
822 980 937 1017 suos,
957 965 1073 1008 sicut
1100 965 1305 1009 Indicum
1333 968 1489 1009 narrat
1512 965 1713 1019 historia,
1734 981 1778 1010 ιο

228 1035 483 1078 seruierunt
513 1050 830 1093 saepenumero
860 1035 942 1078 filii
973 1035 1114 1079 Israel
1141 1036 1225 1079 sub
1255 1036 1460 1090 tirannis,
1481 1036 1636 1080 multis
1667 1038 1714 1080 et

228 1105 368 1148 uariis
389 1120 471 1162 pro
491 1105 822 1163 dispensatione
843 1105 1000 1149 diuina
1019 1105 1172 1149 afflicti
1193 1106 1480 1163 temporibus,
1496 1121 1713 1164 saepeque

228 1177 336 1218 sunt
367 1175 611 1219 clamantes
642 1175 700 1218 ad
736 1175 979 1219 Dominum
1012 1175 1202 1220 liberati.
1279 1176 1550 1234 Licebatque
1583 1177 1713 1220 finito

228 1247 430 1303 tempore
451 1246 796 1304 dispensationis
816 1261 922 1290 nece
942 1246 1224 1289 tirannorum
1252 1250 1459 1290 excutere
1479 1247 1636 1305 iugum
1657 1247 1712 1290 de

182 1319 212 1359 b
231 1315 478 1359 ceruicibus
519 1316 612 1359 suis
625 1330 635 1368 ;
684 1331 765 1359 nec
813 1316 1050 1373 quisquam
1098 1331 1262 1368 eorum,
1305 1331 1495 1374 quorum
1539 1317 1712 1360 uirtute
1733 1331 1772 1368 ¹⁵

228 1386 435 1442 penitens
465 1389 511 1429 et
540 1386 804 1429 humiliatus
839 1386 1030 1443 populus
1059 1386 1347 1437 liberabatur,
1382 1387 1601 1444 arguitur,
1633 1386 1712 1430 sed

227 1456 420 1499 iocunda
439 1459 717 1514 posterorum
739 1456 953 1499 memoria
968 1457 1095 1514 quasi
1117 1457 1322 1500 minister
1342 1457 1523 1500 Domini
1544 1471 1711 1501 memo-

228 1529 368 1569 ratur.
446 1526 576 1580 Quod
606 1526 850 1584 suppositis
879 1526 1022 1584 liquet
1052 1527 1280 1584 exemplis.
1357 1527 1711 1585 Seruieruntque

227 1596 309 1639 filii
338 1596 478 1639 Israel
507 1596 651 1654 Eglon
671 1596 766 1654 regi
792 1597 925 1640 Moab
950 1597 1100 1640 decem
1122 1600 1168 1640 et
1187 1600 1286 1640 octo
1307 1597 1460 1650 annis;
1490 1600 1536 1640 et
1555 1600 1711 1655 postea

225 1666 535 1710 clamauerunt
569 1666 626 1709 ad
662 1666 916 1718 Dominum,
948 1666 1026 1724 qui
1059 1667 1297 1710 suscitauit
1336 1667 1400 1711 eis
1439 1667 1710 1711 saluatorem
1730 1682 1774 1713 πο

224 1737 443 1780 uocabulo
463 1737 586 1779 Aoth
606 1736 812 1779 inclitum
833 1736 977 1779 filium
994 1736 1096 1780 Iera
1115 1737 1197 1779 filii
1214 1737 1403 1789 Gemini,
1420 1738 1498 1796 qui
1517 1740 1710 1795 utraque

224 1821 363 1850 manu
395 1807 609 1850 utebatur
640 1820 722 1864 pro
757 1806 929 1849 dextra.
990 1807 1299 1865 Miseruntque
1330 1808 1412 1851 filii
1448 1808 1589 1852 Israel
1630 1823 1711 1866 per

223 1877 352 1920 illum
387 1891 573 1920 munera
610 1876 753 1934 Eglon
794 1877 889 1934 regi
931 1877 1087 1930 Moab3
1132 1878 1209 1934 qui
1243 1877 1351 1921 fecit
1382 1878 1468 1922 sibi
1507 1878 1710 1936 gladium

224 1948 466 2005 ancipitem
486 1947 726 1990 habentem
747 1947 795 1989 in
822 1947 969 1990 medio
989 1948 1198 2005 capulum
1218 1948 1515 2007 longitudinis
1534 1949 1711 2007 palmae

223 2033 383 2060 manus
414 2020 460 2060 et
489 2017 714 2061 accinctus
744 2019 813 2060 est
843 2032 894 2060 eo
915 2017 1071 2060 subter
1093 2033 1251 2076 sagum
1272 2018 1320 2061 in
1350 2019 1511 2063 dextro
1540 2019 1709 2063 femore
1729 2037 1772 2073 ²5

223 2087 477 2145 obtulitque
506 2102 695 2130 munera
725 2087 869 2145 Eglon
899 2088 994 2145 regi
1026 2088 1169 2131 Moab.
1231 2089 1343 2132 Erat
1371 2092 1524 2133 autem
1565 2089 1710 2148 Eglon

182 2175 207 2204 c
225 2172 398 2201 crassus
430 2157 575 2202 nimis.
636 2156 840 2215 Cumque
876 2158 1112 2201 obtulisset
1147 2158 1187 2201 ei
1222 2173 1420 2211 munera,
1450 2163 1711 2218 prosecutus

224 2231 291 2272 est
312 2228 452 2271 socios
469 2228 545 2285 qui
566 2242 668 2271 cum
684 2242 736 2271 eo
757 2231 988 2273 uenerant.
1030 2229 1089 2271 Et
1109 2243 1315 2272 reuersus
1334 2233 1402 2273 est
1422 2229 1477 2273 de
1498 2229 1711 2288 Galgalis,

223 2353 247 2388 6
271 2350 417 2388 moisen
435 2350 460 2387 S
586 2359 627 2397 15
655 2349 855 2396 quisquam
872 2351 1024 2397 scripsi:
1049 2362 1279 2398 quemquam
1298 2350 1465 2388 CBASM
1589 2361 1645 2398 17,
1667 2354 1712 2390 18

224 2398 474 2444 memoratur]
493 2398 703 2436 honoratur
719 2398 751 2434 A
768 2410 884 2444 marq.
903 2397 927 2434 S
1065 2401 1106 2436 18
1132 2399 1339 2446 subpositis
1357 2399 1381 2436 S
1529 2410 1574 2446 19
1598 2412 1622 2436 x
1641 2400 1710 2437 SM

223 2447 291 2483 viii
308 2446 474 2484 CBASM
591 2457 635 2483 21
662 2458 757 2494 gera
773 2410 874 2482 SMq
961 2456 1006 2484 22
1032 2446 1172 2483 israhel
1189 2447 1223 2482 A
1336 2457 1380 2493 ²7
1406 2446 1444 2485 ei
1460 2447 1660 2486 obtulisset
1675 2450 1711 2485 A

274 2562 294 2587 2
320 2553 547 2588 Salomonem
564 2553 659 2588 etc.:
684 2550 741 2589 De
760 2551 973 2589 Salomonis
989 2550 1235 2599 poenitentia
1256 2551 1305 2588 cf.
1332 2551 1488 2589 Hieron.
1513 2554 1555 2589 in
1577 2554 1708 2590 Ezeeh.

223 2601 322 2635 xliii.
345 2611 389 2637 10
400 2612 436 2636 se
459 2612 490 2646 9.
511 2599 660 2654 (Migne
677 2602 718 2636 P.
735 2602 778 2635 L.
798 2611 882 2636 xxv.
902 2600 999 2655 419).
1170 2610 1194 2645 4
1211 2601 1395 2646 populum
1412 2602 1485 2637 etc.
1502 2613 1512 2636 :
1536 2613 1569 2637 v.
1589 2600 1707 2638 Exod.

225 2646 342 2684 xxxii.
361 2658 395 2693 9,
448 2647 551 2684 zech.
571 2647 611 2684 ii.
630 2658 664 2692 4,
680 2648 766 2684 Act.
783 2647 882 2694 App
902 2647 1044 2702 vii.51.
1213 2659 1257 2685 10
1279 2650 1562 2685 sicutIudicum
1578 2654 1711 2685 narrat

224 2697 399 2732 historia.
435 2695 660 2742 praesertim
688 2695 731 2731 in
764 2695 936 2742 capitulo
969 2695 1024 2731 iii.
1200 2705 1244 2740 14
1276 2701 1438 2732 excutere
1461 2698 1589 2742 iuyum
1613 2699 1708 2734 etc-z

224 2755 256 2778 v.
284 2743 379 2780 Gen.
405 2743 518 2779 xxvii.
546 2747 834 2788 40.18
869 2745 1150 2790 Seruiemntque
1175 2745 1274 2781 etc.:
1311 2743 1432 2780 Iudic.
1458 2743 1516 2782 iii.
1546 2755 1589 2790 14
1605 2756 1707 2791 seqq.

225 2801 265 2826 21
295 2793 487 2827 inclitum:
515 2791 596 2827 Hoc
609 2790 834 2846 vocabulum
846 2791 996 2827 addidit
1014 2791 1200 2829 Ioannes:
1224 2804 1257 2829 v.
1270 2791 1365 2838 Orig
1367 2794 1431 2828 ,δη
1443 2793 1526 2828 Iud.
1540 2793 1648 2829 Hom.
1663 2794 1709 2828 iv.

224 2837 372 2884 (Migne
388 2840 526 2877 Patr-ol.
546 2840 672 2876 Graec.
687 2838 754 2877 xii.
767 2841 853 2885 967)
872 2841 984 2875 Ae'oth
998 2841 1063 2886 qui
1079 2841 1347 2886 interpretatur
1338 2804 1464 2887 g;laus
1491 2839 1540 2877 cf.
1553 2840 1709 2879 Hieron.

223 2887 267 2921 de
283 2887 386 2922 Nom.
405 2887 517 2924 Hebr.
537 2886 685 2934 (Migne
702 2889 743 2925 P.
760 2889 805 2925 L.
823 2886 929 2923 xxiii.
948 2888 1045 2934 810).
1551 2922 1553 2924 .

335 2965 400 3001 374
