1846 3262
72 251 153 301 589
171 248 201 289 d
545 240 745 287 IOANN
747 240 805 284 IS
846 233 1361 283 SARESBERIENSIS
1514 229 1623 292 [Lm.
1640 241 1691 273 VI

182 411 184 414 .
219 367 385 413 canus?
443 365 604 409 Nonne
629 364 763 420 caput
786 360 967 418 rapinae
992 360 1038 401 et
1057 357 1132 400 lex
1152 355 1426 399 uiolentian
1485 352 1604 406 Quid
1625 353 1694 395 est

221 436 506 496 publicanus?
537 433 704 477 Praedo
717 432 811 475 sine
823 429 1002 487 pudore,
1014 426 1211 470 medicus
1224 423 1490 469 exterminii.
1532 422 1694 466 Nonne

222 506 458 551 immanior
477 507 544 548 est
563 503 739 547 furibus
759 499 1054 558 publicanus'ss
1114 497 1207 540 Fur
1226 510 1419 553 namque
1438 494 1512 537 uel
1532 493 1694 536 timens

223 577 425 629 furatur;
455 575 526 618 hic
547 576 696 616 autem
716 570 937 627 delinquit
957 568 1242 613 confidenter.
1286 566 1378 609 Fur
1390 565 1570 622 laqueos
1584 562 1696 620 legis

223 648 376 698 timet;
397 646 467 688 hie
488 642 698 701 quicquid
711 640 867 684 fecerit
879 640 1022 696 legem
1042 639 1186 695 putat.
1230 636 1325 680 Lex
1340 635 1487 679 furem
1502 634 1697 678 deterret
1715 645 1734 680 5

70 734 155 775 590
178 733 209 762 a
226 717 282 760 ab
301 715 486 768 illicitis;
516 713 588 757 hic
604 712 661 755 ad
676 711 881 768 iniquum
899 709 1098 752 malitiae
1114 722 1220 751 suae
1232 705 1543 764 compendium
1555 704 1698 762 legem

224 786 375 831 trahit.

286 856 395 910 Quis
416 870 466 899 eo
492 854 698 912 iniquior,
719 853 797 910 qui
823 851 973 895 uerbis
1000 849 1201 893 iustitiae
1222 847 1444 891 iustitiam
1473 845 1700 902 dampnat,
1726 879 1731 887 .

225 929 272 970 et
301 925 436 969 armis
460 924 738 968 innocentiae
764 922 939 980 spoliat,
969 921 1191 971 uulnerat,
1218 918 1384 962 occidit
1410 915 1699 960 innoeentes?

189 989 192 993 ’
228 996 345 1053 Lege
374 996 529 1053 utique
557 994 700 1052 legem
729 992 911 1050 perimit
941 994 998 1042 et,
1019 991 1127 1034 dum
1157 989 1267 1032 alios
1296 991 1430 1046 urget
1459 986 1517 1031 ad
1546 986 1700 1043 legem,
1721 999 1762 1024 10

228 1066 359 1109 exlex
385 1068 462 1108 est.
522 1064 642 1107 Nam
669 1064 785 1107 sicut
811 1064 1002 1120 praetor,
1023 1062 1159 1104 etiam
1187 1075 1289 1104 cum
1313 1059 1466 1116 inique
1493 1055 1703 1107 decernit,

229 1136 299 1179 ius
319 1135 439 1188 dicit,
454 1134 609 1177 habito
628 1136 780 1177 tamen
799 1121 874 1176 ret⁴
902 1135 1002 1175 ectu
1022 1146 1113 1174 non
1134 1130 1191 1173 ad
1211 1130 1259 1172 id
1280 1129 1398 1187 quod
1419 1127 1530 1171 facit
1549 1126 1625 1170 sed
1646 1125 1704 1168 ad

229 1206 277 1248 id
298 1205 416 1263 quod
431 1204 576 1248 facere
590 1204 745 1256 debet3
775 1203 837 1246 sic
854 1129 1189 1321 exffiblicanus,
1205 1200 1340 1244 etiam
1356 1214 1456 1243 cum
1473 1196 1704 1254 delinquit,

232 1276 303 1318 ius
317 1275 497 1318 uidetur
509 1274 704 1331 implere,
717 1273 872 1316 habita
887 1275 907 1316 t
983 1287 1038 1315 en
1053 1270 1195 1322 officii,
1208 1285 1298 1313 non
1311 1269 1509 1312 malitiae
1522 1267 1704 1311 ratione.

236 1345 324 1389 Sed
345 1345 462 1402 quod
483 1347 550 1388 est
569 1344 760 1387 officium
780 1342 1036 1401 publicani?
1094 1341 1216 1384 Luca
1235 1339 1457 1384 referente
1472 1338 1707 1382 didicimus
1726 1348 1766 1383 15

236 1415 342 1473 quia
361 1414 585 1472 publicani
605 1417 825 1457 uenerunt
852 1413 910 1456 ad
934 1413 1181 1456 Iohannem
1208 1413 1262 1454 ut
1288 1409 1625 1467 baptizarentur
1651 1408 1708 1451 ab

238 1498 312 1537 θος
357 1486 402 1527 et
433 1484 645 1527 dixerunt
662 1499 671 1526 :
713 1483 939 1541 Magister,
976 1482 1084 1540 quid
1118 1480 1364 1525 faciemus2
1423 1478 1709 1537 Respondens

238 1557 388 1598 autem
409 1554 582 1597 dicebat
600 1554 713 1597 illis:
744 1553 896 1597 Nichil
916 1553 1107 1610 amplius
1128 1566 1262 1609 quam
1283 1550 1401 1609 quod
1416 1550 1710 1594 constitutum

192 1632 221 1671 b
240 1627 308 1668 est
332 1623 459 1667 uobis
488 1624 693 1682 exigatis.
752 1624 861 1667 Ecce
891 1623 1083 1667 officium
1109 1621 1335 1680 publicani
1362 1621 1539 1679 exigere
1569 1625 1615 1664 et
1643 1635 1709 1664 re-

155 1689 157 1691 ’
239 1695 383 1751 cipere
403 1693 521 1750 quod
541 1696 762 1737 statutum
782 1696 862 1737 est.
923 1692 1147 1750 Quicquid
1175 1695 1337 1735 autem·
1358 1691 1550 1749 amplius
1580 1693 1660 1744 est,
1683 1705 1711 1734 a
1730 1705 1772 1730 20

239 1764 358 1806 malo
373 1766 441 1806 est
455 1763 674 1821 exigentis
690 1766 735 1807 et
750 1763 1018 1821 accipientis,
1030 1777 1121 1806 non
1140 1762 1407 1820 praebentis.
1451 1761 1548 1805 Hoc
1561 1764 1712 1805 autem

240 1833 298 1876 ad
332 1833 530 1876 omnium
565 1833 910 1891 magistratuum
945 1832 1153 1877 officiales
1187 1832 1447 1890 porrigitur,
1475 1835 1529 1875 ut
1563 1831 1621 1875 ab
1650 1831 1714 1876 eis

241 1903 379 1947 nichil
408 1903 599 1960 amplius
629 1903 847 1962 exigatur.

300 1972 590 2030 Apparitores
609 1973 760 2031 itaque
781 1973 967 2017 licenter
991 1973 1182 2031 exigunt
1208 1973 1327 2031 quod
1353 1972 1418 2016 eis
1445 1972 1633 2016 debetur
1658 1987 1715 2016 ex

243 2042 466 2100 sportuIiS,
486 2045 532 2086 et
551 2043 749 2086 omnium
770 2043 1046 2086 stratilatum
1065 2043 1243 2086 ordines
1263 2042 1476 2086 salarium
1499 2043 1714 2088 constitu·
1734 2055 1776 2091 ²5

244 2115 342 2156 tum
362 2112 478 2155 iuste
497 2113 733 2170 accipiunt.
792 2112 1039 2157 Concutere
1058 2116 1210 2157 tamen
1230 2116 1276 2156 et
1296 2127 1460 2157 vexare
1487 2128 1578 2157 non
1600 2113 1717 2168 licet,

246 2186 300 2225 ut
319 2184 670 2239 extorqueantur
694 2186 740 2226 et
763 2198 960 2227 munera.
1021 2183 1159 2242 Ignis,
1179 2183 1329 2242 inquit
1354 2183 1510 2227 beatus
1530 2183 1624 2235 Iob,
1645 2184 1719 2228 de·

246 2251 425 2295 uorabit
454 2252 742 2296 tabernacula
771 2267 924 2296 eorum
951 2253 1029 2311 qui
1055 2268 1242 2297 munera
1270 2253 1463 2297 libenter
1485 2254 1721 2312 accipiunt.

248 2320 462 2378 Concepit
481 2321 676 2366 dolorem
700 2326 946 2367 conuentus
972 2338 1125 2367 eorum
1152 2327 1199 2368 et
1225 2324 1400 2382 peperit
1424 2324 1722 2382 iniquitatem,

253 2457 271 2496 ⁵
298 2447 473 2495 quicquit
488 2448 523 2483 A
664 2458 708 2486 21
736 2419 926 2497 exigentis
943 2451 1000 2487 est
1017 2449 1185 2487 0²BA¹M

298 2581 322 2616 4
344 2572 578 2615 confidenter:
605 2571 801 2608 Hactenus
817 2570 1047 2608 Laurentius
1058 2570 1368 2609 Mediolanensis.
1516 2584 1554 2610 11
1576 2581 1730 2622 praetor

253 2619 353 2656 etc.:
379 2630 410 2654 v.
428 2617 511 2666 Dig.
529 2619 554 2655 i.
577 2630 606 2656 1.
629 2630 682 2656 11.
859 2629 899 2666 15
926 2621 1027 2656 Luca
1044 2623 1219 2665 referente
1235 2621 1331 2657 etc.:
1357 2633 1391 2658 v.
1409 2620 1498 2658 Luc.
1515 2621 1574 2659 iii.
1595 2634 1650 2669 12,
1671 2634 1726 2671 13.

255 2675 298 2720 35
324 2667 515 2711 sportulis:
541 2666 596 2704 De
614 2666 879 2714 apparitorum
897 2669 935 2704 et
952 2670 1219 2705 exsecutorum
1235 2668 1367 2705 litium
1388 2670 1568 2716 sportulis
1583 2683 1615 2707 v.
1639 2670 1727 2720 Dig.

255 2724 302 2749 iv.
321 2714 343 2749 6
362 2713 379 2760 ξ
400 2724 445 2767 ²¹}
463 2726 472 2758 ;
497 2715 583 2751 God.
601 2716 734 2751 Iustin.
751 2715 776 2752 i.
795 2725 828 2761 3.
845 2725 891 2761 32
911 2715 928 2762 ξ
946 2724 977 2762 5,
992 2715 1049 2751 iii.
1069 2726 1101 2752 2.
1117 2725 1158 2762 53
1184 2715 1331 2754 Novell.
1346 2716 1466 2754 cxxiv.
1480 2728 1513 2763 3.
1608 2722 1729 2756 strati-

257 2762 371 2797 latum
386 2771 394 2796 :
409 2810 415 2818 ¹
432 2773 458 2796 1.
471 2773 503 2798 e.
528 2765 786 2817 orpqrrffiaqcbnff
963 2765 1008 2799 26
1037 2764 1251 2800 Concutere:
1276 2764 1310 2800 A
1340 2765 1389 2801 ud
1415 2764 1509 2802 iuris
1534 2767 1730 2806 consultos

257 2820 434 2862 conci-asem
451 2820 528 2849 esse
546 2809 688 2846 dlcitur
704 2823 735 2846 Sl
751 2810 931 2847 Simulato
947 2810 1132 2857 praesidis
1148 2810 1248 2848 iussu
1265 2777 1337 2849 vei,
1349 2824 1419 2859 per
1440 2812 1563 2851 minas
1583 2827 1730 2853 accusa

257 2858 377 2892 tionis
393 2856 593 2910 pecuniam
609 2857 745 2895 illicite
758 2859 1010 2904 extorqueant
1028 2858 1227 2903 officialem
1251 2872 1285 2898 v.
1296 2860 1382 2908 Dig.
1398 2860 1453 2898 iii.
1468 2862 1526 2910 61,
1540 2862 1644 2902 xlvii.
1662 2875 1703 2912 13
1718 2877 1727 2886 ·

258 2902 348 2940 Cod.
367 2903 500 2941 Iustm.
517 2904 582 2940 xii.
599 2907 658 2942 61.
801 2915 846 2951 27
871 2907 976 2952 Iynis
991 2909 1088 2944 etc.:
1113 2907 1181 2944 Iob
1197 2919 1255 2945 xv,
1274 2919 1331 2955 34,
1351 2917 1408 2956 35.
1717 2893 1728 2912 ²

366 2983 391 3019 4
