1846 3262
59 241 147 281 599
167 240 199 271 a
544 225 807 272 IOANNIS
845 220 1364 268 SARESBERIENSIS
1516 218 1628 280 [ms.
1643 228 1696 262 v1

210 350 375 394 dextra
396 348 734 407 praecideretur.
793 345 1006 402 Adeoque
1029 343 1201 387 uirtute
1221 343 1347 387 ducis
1368 345 1477 386 tunc
1504 340 1697 386 confecti

214 423 322 464 sunt
341 420 547 463 Britones
568 421 620 461 ut
640 418 733 460 fere
753 431 862 474 gens
882 418 980 458 tota
999 414 1186 458 deficere
1213 413 1446 457 uideretur
1466 417 1513 457 et
1539 428 1597 456 ex
1624 412 1696 455 in-

215 490 448 549 dulgentia
466 490 556 532 iam
577 487 686 532 dieti
706 487 823 544 regis
844 485 1052 528 mulieres
1073 499 1227 528 eorum
1247 483 1485 541 nupserint
1504 483 1678 541 Anglis.

275 560 467 604 Videsne
494 561 712 616 quantum
738 557 894 602 electio
918 555 1043 600 ducis
1073 557 1120 599 et
1150 554 1415 598 exercitium
1446 553 1699 598 iuuentutis

217 631 404 674 militiae
432 628 695 674 conferant'3
1718 643 1738 678 5

218 752 324 811 Cap.
354 762 392 808 7.
432 751 556 806 Quae
589 749 649 794 sit
684 749 907 806 conceptio
935 747 1212 792 sacramwnti
1244 746 1481 798 militaris,
1511 749 1551 791 et
1580 745 1702 804 quod

636 820 736 865 sine
756 834 803 864 eo
822 819 1030 864 ‘militare
1049 832 1148 862 ‘non
1169 817 1284 862 licet.

172 921 201 960 b
276 915 596 959 Verumtamen
636 913 751 957 citra
793 911 1054 970 religionem
1094 910 1362 955 sacramenti
1411 925 1469 954 ex
1514 909 1704 968 antiqua

168 998 172 1021 ἐ
219 988 316 1046 lege
345 1000 475 1029 nemo
505 984 693 1028 militiae
723 983 902 1041 cingulo
937 983 1200 1026 donabatur.
1262 982 1395 1033 Nam,
1429 981 1547 1025 sicut
1581 980 1704 1039 apud

219 1057 387 1102 Iulium
423 1055 690 1099 Frontinum
722 1054 900 1112 legitur,
930 1053 1068 1097 Lucio
1103 1053 1236 1097 Flaco
1271 1055 1318 1096 et
1354 1052 1467 1096 Gaio
1503 1052 1704 1096 Varrone
1724 1070 1767 1095 xo

218 1126 474 1171 consulibus
512 1125 678 1168 milites
717 1124 862 1182 primo
911 1123 1199 1168 iureiurando
1239 1123 1349 1167 facti
1389 1125 1498 1166 sunt
1510 1137 1520 1176 ;
1570 1126 1706 1166 antea

223 1197 342 1241 enim
371 1198 647 1240 sacramento
671 1193 983 1238 tantummodo
1009 1208 1037 1236 a
1063 1193 1259 1237 tribunis
1282 1193 1571 1252 rogabantur,
1591 1195 1706 1238 cete-

223 1282 325 1311 rum
360 1265 445 1324 ipsi
480 1265 600 1308 inter
633 1279 679 1308 se
713 1263 1008 1308 coniurabant
1041 1278 1088 1307 se
1120 1263 1256 1322 fugae
1286 1267 1422 1321 atque
1452 1263 1708 1308 formidinis

224 1350 360 1380 causa
393 1350 483 1379 non
513 1335 714 1378 abituros
745 1348 889 1391 neque
921 1348 978 1377 ex
1016 1334 1172 1377 ordine
1212 1348 1460 1377 recessuros
1499 1334 1587 1377 nisi
1626 1334 1707 1378 teli

225 1405 406 1464 petendi
426 1405 624 1449 hostisue
645 1404 835 1448 feriendi
855 1418 989 1447 causa
1015 1406 1096 1447 aut
1126 1403 1238 1447 ciuis
1258 1404 1479 1448 seruandi.
1540 1404 1600 1447 Et
1623 1405 1706 1449 hoc
1728 1423 1770 1459 15

225 1476 458 1520 dicebatur
486 1475 674 1519 militiae
704 1477 1060 1528 sacramentum;
1090 1474 1209 1532 quod
1236 1478 1283 1518 et
1303 1473 1707 1520 Christianissimo-

226 1561 327 1591 rum
347 1546 599 1604 principum
619 1545 886 1589 auctoritate
906 1545 1115 1588 firmatur
1135 1548 1181 1588 et
1201 1559 1297 1589 usu.

287 1615 528 1674 Conceptio
559 1630 667 1659 uero
701 1615 942 1659 iuramenti
974 1618 1089 1659 teste
1123 1615 1312 1673 Vegetio
1341 1615 1599 1659 huiusmodi
1629 1620 1710 1662 est.

227 1686 391 1730 Iurant
429 1685 634 1744 equidem
673 1685 839 1729 milites
877 1700 958 1743 per
998 1685 1143 1729 Deum
1177 1689 1223 1729 et
1255 1684 1488 1730 Christum
1529 1686 1624 1731 eius
1665 1690 1712 1731 et

189 1769 214 1798 c
230 1757 451 1815 Spiritum
483 1759 687 1800 sanctum
722 1759 768 1799 et
798 1771 879 1813 per
917 1756 1198 1799 maiestatem
1237 1755 1452 1814 principis
1492 1772 1606 1815 quae
1641 1773 1709 1802 se·
1729 1778 1774 1804 σο

228 1827 425 1871 cundum
463 1826 611 1870 Deum
650 1826 846 1870 humano
884 1825 1038 1884 generi
1077 1825 1306 1884 diligenda
1341 1830 1409 1871 est
1439 1830 1486 1871 et
1515 1827 1711 1872 colenda.

229 1896 350 1941 Nam
383 1911 485 1941 cum
520 1896 620 1954 quis
653 1896 905 1954 legitimum
937 1896 1099 1954 accipit
1132 1896 1447 1955 principatum,
1481 1900 1713 1956 tamquam

229 1966 454 2025 praesenti
475 1969 521 2010 et
541 1966 758 2024 corporali
779 1966 875 2010 Deo
895 1966 1039 2010 fidelis
1063 1966 1104 2010 ei
1133 1969 1202 2011 est
1225 1967 1496 2024 praestanda
1521 1968 1714 2021 deuotio,

230 2036 554 2094 impendendus
587 2036 779 2095 peruigil
809 2035 1067 2080 famulatus.
1126 2036 1222 2080 Deo
1252 2037 1371 2081 enim
1403 2038 1477 2082 uel
1506 2038 1714 2096 priuatus

231 2106 305 2150 uel
344 2106 543 2150 militans
586 2105 737 2157 seruit,
780 2120 882 2150 cum
921 2105 1115 2150 fideliter
1153 2121 1256 2150 eum
1295 2107 1458 2166 diligit,
1499 2108 1577 2166 qui
1617 2108 1714 2154 Deo
1735 2121 1777 2157 ²5

233 2179 393 2235 regnat
413 2180 602 2221 auctore.
663 2176 836 2228 Iurant,
855 2176 1051 2234 inquam,
1071 2191 1118 2220 se
1144 2180 1325 2221 strenue
1346 2177 1545 2223 facturos
1565 2180 1716 2224 omnia

237 2297 267 2330 1,
287 2297 308 2323 2
332 2286 504 2324 britones
520 2286 687 2324 confecti
704 2288 795 2323 sunt
811 2286 852 2322 M
988 2289 1009 2324 8
1035 2286 1340 2335 Verumptamen
1356 2288 1391 2326 A
1530 2285 1575 2327 10
1599 2291 1718 2329 flacco

233 2334 310 2371 AM
406 2346 548 2374 uarone
566 2335 606 2372 M
743 2345 787 2382 14
812 2334 1010 2373 habituros
1027 2335 1181 2373 CB¹AM
1314 2348 1360 2374 22
1385 2336 1626 2386 legittimum
1644 2339 1719 2376 ΒΜ

235 2446 302 2472 rex
315 2434 400 2478 fuit,
407 2437 543 2471 vallum
553 2447 739 2481 maynum,
751 2434 856 2471 cuius
865 2435 990 2472 adhuc
1001 2437 1153 2473 exstant
1164 2435 1235 2473 reli
1264 2436 1361 2483 uiae,
1372 2439 1472 2474 inter
1479 2440 1721 2478 Britanniam

235 2489 341 2530 atque
356 2485 533 2520 Merciam
549 2485 592 2519 de
609 2485 707 2519 mari
721 2495 832 2530 usque
848 2485 897 2519 ad
913 2495 1023 2528 mare,
1041 2495 1092 2524 sc.
1109 2485 1157 2521 ab
1175 2496 1239 2522 ore
1291 2497 1386 2532 agae
1401 2486 1528 2533 (Wye)
1547 2488 1720 2527 fluminis

236 2542 356 2577 usque
373 2531 422 2568 ad
444 2543 484 2568 os
508 2531 635 2569 Devae
653 2530 772 2578 (Dee),
790 2533 917 2577 faoere
940 2533 1143 2579 imperavit,
1160 2535 1203 2570 ut
1228 2533 1325 2570 dicit
1348 2534 1507 2572 Asseros
1532 2534 1575 2572 in
1603 2537 1723 2575 Gestis

222 2581 404 2626 ‚Aelsredi
433 2579 505 2623 (ed.
534 2579 740 2617 Stevenson
769 2591 805 2626 p.
843 2581 915 2625 12).
1129 2592 1152 2627 9
1176 2583 1331 2618 militiae
1363 2585 1531 2629 cinyulo:
1569 2596 1601 2621 v.
1628 2585 1719 2623 Cod.

220 2617 376 2674 §Iustim
401 2626 466 2664 xii.
514 2626 574 2674 οξ
600 2637 621 2673 3
646 2628 687 2664 et
712 2638 826 2674 saepe
850 2626 892 2663 in
915 2626 1079 2675 Corpore
1096 2628 1195 2665 Iuris
1211 2629 1357 2667 Ciuilis.
1539 2643 1583 2669 10
1607 2634 1722 2672 Lucio

238 2676 351 2721 Flaco
367 2676 459 2713 eta:
516 2675 657 2712 rontin.
675 2676 786 2711 serat.
803 2674 852 2712 iv.
873 2686 887 2712 1
911 2675 929 2722 §
949 2687 982 2722 4.
1108 2678 1244 2715 Flauo:
1273 2677 1401 2725 potius
1423 2680 1566 2724 Pauzo;
1591 2693 1624 2719 ν.
1643 2681 1722 2720 Liv.

239 2722 332 2760 xxii.
350 2724 415 2769 38;
441 2724 543 2771 quod
563 2734 705 2760 nomen
730 2721 772 2759 in
799 2723 975 2761 Frontini
998 2725 1149 2761 textum
1173 2725 1348 2764 restituit
1373 2727 1547 2765 Schelius
1570 2731 1653 2766 Not.
1679 2732 1723 2768 in

238 2772 362 2817 Polyb.
378 2782 438 2826 ap:
455 2770 587 2808 Graev.
608 2772 711 2808 Thes.
727 2771 908 2825 4ntiquit.
927 2773 1028 2809 Rom.
1048 2784 1084 2810 x.
1106 2782 1209 2820 1172,
1226 2786 1340 2820 quem
1357 2775 1530 2822 sequitur
1554 2776 1723 2816 Gunder·

240 2830 404 2856 mannus
425 2831 466 2856 111
491 2818 548 2856 ed.
574 2818 848 2856 Teubnenana.
1045 2829 1100 2867 15,
1129 2823 1172 2858 16
1196 2823 1248 2858 Et
1272 2824 1335 2859 hoc
1359 2825 1548 2861 dicebatur
1568 2828 1724 2864 militiae

239 2872 528 2903 sacramentum:
555 2879 587 2903 v.
605 2866 739 2914 Veget.
756 2866 796 2902 ii.
817 2876 834 2913 5
862 2868 914 2903 Et
929 2869 1008 2905 ideo
1024 2870 1179 2905 militiae
1199 2877 1429 2908 sacramenta
1445 2874 1646 2918 dicuntum
1671 2874 1721 2913 cf.

241 2914 505 2963 Oudendorpii
522 2916 603 2952 not.
623 2915 672 2953 ad
690 2914 761 2953 loc.
780 2914 941 2963 Vegetii.
1083 2927 1127 2964 19
1151 2919 1288 2956 Iurant
1305 2921 1399 2958 etc.:
1427 2932 1459 2958 v.
1476 2920 1609 2968 Veget.
1627 2921 1670 2959 ii.
1689 2931 1721 2971 5.

353 2979 398 3004 20
