1846 3262
50 205 131 246 720
151 206 177 237 ὓ
526 196 790 242 IOANNIS
830 197 1350 242 SARESBERIENSIS
1452 196 1564 258 [ΜΒ.
1580 207 1671 241 vm

193 319 411 363 commodi
442 321 706 377 appetitum.
767 318 968 372 Quorum
998 319 1114 362 alter
1142 319 1192 362 in
1218 319 1464 371 uoluntate,
1485 320 1600 364 alter
1623 319 1673 362 in

145 393 174 433 d
192 390 455 433 necessitate
500 390 731 442 consistit3
768 393 814 433 et
856 392 1026 446 quanto
1075 389 1302 447 appetitus
1347 390 1456 433 iusti
1503 390 1580 447 qui
1624 390 1673 432 in

191 460 425 502 uoluntate
458 462 525 503 est
561 460 754 517 amplius
789 459 958 510 erescit,
990 462 1119 502 tanto
1149 459 1306 502 melior
1337 462 1405 503 est
1435 463 1480 503 et
1510 460 1673 518 dignus

192 526 471 569 beatitudine
506 527 726 584 ampliori.
787 526 907 569 Nam
942 526 1076 569 nimis
1108 526 1224 570 uelle
1256 527 1375 584 quod
1405 527 1575 570 iustum
1605 529 1674 570 est

191 611 322 640 nemo
346 600 505 654 potest,
530 597 617 640 nisi
648 597 766 641 forte
792 597 891 654 quis
919 600 1056 654 queat
1080 612 1174 640 esse
1205 597 1351 640 iustus
1378 597 1568 640 nimium
1592 599 1673 640 aut
1692 610 1710 644 ⁵

190 667 362 711 beatus.
412 668 563 721 Porro,
575 667 613 710 si
634 668 863 726 appetitus
883 667 1102 712 commodi
1123 682 1377 711 mensuram
1397 667 1674 711 necessitatis

191 738 388 789 excedat,
429 738 579 795 uergit
618 739 676 781 ad
723 738 900 796 culpam
948 741 994 782 et
1041 738 1302 796 cupiditatis
1347 738 1548 782 conscius
1587 738 1674 781 sibi

190 807 406 850 uitiorum
447 808 568 865 parit
607 809 836 866 originem.
910 808 1041 852 Alter
1081 823 1187 866 ergo
1226 809 1426 862 istorum,
1462 808 1673 866 quoniam

189 878 357 922 militat
388 879 580 931 caritati,
613 880 790 937 quaerit
825 894 939 937 quae
972 879 1056 923 Dei
1091 882 1221 932 sunt3
1261 879 1378 923 alter
1408 879 1456 922 in
1491 879 1674 937 propria

189 949 389 992 utilitate
429 952 649 1002 uersatur,
683 952 955 1007 postponens
990 964 1104 1007 quae
1140 950 1224 993 Dei
1260 952 1368 993 sunt
1407 952 1488 993 aut
1522 949 1672 1007 proxi-
1693 967 1736 991 10

188 1033 374 1063 morum.
449 1019 522 1062 Ab
562 1020 644 1064 hoc
684 1020 852 1078 duplici
892 1020 1018 1064 fonte
1059 1035 1203 1064 mores
1243 1021 1463 1064 oriuntur.
1545 1020 1673 1064 Recti

189 1089 380 1146 quidem,
416 1090 454 1133 si
490 1089 629 1134 faciat
664 1091 765 1148 quis
797 1091 874 1134 alii
910 1091 1029 1148 quod
1060 1092 1147 1135 sibi
1183 1092 1285 1135 uult
1316 1092 1413 1135 fieri
1448 1094 1494 1135 et
1528 1092 1586 1135 ab
1620 1106 1673 1135 eo

188 1161 414 1204 abstineat
444 1161 523 1204 alii
554 1161 788 1205 inferendo
819 1162 938 1220 quod
966 1163 1051 1206 sibi
1080 1163 1220 1207 nollet
1249 1163 1307 1206 ab
1337 1163 1426 1206 alio
1457 1163 1674 1222 irrogari3

188 1231 369 1275 distorti
390 1247 509 1283 uero,
531 1232 568 1275 si
590 1233 690 1289 quis
712 1233 851 1275 alium
876 1233 998 1276 ledat
1018 1234 1091 1276 uel
1112 1249 1202 1277 non
1222 1234 1376 1291 prosit,
1395 1249 1496 1277 cum
1517 1234 1672 1291 possit,

51 1321 121 1362 721
142 1322 171 1351 a
190 1317 303 1360 quae
319 1303 499 1360 quidem
514 1303 742 1361 utrimque
757 1304 1068 1361 multipliciter
1082 1305 1209 1348 fiunt.
1266 1304 1309 1347 A
1328 1304 1476 1362 priore
1493 1304 1672 1362 quidem
1693 1321 1733 1355 15

190 1387 315 1416 amor
335 1373 571 1425 libertatis,
588 1388 713 1417 amor
731 1374 918 1432 patriae,
935 1377 981 1418 et
995 1375 1178 1418 tandem
1199 1378 1515 1418 extraneorum
1535 1390 1672 1419 amor.

190 1443 309 1486 Nam
342 1444 596 1487 libertatem
629 1459 719 1487 non
755 1459 906 1488 amare
937 1459 1028 1487 non
1060 1448 1210 1502 potest
1246 1445 1323 1502 qui
1358 1460 1404 1488 se
1444 1445 1591 1503 ipsum
1627 1449 1674 1490 et

188 1514 382 1571 patriam
403 1517 526 1557 amat
547 1517 592 1558 et
607 1515 655 1557 in
669 1515 813 1572 gradu
829 1530 910 1558 suo
927 1518 1191 1558 extraneum
1213 1517 1480 1573 quicumque
1501 1516 1674 1560 sincera

188 1584 376 1628 caritate
404 1584 555 1642 diligit
577 1585 857 1642 proximum3
888 1585 1108 1643 siquidem
1132 1586 1181 1628 in
1207 1601 1258 1629 eo
1283 1586 1488 1630 consistit
1508 1585 1672 1630 caritas

188 1654 407 1697 ordinata.
467 1654 540 1697 Ab
569 1654 711 1698 altero
737 1670 844 1698 uero
870 1655 1094 1713 cupiditas
1124 1655 1443 1699 dominationis
1470 1657 1671 1714 procedit
1691 1673 1735 1698 πο

188 1727 235 1767 et
274 1724 420 1767 laudis
461 1727 507 1767 et
545 1725 726 1782 gloriae,
757 1729 803 1768 et
842 1725 953 1769 adeo
991 1725 1227 1770 inualeseit
1266 1729 1320 1769 ut
1363 1741 1420 1769 ex
1463 1727 1671 1784 opinione

187 1795 433 1838 multorum
473 1810 543 1838 res
582 1798 735 1838 tamen
769 1810 929 1853 parum
969 1795 1273 1839 consideratae
1313 1796 1672 1841 examinantium

187 1865 436 1908 uirtutibus
470 1869 824 1910 connumeretur.
888 1865 1009 1909 Nam
1045 1867 1124 1924 qui
1159 1870 1330 1910 rectum
1363 1867 1557 1925 sapiunt,
1589 1868 1672 1912 hoc

187 1935 314 1978 uitiis
341 1935 586 1979 maioribus
607 1939 867 1994 aggregant,
888 1936 994 1980 licet
1020 1937 1062 1980 ei
1087 1937 1144 1980 ab
1164 1937 1399 1995 imperitis,
1420 1937 1497 1995 qui
1517 1940 1670 1981 tamen

187 2005 441 2063 sapientum
476 2009 714 2050 censentur
745 2007 937 2058 nomine,
971 2007 1165 2051 uirtutes
1201 2007 1380 2051 subesse
1414 2007 1668 2053 uideantur.
1690 2023 1733 2059 ²5

187 2075 316 2119 Vnde
345 2078 391 2119 et
422 2079 597 2120 ueteres
629 2077 851 2134 primique
887 2078 1090 2129 Romani,
1118 2082 1253 2135 prout
1283 2092 1436 2121 eorum
1467 2078 1595 2123 docet
1625 2082 1671 2124 et

187 2146 468 2190 commendat
498 2146 699 2198 historia,
723 2147 870 2191 laudis
899 2148 1034 2199 auidi,
1055 2148 1268 2205 pecuniae
1295 2148 1500 2192 liberales
1529 2153 1672 2194 erant.

140 2214 169 2253 b
188 2214 424 2272 Ingentem
440 2214 630 2272 gloriam
648 2215 933 2273 appetebant,
946 2216 1122 2260 diuitiis
1143 2216 1315 2274 spretis,
1330 2219 1375 2260 et
1391 2216 1672 2262 honestatem

187 2284 378 2327 utilitati
406 2285 713 2342 quantaelibet
740 2285 1067 2343 praeferebant.
1129 2287 1259 2330 Hanc
1280 2286 1462 2344 quidem
1481 2287 1672 2345 gloriam

187 2354 499 2398 ardentissime
549 2355 818 2408 dilexerunt,
855 2371 907 2400 eo
955 2359 1100 2400 totam
1144 2356 1390 2400 referentes
1435 2357 1579 2401 uitam
1625 2360 1672 2403 et
1690 2377 1734 2411 30

190 2488 205 2514 1
233 2476 439 2562 apieffititm}1
444 2475 469 2513 S
630 2487 653 2525 9
677 2476 839 2514 karitati
857 2477 897 2514 M
1058 2488 1101 2525 19
1125 2477 1295 2515 karitate
1315 2478 1354 2515 M
1466 2477 1614 2516 karitas
1629 2479 1671 2516 M

187 2536 235 2562 20
259 2537 282 2562 a
317 2537 381 2563 era

240 2642 294 2678 19,
308 2642 355 2667 20
378 2633 515 2668 caritas
530 2633 724 2668 ordinata:
750 2629 960 2668 caritatem
977 2630 1198 2668 ordinatam
1216 2631 1269 2668 sic
1281 2631 1418 2668 definit
1434 2631 1670 2670 Abaelardus

187 2681 307 2716 Probz.
325 2681 407 2715 Hel.
425 2681 537 2716 Solut.
555 2690 601 2725 23
622 2679 695 2725 (ed.
715 2679 853 2716 Cousin
871 2679 896 2715 i.
915 2692 953 2726 p.
973 2680 1058 2726 272)
1077 2681 1178 2716 Haec
1201 2685 1251 2715 est
1275 2682 1448 2716 ordinata
1470 2683 1606 2717 caritas
1629 2686 1672 2717 ut

187 2739 484 2782 anamma-temque,
505 2733 619 2785 prou}l
643 2729 771 2764 melior
794 2733 827 2763 et
851 2729 1084 2785 dwnifflssfsk
1109 2729 1151 2764 ob
1174 2729 1238 2764 hoc
1261 2730 1424 2783 ampl-{us
1449 2730 1668 2775 diliyamue:

186 2775 283 2868 2133.
297 2775 823 2869 20...
836 2777 1048 2871 affl
1068 2776 1396 2870 rasus.
1419 2788 1456 2823 Ρ·
1482 2776 1669 2861 {m

186 2876 220 2907 et
236 2876 372 2907 ueteres
389 2874 461 2909 etc.
478 2883 598 2918 usque
614 2871 665 2908 ad
681 2873 907 2919 opulentiam
926 2875 1010 2920 (721
1024 2870 1094 2920 D):
1119 2883 1153 2910 ν.
1171 2872 1267 2920 Aug.
1286 2873 1330 2909 de
1351 2872 1391 2909 C.
1409 2872 1454 2909 D.
1472 2883 1506 2909 v-
1529 2881 1583 2910 12.

330 2952 399 2986 244
