1846 3262
148 224 249 257 cAP.
263 209 399 273 xxnr]
663 211 1110 259 POLICRATICVS
1658 216 1743 266 623
1761 217 1793 256 b

145 335 352 380 hostibus
371 335 465 380 suis
491 336 639 394 priore
660 336 776 380 bello
796 351 946 396 regem
967 351 1059 380 non
1079 336 1299 380 uirtutem
1320 334 1642 380 Macedonibus

145 405 353 450 defuisse.
415 406 586 460 Quanti
626 422 733 466 ergo
762 422 858 451 esse
888 407 1023 451 debet
1052 407 1143 450 iam
1173 409 1412 465 prouectus
1443 409 1564 450 etate
1594 410 1642 451 et

144 477 382 536 dignitate,
411 477 451 521 si
491 478 610 521 tanti
640 478 836 522 habetur
874 482 1067 536 utroque
1107 477 1456 536 prouehendus'ss
1515 477 1642 522 Licet

144 551 299 592 autem
329 548 588 592 duriuscule
619 549 832 592 uideatur
870 551 1067 593 tractare
1105 549 1335 607 populum,
1365 552 1520 593 tamen
1559 563 1640 593 au-

103 633 126 674 5
142 619 330 663 ctoritas
365 619 605 678 dignitatis
645 623 692 663 et
728 620 906 663 utilitas
934 620 1067 664 officii
1098 621 1264 664 debent
1292 620 1639 678 prouincialium

142 689 318 734 animos
348 690 571 748 mitigare.
646 690 835 733 Memini
867 705 939 734 me
974 705 1110 734 causa
1147 691 1365 735 uisitandi
1405 691 1638 735 dominum
1655 702 1681 732 c

140 759 396 803 Adrianum
453 760 710 818 pontificem
760 765 986 818 quartum,
1031 761 1109 819 qui
1158 776 1231 805 me
1279 761 1329 804 in
1377 761 1638 805 ulteriorem

141 829 502 875 familiaritatem
530 830 784 882 admiserat,
804 830 1058 889 profectum
1078 832 1127 874 in
1155 832 1383 890 Apuliam,
1403 831 1639 889 mansique

141 915 244 945 cum
265 916 317 944 eo
337 901 587 945 Beneuenti
608 900 750 945 ferme
769 904 862 945 tres
882 917 1067 946 menses.
1127 901 1244 947 Cum
1271 902 1438 960 itaque,
1458 904 1512 946 ut
1538 901 1637 945 fieri

82 987 127 1017 1ο
143 970 260 1014 solet
290 971 412 1015 inter
445 971 622 1023 amicos,
656 986 789 1029 saepe
829 986 965 1029 super
1003 971 1212 1029 plurimis
1241 971 1558 1026 conferremus,
1588 975 1638 1017 et

140 1041 237 1099 ipse
267 1041 378 1099 quid
407 1041 464 1084 de
493 1055 541 1085 se
570 1044 618 1084 et
647 1040 830 1085 ecclesia
860 1041 1065 1085 Romana
1106 1041 1329 1085 sentirent
1368 1042 1572 1086 homines
1607 1058 1636 1087 a

139 1126 213 1155 me
233 1110 505 1154 familiarius
525 1113 572 1154 et
592 1111 856 1170 diligentius
876 1114 1123 1169 quaereret,
1143 1126 1227 1170 ego
1246 1112 1368 1169 apud
1396 1127 1498 1156 eum
1526 1127 1636 1158 usus

139 1181 328 1239 spiritus
347 1181 559 1225 libertate
574 1181 705 1233 mala,
718 1196 834 1239 quae
855 1181 903 1225 in
923 1181 1116 1225 diuersis
1130 1181 1376 1240 prouinciis
1391 1182 1635 1235 audieram,

138 1255 350 1310 patenter
368 1252 569 1311 exposui.
628 1252 758 1296 Sicut
785 1252 905 1296 enim
933 1252 1168 1296 dicebatur
1193 1267 1222 1295 a
1240 1252 1408 1306 multis,
1430 1253 1635 1298 Romana

79 1338 123 1375 15
140 1323 335 1375 ecclesia,
363 1337 479 1381 quae
508 1326 655 1366 mater
680 1323 882 1367 omnium
910 1323 1195 1367 ecclesiarum
1226 1325 1307 1376 est,
1337 1338 1385 1367 se
1414 1339 1506 1367 non
1537 1328 1633 1368 tam

137 1396 330 1437 matrem
346 1393 532 1438 exhibet
550 1394 653 1438 aliis
668 1408 805 1452 quam
821 1408 1073 1438 nouercam.
1123 1393 1293 1438 Sedent
1312 1394 1361 1437 in
1376 1409 1430 1438 ea
1450 1394 1634 1439 scribae

136 1468 185 1508 et
198 1464 399 1508 Pharisei
413 1467 631 1522 ponentes
646 1479 784 1508 onera
797 1464 1105 1523 importabilia
1118 1464 1168 1507 in
1183 1465 1383 1509 humeris
1397 1465 1632 1509 hominum

137 1549 253 1592 quae
292 1534 437 1594 digito
477 1550 569 1579 non
608 1535 892 1594 contingunt.
958 1535 1266 1579 Dominantur
1303 1536 1353 1579 in
1391 1536 1510 1580 clero
1549 1551 1631 1581 nec

136 1605 285 1650 forma
303 1605 423 1649 fiunt
441 1606 569 1664 gregi
589 1606 667 1664 qui
687 1610 810 1650 recto
829 1606 940 1650 calle
960 1606 1111 1665 pergit
1129 1606 1188 1650 ad
1208 1606 1365 1659 uitam,
1384 1607 1629 1665 pretiosam

76 1699 120 1724 ω
136 1676 490 1735 suppellectilem
513 1681 774 1735 congerunt,
794 1691 905 1721 auro
932 1680 980 1721 et
1005 1680 1194 1736 argento
1221 1681 1412 1722 onerant
1438 1693 1627 1732 mensas,
1643 1678 1675 1719 d

135 1746 223 1791 sibi
243 1747 381 1791 etiam
401 1747 460 1790 ab
478 1747 675 1791 auaritia
693 1747 830 1791 nimis
849 1747 985 1805 parci.
1040 1747 1161 1791 Nam
1182 1762 1356 1806 pauper
1374 1751 1457 1792 aut
1475 1749 1629 1793 nullus

135 1820 218 1861 aut
251 1832 382 1861 rarus
421 1817 694 1869 admittitur,
730 1833 864 1876 quem
896 1817 1127 1862 interdum
1161 1833 1255 1862 non
1287 1824 1383 1862 tam
1419 1818 1630 1864 Christus

134 1902 272 1946 quam
303 1902 424 1932 uana
457 1888 605 1947 gloria
639 1888 901 1934 introducit.
960 1887 1242 1934 Concutiunt
1275 1889 1495 1942 ecclesiae,
1524 1890 1629 1935 lites

134 2021 155 2060 5
182 2010 298 2050 officii
313 2010 467 2049 utilitas
484 2011 560 2048 ΒΜ
706 2020 728 2057 7
753 2010 814 2047 iiii
831 2009 857 2047 S
1002 2021 1051 2049 20
1074 2011 1358 2060 supellectilem
1374 2010 1486 2047 ΒΑΜ

180 2131 205 2167 6
227 2131 386 2166 Memini
402 2132 498 2167 etc.:
523 2128 675 2166 notavit
692 2131 732 2166 et
754 2140 841 2166 cum
864 2127 932 2165 lib.
946 2127 1025 2165 viii.
1047 2140 1079 2165 c.
1108 2139 1152 2175 23
1179 2128 1345 2166 contulit
1369 2128 1557 2166 Parkerus
1582 2128 1626 2166 in

133 2177 198 2222 C.;
222 2178 359 2216 citavit
376 2177 556 2215 Paulini.
578 2179 622 2215 G.
640 2179 704 2224 H„
721 2178 799 2223 SS.‚
818 2176 931 2213 mii.
947 2188 1012 2224 pp.
1032 2177 1091 2222 46,
1108 2186 1169 2222 47.
1315 2179 1336 2214 8
1361 2179 1404 2213 in
1418 2179 1625 2223 Apuliam.

132 2227 184 2282 cf:
202 2228 370 2273 Μεταῑορ.
396 2225 451 2263 111.
478 2226 574 2274 prol.
595 2227 691 2281 (889
701 2226 746 2271 A)
772 2227 954 2272 Apuliam
976 2227 1131 2262 seeundo
1152 2227 1365 2271 peraqmui.
1413 2224 1472 2261 Ex
1487 2227 1621 2262 Polior.

130 2274 195 2313 vii.
234 2285 279 2321 19
311 2277 398 2321 (682
410 2275 456 2321 A)
488 2273 670 2329 Apuliam
703 2273 873 2321 primum
911 2272 1067 2320 petiisse
1100 2273 1253 2310 videtur
1290 2273 1453 2311 Ioannes
1492 2276 1624 2311 noster

130 2328 306 2370 reynanee
318 2324 457 2369 Roqero
472 2324 605 2365 Siculo,
618 2322 643 2358 i.
659 2334 692 2359 e.
711 2323 803 2359 ante
816 2332 990 2358 mensem
1007 2320 1096 2357 Feb.
1111 2331 1126 2357 1
1135 2320 1466 2404 I§.ttit‹÷1·um,ut
1483 2333 1530 2358 ex
1547 2321 1621 2359 hoc

131 2370 217 2409 loco
233 2373 407 2418 apparet
425 2383 459 2408 a.
481 2381 495 2408 1
506 2380 615 2418 1551
626 2371 704 2416 156.
842 2380 866 2416 9
890 2370 1115 2405 Beneuenti:
1176 2369 1356 2406 eneventi
1372 2371 1545 2406 moratus
1562 2372 1622 2407 est

131 2419 353 2474 Hadrianus
373 2418 427 2455 IV
443 2431 468 2456 a
487 2430 619 2456 mense
637 2418 728 2455 Nov.
748 2429 783 2454 a.
804 2426 893 2464 1155
913 2429 984 2463 usq
986 2428 1034 2453 ue
1055 2417 1104 2453 ad
1122 2416 1192 2453 Iul.
1219 2429 1253 2453 a.
1276 2419 1368 2464 1156
1386 2416 1511 2462 (Ιαίῖέ,
1531 2419 1617 2463 Rey.

129 2469 270 2514 Pontus.
287 2467 330 2503 11.
350 2471 563 2513 113⁸eqqm)
681 2476 720 2503 11
748 2467 793 2501 de
809 2477 846 2502 se
862 2467 957 2502 etc.:
959 2429 1033 2502 q.cf
1051 2464 1184 2502 dehac
1201 2476 1240 2502 re
1259 2427 1362 2501 Ivon.
1373 2465 1526 2502 Carnot.
1545 2467 1618 2513 Ep.

133 2517 203 2561 189
226 2515 276 2552 ad
301 2513 523 2552 Paschalem
547 2525 688 2561 papam
708 2513 856 2561 (Migne
880 2514 923 2549 P.
946 2514 990 2549 L.
1015 2512 1117 2549 clxii.
1142 2514 1223 2557 127)
1246 2514 1339 2550 Cum
1355 2515 1453 2549 enim
1469 2526 1493 2549 a
1508 2515 1619 2551 latere

129 2570 251 2600 uestro
272 2565 418 2599 ‚uiuitis
442 2565 492 2599 ad
508 2575 575 2599 nos
590 2563 798 2599 cardinales
812 2566 952 2597 uestros
967 2566 1145 2607 tanquam
1160 2562 1265 2606 filios
1279 2563 1455 2604 uterinos,
1470 2564 1560 2610 quia
1576 2564 1620 2598 in

128 2613 293 2649 transitu
316 2613 419 2658 apud
434 2623 501 2647 nos
516 2616 613 2652 aaut,
631 2621 707 2646 non
723 2614 868 2646 tantum
883 2620 958 2645 non
972 2614 1125 2655 possunt
1141 2611 1306 2646 curanda
1324 2621 1453 2646 curare
1468 2611 1530 2646 sed
1553 2622 1620 2648 nec

129 2661 298 2697 emunda
303 2671 530 2706 prosptoere
547 2660 632 2695 inde
649 2659 804 2705 estquod
813 2658 1329 2703 multipaeaepositorumfacta
1338 2658 1619 2704 yladiolinyuae

117 2710 242 2755 fer-ire
256 2709 441 2754 cupientes
455 2708 583 2743 dicunt
600 2708 720 2742 sedem
733 2706 972 2751 apostolicam
994 2716 1067 2741 non
1085 2706 1313 2742 subditorum
1328 2717 1499 2752 quaerere
1512 2708 1618 2742 sani-

128 2762 240 2792 tatem
254 2757 317 2792 oed
332 2767 440 2791 suam
455 2760 521 2790 aut
537 2756 750 2791 lateralium
764 2765 915 2790 suorum
929 2765 1100 2801 quaerere
1115 2755 1410 2790 commoditatem.
1572 2755 1617 2792 16

127 2806 262 2842 Sedent
278 2805 374 2841 etc.-
399 2815 432 2839 ν.
452 2802 564 2839 Matt.
582 2802 691 2839 xxiii.
710 2813 744 2847 2,
762 2812 808 2847 43
834 2802 883 2838 cf.
901 2801 991 2838 Luc.
1009 2800 1061 2836 xi.
1078 2802 1136 2846 46.
1298 2802 1340 2838 18
1366 2803 1622 2839 Dominantur

130 2854 231 2891 etc.:
255 2864 288 2889 V.
309 2863 323 2889 1
344 2851 449 2889 Petr.
465 2863 500 2887 v.
518 2862 553 2898 3.
766 2859 810 2897 19
834 2854 927 2886 mdo
943 2850 1033 2886 oalle
1048 2851 1148 2886 etc.:
1173 2861 1206 2887 v.
1224 2848 1296 2887 Isa.
1312 2849 1413 2888 xxvi.
1431 2859 1475 2896 7;
1502 2850 1618 2889 Matt.

126 2899 194 2938 vii.
213 2910 268 2947 14.

1460 2971 1505 3015 ⁶7
