1846 3262
133 216 236 250 car.
250 203 324 267 ιι]
643 205 1049 252 POLICRATICV
1050 206 1084 251 S
1621 215 1706 259 749
1725 208 1756 248 b

132 339 215 370 nec
252 325 520 369 uerecundia
558 325 825 378 refrenabat,
861 327 978 370 asini
1020 326 1091 370 sui
1137 325 1293 370 ruditu
1331 328 1603 370 reuocatum.

134 394 292 439 Omnis
321 409 426 453 ergo
449 394 658 454 uoluptas
687 396 886 440 libidinis
914 397 1061 454 turpis
1090 399 1169 447 est,
1192 411 1246 440 ea
1274 399 1461 454 excepta
1490 411 1604 454 quae

133 467 373 508 excusatur
401 464 550 508 federe
591 465 825 524 coniugali,
853 468 900 509 et
929 466 1130 510 indultae
1158 465 1363 510 licentiae
1392 465 1604 510 beneficio

133 533 345 591 quicquid
371 534 699 578 erubescentiae
728 538 905 592 poterat
932 535 1074 579 inesse
1101 535 1342 580 abscondit.
1402 535 1531 580 Vnde
1557 539 1605 580 et

96 620 117 656 5
134 603 319 661 nuptiae
342 618 370 647 a
396 604 603 648 nubendo
630 604 717 648 dici
744 605 932 648 maiores
956 605 1251 658 tradiderunt,
1270 605 1376 663 quia
1395 605 1605 663 pudenda

133 673 355 717 humanae
378 673 654 718 infirmitatis
680 674 825 726 nubit,
845 674 893 718 id
919 677 988 718 est
1008 675 1252 728 abscondit,
1270 678 1324 719 ut
1342 675 1409 719 ait
1428 675 1605 720 Nonius

133 742 380 794 Marcellus,
411 743 692 802 indulgentia
724 744 848 802 legis.
921 744 1119 788 Inoleuit
1156 745 1292 788 etiam
1330 744 1604 789 consuetudo

131 816 185 856 ut
204 827 315 870 quos
345 813 394 855 in
422 814 733 857 commercium
760 814 907 858 carnis
934 814 1152 858 Ecclesiae
1181 814 1331 873 iungit
1358 815 1602 858 auctoritas

130 882 269 940 pallio
298 882 507 926 uelentur
534 883 691 927 altaris
720 886 801 926 aut
830 883 919 927 alio
947 883 1006 926 ab
1045 883 1239 928 Ecclesia
1273 884 1529 935 constituto,
1548 887 1602 928 ut

71 969 116 994 ιο
131 951 301 1003 thorus,
340 952 418 1009 qui
471 951 652 996 Christo
699 953 962 996 conciliante
1000 953 1288 1005 construitur,
1325 954 1386 997 sit
1424 954 1474 996 in
1512 953 1601 997 fide

130 1021 361 1073 castitatis,
388 1021 651 1080 fragilitatis
680 1036 787 1066 suae
815 1022 1011 1066 maculas
1039 1025 1259 1080 contegat,
1288 1026 1343 1066 ut
1370 1023 1511 1066 totius
1539 1023 1600 1067 sit
1617 1030 1644 1060 0

128 1090 282 1148 probri
319 1094 401 1134 aut
438 1090 712 1134 confusionis
745 1091 942 1149 ignarus.
1023 1091 1346 1135 Praeferuntur
1384 1095 1431 1135 et
1470 1092 1601 1144 faces,

127 1159 356 1218 lampades
370 1163 416 1204 et
435 1160 676 1204 luminaria
693 1161 1009 1212 accenduntur,
1022 1161 1129 1218 quia
1148 1161 1394 1219 genuinum
1408 1162 1600 1214 thorum,

129 1229 208 1287 qui
239 1229 388 1287 palam
422 1233 469 1273 et
501 1245 592 1273 non
626 1245 709 1273 sua
741 1234 930 1288 urgente
960 1230 1146 1274 libidine
1174 1231 1253 1274 sed
1280 1231 1469 1274 honesta
1498 1246 1601 1275 con-

70 1311 113 1348 15
129 1299 419 1342 sentientium
467 1299 701 1343 uoluntate
749 1301 978 1351 sternitur,
1021 1301 1155 1344 decus
1202 1301 1308 1344 boni
1355 1301 1602 1359 coniugalis

126 1368 338 1414 illustrat.
397 1369 516 1412 Nam
544 1373 590 1413 et
616 1370 838 1414 Ymeneus
864 1370 1008 1414 lucem
1037 1373 1160 1414 amat
1186 1373 1233 1413 et
1258 1370 1404 1414 alacer
1429 1370 1600 1414 faretra

126 1454 239 1498 puer
269 1439 456 1498 Cupido,
488 1439 708 1483 furtiuam
747 1441 1016 1484 succendens
1046 1441 1284 1492 flammam,
1318 1441 1513 1484 latebras
1553 1444 1600 1485 et

126 1509 314 1568 angulos
333 1510 521 1567 quaerit.
579 1510 704 1554 Licet
733 1514 885 1554 autem
914 1511 1101 1554 honesta
1120 1511 1181 1554 sit
1209 1513 1257 1554 et
1286 1510 1413 1554 utilis
1440 1511 1600 1568 copula

125 1579 356 1630 maritalis,
394 1580 629 1637 angustiae
668 1595 803 1638 quam
840 1580 1012 1624 letitiae
1050 1581 1283 1624 fecundior
1321 1583 1401 1625 est.
1474 1581 1601 1625 Parit

65 1662 112 1688 ao
127 1648 247 1692 enim
280 1649 330 1692 in
363 1649 514 1692 dolore
547 1649 620 1693 uel
653 1650 781 1701 filios,
816 1665 898 1694 nec
928 1650 1123 1708 aliquem
1153 1650 1360 1708 producit
1398 1650 1597 1694 fructum

126 1733 259 1776 quem
306 1733 397 1762 non
442 1719 695 1763 amaritudo
743 1719 979 1777 praecedat
1027 1722 1109 1763 aut
1156 1723 1380 1777 sequatur.
1468 1721 1599 1764 Vnde

125 1787 346 1832 referente
366 1788 544 1832 Valerio
564 1789 780 1841 Socrates,
801 1790 1022 1833 humanae
1045 1790 1291 1847 sapientiae
1312 1790 1439 1847 quasi
1459 1791 1597 1848 quod-

125 1857 229 1901 dam
249 1861 459 1902 terrestre
478 1859 718 1910 oraculum,
733 1859 792 1902 ab
810 1859 1138 1903 adolescentulo
1157 1860 1349 1916 quodam
1368 1861 1597 1904 consultus

125 1930 280 1970 utrum
298 1942 485 1971 uxorem
511 1928 693 1972 duceret
718 1943 778 1972 an
804 1944 851 1972 se
881 1929 1002 1972 omni
1030 1929 1315 1973 matrimonio
1340 1930 1595 1982 abstineret,
1612 1930 1642 1972 d

66 2011 110 2046 as
126 1996 357 2054 respondit
375 2012 489 2047 eum,
508 2000 662 2040 utrum
681 2012 833 2041 eorum
854 1997 1044 2050 fecisset,
1064 2001 1269 2041 acturum
1288 1999 1595 2056 penitentiam.

127 2066 216 2110 Hie
245 2070 303 2117 te,
331 2066 492 2123 inquit,
522 2067 727 2120 solitudo,
756 2067 830 2111 hic
858 2067 1038 2118 orbitas,
1068 2068 1141 2112 hic
1169 2069 1344 2126 generis
1372 2069 1596 2121 interitus,

124 2136 198 2179 hic
245 2135 373 2178 heres
426 2135 598 2179 alienus
648 2136 851 2193 excipiet.
928 2137 1030 2180 Illic
1067 2141 1284 2194 perpetua
1327 2138 1594 2192 sollicitudo,

124 2207 362 2249 contextus
396 2204 687 2262 querelarum,
727 2205 845 2248 dotis
884 2205 1181 2263 exprobratio,
1222 2207 1422 2250 affinium
1454 2222 1595 2266 graue

127 2339 172 2376 16
195 2338 398 2375 faretmtus
413 2337 455 2374 S²
603 2340 645 2375 18
670 2337 847 2384 compula
864 2337 968 2374 CAM
1124 2348 1168 2384 23
1193 2338 1506 2377 adhulescentulo
1522 2339 1594 2378 A¹z

124 2385 408 2423 adulescentulo
425 2385 451 2422 S
593 2394 637 2432 25
662 2397 749 2423 eum
765 2397 833 2422 om.
851 2385 892 2421 M
1034 2386 1080 2423 28
1105 2385 1268 2422 afinium
1284 2385 1311 2423 S

171 2514 205 2556 6,
240 2522 261 2558 7
302 2517 344 2548 ue
374 2514 429 2548 ait
459 2514 605 2548 Nonius
634 2512 850 2566 lsaroellue:
891 2511 995 2549 Hac
1026 2511 1069 2548 in
1096 2511 1235 2548 nostris
1266 2511 1384 2549 Nonii
1416 2512 1593 2551 Marcelli

124 2559 406 2615 exemplaribus
430 2571 511 2614 non
537 2562 793 2614 reperiuntur.
813 2606 822 2614 ⁵
912 2606 921 2614 ·
982 2570 1006 2606 9
1023 2561 1142 2606 pallio
1166 2562 1334 2596 uelentur
1354 2562 1509 2597 altaris:
1534 2561 1593 2599 De

123 2608 313 2645 velamine
329 2619 371 2643 ιιι
386 2610 533 2654 nuptus
548 2609 688 2644 usitato
709 2607 758 2643 cf.
775 2606 924 2661 Nlcolai
949 2606 979 2643 Ι.
1006 2618 1127 2654 papae
1144 2608 1251 2653 Resp.
1271 2610 1322 2643 ad
1344 2609 1496 2654 Bulqar.
1514 2621 1550 2645 c.
1568 2619 1591 2656 3

125 2656 272 2704 (Migne
288 2657 331 2692 P.
348 2657 392 2692 L.
409 2655 506 2692 cxix.
524 2656 625 2701 980).
673 2654 728 2691 De
744 2655 859 2700 pallio
874 2666 950 2709 sive
996 2657 1074 2691 alla
1090 2656 1222 2690 altaris
1237 2654 1286 2691 cf.
1314 2655 1496 2710 Ducange
1514 2669 1542 2692 s.
1555 2669 1591 2694 v.

189 2751 199 2758 ·
222 2704 380 2758 ‘altar-¹22.
583 2703 627 2739 16
656 2703 855 2738 Ymeneus:
879 2713 906 2737 1.
918 2714 950 2739 e.
1003 2714 1221 2748 ymenaeus,
1240 2702 1330 2738 deus
1346 2703 1591 2741 matrimonio

138 2753 297 2799 egitimo
325 2750 552 2805 praefectus.
738 2751 792 2792 16,
827 2758 869 2794 17
905 2751 1029 2787 alacer
1042 2752 1191 2796 faretra
1216 2762 1310 2807 puer
1337 2752 1501 2798 Cupido:
1537 2752 1590 2790 cf.

123 2799 241 2884 Kartg
256 2797 348 2846 Cap.
365 2809 445 2882 νιὲιᾶ
462 2796 481 2845 ξ
501 2799 582 2842 804,
600 2795 1047 2882 Οζιὲίααῶκὴὲῗ.ὥ
1065 2855 1088 2882 2
1105 2808 1174 2882 clx?
1196 2799 1304 2882 ξυνα
1319 2800 1416 2836 etc.:
1441 2811 1476 2837 v.
1492 2797 1589 2838 Gen.

121 2858 177 2883 ιιι.
199 2857 213 2883 1
244 2873 254 2882 .
469 2846 630 2882 Soa-ates
708 2857 743 2882 .:
1173 2871 1183 2881 .
1225 2872 1235 2882 .

1416 2925 1485 2963 ²9⁵
