1846 3262
126 240 232 278 cAP.
245 227 319 290 tv]
656 225 1103 273 POLICRATICVS
1292 232 1296 233 ’
1638 224 1727 275 596
1747 234 1779 263 a

128 352 304 397 eminus
341 350 511 394 leditur
549 352 632 394 aut
670 352 879 401 terretur,
916 353 964 393 et
1003 349 1218 393 exercitio
1253 362 1407 392 eorum
1442 346 1623 391 lacertis

128 423 268 467 robur
292 422 504 466 accrescit
531 424 577 465 et
603 421 830 465 iaculandi
856 420 1021 479 peritia
1051 423 1188 477 atque
1217 434 1327 462 usus
1353 417 1622 476 adquiritur.

130 493 231 538 Hoc
257 496 410 537 autem
434 492 554 536 tanti
582 491 785 536 exercitii
813 491 994 535 assidua
1019 490 1255 534 meditatio
1281 488 1543 533 conferebat
1569 490 1623 531 ut

128 564 179 608 in
198 563 401 608 tumultu
420 563 579 607 bellico
599 563 776 607 utiliter
794 564 1086 606 uersarentur
1105 560 1321 619 intrepidi
1341 559 1419 618 qui
1446 559 1495 602 in
1515 573 1624 617 pace
1642 560 1672 600 b

90 652 112 688 5
130 634 315 679 fuerant
333 637 430 678 tam
451 634 650 677 studiose
670 633 892 676 instructi.

100 748 102 751 .
190 705 330 750 Filias
350 720 527 763 quoque
551 704 719 762 legitur
745 702 979 762 praefatus
999 702 1235 760 Augustus
1262 701 1325 745 sic
1354 700 1404 743 in
1430 699 1627 744 lanificio

130 775 290 821 fecisse
318 775 499 819 institui
529 778 594 827 ut,
622 775 661 818 si
691 777 871 832 praeter
901 788 1026 831 spem
1055 788 1131 816 eas
1160 773 1208 815 in
1238 775 1486 816 extremam
1516 786 1627 829 pau-

130 850 355 906 pertatem
387 845 574 890 fortuna
602 845 872 903 proiecisset,
901 845 1046 888 uitam
1077 847 1260 902 possent
1295 846 1392 887 arte
1422 842 1628 886 deductis

80 954 83 957 .
132 916 428 961 facultatibus
467 917 691 960 exhibere.
762 915 884 958 Nam
925 918 971 958 et
1010 914 1160 966 nendi,
1194 914 1379 958 texendi
1415 916 1462 957 et
1495 927 1626 957 acum

74 1005 117 1030 ιο
133 987 370 1032 exercendi
394 990 631 1044 uestesque
657 986 885 1030 formandi
911 985 1112 1044 fingendi
1140 988 1186 1028 et
1212 983 1507 1042 componendi
1535 998 1628 1027 non

132 1058 266 1102 modo
285 1061 429 1101 artem
450 1058 528 1101 sed
548 1072 680 1100 usum
706 1056 934 1100 habebant
954 1059 1000 1099 et
1020 1055 1400 1100 consuetudinem.
1459 1054 1629 1111 Vtique

133 1129 213 1186 qui
232 1129 327 1172 otia
346 1143 438 1171 non
457 1127 723 1186 indulgebat
743 1127 1009 1185 uirginibus,
1030 1141 1315 1183 nequaquam
1335 1124 1630 1182 permittebat

132 1199 302 1243 milites
336 1198 485 1252 otiari,
516 1213 708 1256 quorum
737 1197 956 1256 professio
987 1197 1201 1241 instituta
1231 1199 1300 1240 est
1330 1196 1388 1239 ad
1417 1196 1628 1239 laborem.

134 1269 232 1314 Nec
271 1269 403 1314 credo
438 1285 540 1313 eum
577 1269 632 1312 de
667 1269 861 1312 molliori
900 1268 1062 1312 habitu
1101 1268 1300 1311 militum
1339 1267 1536 1326 gloriari,
1571 1266 1630 1309 ad

76 1355 118 1391 15
137 1356 271 1399 quem
305 1341 395 1384 m’si
427 1340 640 1384 seueriori
675 1340 810 1384 uultu
849 1342 896 1383 et
935 1339 1181 1383 honestiori
1221 1338 1384 1382 habitu
1423 1337 1631 1382 accedere

136 1411 233 1455 filia
261 1427 353 1455 non
383 1411 590 1455 audebat.

195 1481 405 1526 Lucanus
438 1481 567 1531 breui
602 1481 797 1539 quodam
832 1481 1070 1539 praeconio
1099 1479 1318 1525 Catonem
1348 1479 1632 1523 commendat

137 1555 185 1597 et
226 1552 439 1596 militiam
486 1553 791 1596 Romanorum
840 1551 1037 1595 adiciens
1076 1551 1197 1594 inter
1235 1554 1384 1595 cetera
1430 1550 1551 1608 quod
1590 1549 1631 1594 ei
1651 1559 1676 1590 c

137 1624 298 1668 uestiti
326 1623 479 1668 fuerat
507 1624 701 1682 pretiose

80 1721 125 1746 πο
336 1706 506 1750 hirtam
535 1706 737 1750 membra
765 1721 901 1764 super
929 1705 1121 1749 Romani
1150 1720 1274 1749 more
1304 1704 1497 1758 Quiritis

336 1765 568 1809 induxisse
596 1769 762 1824 togam.

141 1847 274 1902 Quod
312 1847 516 1906 profecto
557 1862 648 1891 non
687 1847 867 1899 diceret,
896 1846 985 1890 nisi
1025 1846 1220 1890 durioris
1262 1849 1394 1904 togae
1434 1860 1543 1889 usus
1577 1845 1634 1888 de

141 1918 373 1972 Quiritum
393 1918 716 1962 consuetudine
742 1918 1038 1976 processisset.
1100 1917 1190 1961 Sed
1220 1917 1353 1960 modo
1383 1917 1461 1975 qui
1491 1917 1636 1960 molli-

141 1988 228 2033 bus
257 1988 528 2039 uestiuntur,
549 1989 596 2031 in
618 1988 826 2032 domibus
851 2004 1010 2047 regum
1030 1991 1150 2039 sunt,
1170 1988 1308 2031 immo
1328 1988 1376 2030 in
1396 1988 1567 2038 eastris,
1589 1991 1636 2030 et

82 2071 125 2106 ²5
144 2058 208 2103 sic
228 2058 287 2102 ad
314 2059 432 2102 bella
453 2059 703 2117 procedunt
732 2059 861 2117 quasi
886 2059 944 2102 ad
974 2059 1159 2117 nuptias
1189 2058 1398 2102 dealbati.
1460 2058 1639 2116 Magnis

143 2129 358 2187 antiquae
392 2129 583 2173 militiae
617 2130 868 2188 priuilegiis
904 2145 950 2173 se
985 2132 1175 2173 tuentur
1204 2144 1340 2186 quam
1375 2129 1425 2171 in
1455 2143 1507 2172 eo
1537 2129 1637 2171 imi-

143 2203 305 2245 tantur
342 2201 588 2258 plurimum
630 2201 749 2258 quod
790 2201 892 2244 iura
931 2201 1155 2259 ignorant.
1231 2200 1292 2243 Et
1331 2200 1415 2243 hoc
1455 2199 1636 2257 quidem

143 2270 378 2315 tolerabile
402 2274 530 2323 esset,
550 2272 638 2314 nisi
663 2287 802 2330 aeque
827 2271 1006 2315 diuinas
1032 2275 1078 2315 et
1105 2272 1326 2314 humanas
1353 2274 1637 2328 contempne-

145 2344 249 2385 rent
279 2341 413 2399 leges,
446 2344 501 2385 ut
534 2341 650 2385 uelis
684 2341 801 2385 nolis
835 2341 1068 2386 satiricum
1108 2341 1222 2384 illud
1256 2341 1343 2384 tibi
1378 2340 1640 2397 frequenter

84 2430 130 2465 30
146 2414 375 2456 occurrat:
482 2412 485 2414 ’

249 2493 568 2536 ‘Dinomaches
598 2508 681 2551 ego
710 2494 829 2536 sum'
859 2494 1005 2546 suffla3
1046 2493 1176 2536 ‘Sum
1206 2492 1450 2536 candidus?
1511 2492 1639 2546 Esto;
1658 2498 1688 2539 d

264 2552 372 2595 dum
402 2566 493 2594 non
524 2552 720 2594 deterius
752 2552 899 2609 sapiat
929 2552 1155 2610 pannucia
1185 2552 1359 2602 Baucis,

265 2625 368 2654 cum
396 2610 510 2653 bene
539 2610 756 2654 discincto
785 2611 1038 2655 cantauerit
1068 2611 1212 2654 ozima
1241 2625 1421 2655 uernae.

150 2712 194 2747 17
220 2701 464 2739 commendat
482 2703 659 2738 catonem
677 2700 719 2737 M
863 2712 912 2738 20
934 2700 1095 2748 hirtam]
1114 2701 1266 2739 hircani
1280 2701 1321 2738 M
1466 2711 1509 2748 31
1538 2701 1644 2739 dino-

148 2751 304 2787 moches
322 2750 363 2786 M
508 2761 553 2796 32
578 2748 726 2786 blaucis
744 2748 837 2785 (ΡΒ1

201 2843 217 2870 1
246 2834 416 2869 exercitio
433 2834 505 2870 etc.
520 2846 528 2868 :
553 2832 689 2880 Veget.
704 2831 730 2869 i.
746 2842 790 2877 14
807 2832 856 2868 ad
873 2832 937 2868 fin.
1001 2833 1025 2869 6
1049 2833 1172 2869 Filias
1188 2833 1259 2869 etc.
1275 2844 1285 2868 ε
1309 2845 1340 2869 v.
1357 2831 1460 2870 Suet.
1472 2833 1568 2880 Any.
1581 2834 1642 2878 64.

150 2892 201 2919 20
223 2882 361 2917 hirtam
378 2883 450 2918 etc.
465 2894 474 2917 ε
500 2880 593 2918 Luc.
611 2882 743 2917 Phara.
762 2880 803 2917 ii.
822 2882 904 2927 386,
916 2881 998 2926 387.
1144 2891 1204 2926 23,
1221 2891 1268 2926 24
1283 2883 1349 2928 qui
1364 2882 1532 2917 mollibus
1548 2884 1645 2919 etc.:

152 2941 187 2967 v.
204 2929 298 2966 Luc.
314 2928 378 2966 vii.
397 2939 419 2965 2
424 2938 456 2976 5.
603 2940 646 2976 31
674 2930 917 2966 Dinomaches
933 2931 1029 2966 etc.:
1055 2928 1156 2967 Pers.
1173 2931 1251 2967 Sat.
1268 2929 1316 2965 iv.
1335 2939 1468 2966 20-22.

1492 2993 1532 3028 15
