<?xml version="1.0" encoding="UTF-8"?>
<!DOCTYPE html PUBLIC "-//W3C//DTD XHTML 1.0 Transitional//EN"
    "http://www.w3.org/TR/xhtml1/DTD/xhtml1-transitional.dtd">
<html xmlns="http://www.w3.org/1999/xhtml" xml:lang="en" lang="en">
 <head>
  <title>
</title>
<meta http-equiv="Content-Type" content="text/html;charset=utf-8" />
  <meta name='ocr-system' content='tesseract 3.04.00' />
  <meta name='ocr-capabilities' content='ocr_page ocr_carea ocr_par ocr_line ocrx_word'/>
</head>
<body>
  <div class='ocr_page' id='page_1' title='image "./ioannissaresberi02johnuoft_0068.png"; bbox 0 0 1846 3262; ppageno 0'>
   <div class='ocr_carea' id='block_1_1' title="bbox 90 187 1723 251">
    <p class='ocr_par' dir='ltr' id='par_1_1' title="bbox 90 187 1723 251">
     <span class='ocr_line' id='line_1_1' title="bbox 90 187 1723 251; baseline -0.003 -14"><span class='ocrx_word' id='word_1_1' title='bbox 90 197 166 247; x_wconf 88' lang='lat'><strong>617</strong></span> <span class='ocrx_word' id='word_1_2' title='bbox 187 205 212 236; x_wconf 90' lang='lat' dir='ltr'><strong>c</strong></span> <span class='ocrx_word' id='word_1_3' title='bbox 561 193 717 239; x_wconf 92' lang='lat' dir='ltr'><strong>IOAN</strong></span> <span class='ocrx_word' id='word_1_4' title='bbox 719 192 764 236; x_wconf 94' lang='lat' dir='ltr'>N</span> <span class='ocrx_word' id='word_1_5' title='bbox 766 192 824 237; x_wconf 88' lang='lat' dir='ltr'><strong>IS</strong></span> <span class='ocrx_word' id='word_1_6' title='bbox 865 189 1388 237; x_wconf 84' lang='lat' dir='ltr'><strong>SARESBERIENSIS</strong></span> <span class='ocrx_word' id='word_1_7' title='bbox 1535 187 1649 251; x_wconf 72' lang='grc' dir='ltr'><strong>[ΗΒ.</strong></span> <span class='ocrx_word' id='word_1_8' title='bbox 1663 199 1723 232; x_wconf 76' lang='lat' dir='ltr'><strong>vr</strong></span> 
     </span>
    </p>
   </div>
   <div class='ocr_carea' id='block_1_2' title="bbox 184 310 1780 1640">
    <p class='ocr_par' dir='ltr' id='par_1_2' title="bbox 229 310 1780 1077">
     <span class='ocr_line' id='line_1_2' title="bbox 229 310 1716 375; baseline -0.005 -14"><span class='ocrx_word' id='word_1_9' title='bbox 229 317 445 361; x_wconf 87' lang='lat' dir='ltr'><strong>secundos</strong></span> <span class='ocrx_word' id='word_1_10' title='bbox 484 319 613 375; x_wconf 86' lang='lat' dir='ltr'><strong>optat</strong></span> <span class='ocrx_word' id='word_1_11' title='bbox 653 317 853 365; x_wconf 87' lang='lat' dir='ltr'><strong>euentus,</strong></span> <span class='ocrx_word' id='word_1_12' title='bbox 887 313 1069 356; x_wconf 89' lang='lat' dir='ltr'><strong>dimicet</strong></span> <span class='ocrx_word' id='word_1_13' title='bbox 1104 314 1214 366; x_wconf 89' lang='lat' dir='ltr'><strong>arte,</strong></span> <span class='ocrx_word' id='word_1_14' title='bbox 1247 327 1339 356; x_wconf 91' lang='lat' dir='ltr'><strong>non</strong></span> <span class='ocrx_word' id='word_1_15' title='bbox 1374 326 1493 356; x_wconf 88' lang='lat' dir='ltr'><strong>casu.</strong></span> <span class='ocrx_word' id='word_1_16' title='bbox 1570 310 1716 354; x_wconf 90' lang='lat' dir='ltr'><strong>Nemo</strong></span> 
     </span>
     <span class='ocr_line' id='line_1_3' title="bbox 229 382 1716 445; baseline -0.005 -14"><span class='ocrx_word' id='word_1_17' title='bbox 229 402 483 445; x_wconf 88' lang='lat' dir='ltr'><strong>prouocare,</strong></span> <span class='ocrx_word' id='word_1_18' title='bbox 523 401 653 430; x_wconf 90' lang='lat' dir='ltr'><strong>nemo</strong></span> <span class='ocrx_word' id='word_1_19' title='bbox 692 384 914 429; x_wconf 89' lang='lat' dir='ltr'><strong>offendere</strong></span> <span class='ocrx_word' id='word_1_20' title='bbox 955 383 1093 426; x_wconf 88' lang='lat' dir='ltr'><strong>audet</strong></span> <span class='ocrx_word' id='word_1_21' title='bbox 1143 398 1276 440; x_wconf 91' lang='lat' dir='ltr'><strong>quem</strong></span> <span class='ocrx_word' id='word_1_22' title='bbox 1316 382 1402 427; x_wconf 88' lang='lat' dir='ltr'><strong>scit</strong></span> <span class='ocrx_word' id='word_1_23' title='bbox 1442 382 1716 440; x_wconf 91' lang='lat' dir='ltr'><strong>superiorem</strong></span> 
     </span>
     <span class='ocr_line' id='line_1_4' title="bbox 230 452 1718 515; baseline -0.003 -15"><span class='ocrx_word' id='word_1_24' title='bbox 230 457 340 510; x_wconf 80' lang='lat' dir='ltr'><strong>fore,</strong></span> <span class='ocrx_word' id='word_1_25' title='bbox 361 457 398 500; x_wconf 90' lang='lat' dir='ltr'><strong>si</strong></span> <span class='ocrx_word' id='word_1_26' title='bbox 426 458 606 515; x_wconf 88' lang='lat' dir='ltr'><strong>pugnet.</strong></span> <span class='ocrx_word' id='word_1_27' title='bbox 668 454 964 498; x_wconf 73' lang='lat' dir='ltr'><strong>Athenienses</strong></span> <span class='ocrx_word' id='word_1_28' title='bbox 991 468 1133 496; x_wconf 91' lang='lat' dir='ltr'><strong>unum</strong></span> <span class='ocrx_word' id='word_1_29' title='bbox 1161 467 1268 510; x_wconf 88' lang='lat' dir='ltr'><strong>prae</strong></span> <span class='ocrx_word' id='word_1_30' title='bbox 1296 452 1455 496; x_wconf 88' lang='lat' dir='ltr'><strong>ceteris</strong></span> <span class='ocrx_word' id='word_1_31' title='bbox 1482 452 1718 496; x_wconf 81' lang='lat' dir='ltr'><strong>mandasse</strong></span> 
     </span>
     <span class='ocr_line' id='line_1_5' title="bbox 230 523 1718 585; baseline -0.003 -14"><span class='ocrx_word' id='word_1_32' title='bbox 230 528 451 571; x_wconf 75' lang='lat' dir='ltr'><strong>militibus</strong></span> <span class='ocrx_word' id='word_1_33' title='bbox 471 527 605 585; x_wconf 85' lang='lat' dir='ltr'><strong>prisci</strong></span> <span class='ocrx_word' id='word_1_34' title='bbox 626 526 874 583; x_wconf 89' lang='lat' dir='ltr'><strong>loquuntur</strong></span> <span class='ocrx_word' id='word_1_35' title='bbox 893 524 1100 567; x_wconf 90' lang='lat' dir='ltr'><strong>annales:</strong></span> <span class='ocrx_word' id='word_1_36' title='bbox 1132 523 1263 567; x_wconf 85' lang='lat' dir='ltr'><strong>Miles</strong></span> <span class='ocrx_word' id='word_1_37' title='bbox 1283 523 1483 567; x_wconf 92' lang='lat' dir='ltr'><strong>nondum</strong></span> <span class='ocrx_word' id='word_1_38' title='bbox 1504 523 1718 567; x_wconf 88' lang='lat' dir='ltr'><strong>emeritus</strong></span> 
     </span>
     <span class='ocr_line' id='line_1_6' title="bbox 232 594 1755 654; baseline -0.003 -13"><span class='ocrx_word' id='word_1_39' title='bbox 232 598 443 641; x_wconf 91' lang='lat' dir='ltr'><strong>exercitio</strong></span> <span class='ocrx_word' id='word_1_40' title='bbox 473 601 519 641; x_wconf 90' lang='lat' dir='ltr'><strong>et</strong></span> <span class='ocrx_word' id='word_1_41' title='bbox 549 597 691 640; x_wconf 88' lang='lat' dir='ltr'><strong>labori</strong></span> <span class='ocrx_word' id='word_1_42' title='bbox 718 595 886 654; x_wconf 92' lang='lat' dir='ltr'><strong>iugiter</strong></span> <span class='ocrx_word' id='word_1_43' title='bbox 916 597 1152 638; x_wconf 70' lang='lat' dir='ltr'><strong>assuescat.</strong></span> <span class='ocrx_word' id='word_1_44' title='bbox 1213 594 1334 637; x_wconf 89' lang='lat' dir='ltr'><strong>Nam</strong></span> <span class='ocrx_word' id='word_1_45' title='bbox 1362 595 1471 638; x_wconf 91' lang='lat' dir='ltr'><strong>haec</strong></span> <span class='ocrx_word' id='word_1_46' title='bbox 1497 594 1643 638; x_wconf 88' lang='lat' dir='ltr'><strong>solent</strong></span> <span class='ocrx_word' id='word_1_47' title='bbox 1668 594 1717 637; x_wconf 92' lang='lat' dir='ltr'><strong>in</strong></span> <span class='ocrx_word' id='word_1_48' title='bbox 1736 609 1755 644; x_wconf 85' lang='lat'>5</span> 
     </span>
     <span class='ocr_line' id='line_1_7' title="bbox 230 665 1718 722; baseline -0.002 -11"><span class='ocrx_word' id='word_1_49' title='bbox 230 669 388 712; x_wconf 91' lang='lat' dir='ltr'><strong>castris</strong></span> <span class='ocrx_word' id='word_1_50' title='bbox 403 668 642 711; x_wconf 90' lang='lat' dir='ltr'><strong>sanitatem</strong></span> <span class='ocrx_word' id='word_1_51' title='bbox 665 668 710 710; x_wconf 92' lang='lat' dir='ltr'><strong>et</strong></span> <span class='ocrx_word' id='word_1_52' title='bbox 730 666 778 708; x_wconf 91' lang='lat' dir='ltr'><strong>in</strong></span> <span class='ocrx_word' id='word_1_53' title='bbox 799 665 1009 709; x_wconf 90' lang='lat' dir='ltr'><strong>conflictu</strong></span> <span class='ocrx_word' id='word_1_54' title='bbox 1029 668 1258 722; x_wconf 87' lang='lat' dir='ltr'><strong>praestare</strong></span> <span class='ocrx_word' id='word_1_55' title='bbox 1278 665 1529 710; x_wconf 90' lang='lat' dir='ltr'><strong>uictoriam.</strong></span> <span class='ocrx_word' id='word_1_56' title='bbox 1589 665 1718 708; x_wconf 87' lang='lat' dir='ltr'><strong>Idem</strong></span> 
     </span>
     <span class='ocr_line' id='line_1_8' title="bbox 231 735 1717 794; baseline -0.002 -13"><span class='ocrx_word' id='word_1_57' title='bbox 231 738 367 782; x_wconf 92' lang='lat' dir='ltr'><strong>etiam</strong></span> <span class='ocrx_word' id='word_1_58' title='bbox 397 737 682 781; x_wconf 81' lang='lat' dir='ltr'><strong>tradiderunt</strong></span> <span class='ocrx_word' id='word_1_59' title='bbox 713 736 819 794; x_wconf 91' lang='lat' dir='ltr'><strong>quia</strong></span> <span class='ocrx_word' id='word_1_60' title='bbox 848 735 896 778; x_wconf 93' lang='lat' dir='ltr'><strong>in</strong></span> <span class='ocrx_word' id='word_1_61' title='bbox 926 735 1155 793; x_wconf 85' lang='lat' dir='ltr'><strong>peditibus</strong></span> <span class='ocrx_word' id='word_1_62' title='bbox 1186 736 1324 779; x_wconf 90' lang='lat' dir='ltr'><strong>robur</strong></span> <span class='ocrx_word' id='word_1_63' title='bbox 1353 735 1560 779; x_wconf 86' lang='lat' dir='ltr'><strong>consistit</strong></span> <span class='ocrx_word' id='word_1_64' title='bbox 1590 750 1717 779; x_wconf 91' lang='lat' dir='ltr'><strong>exer-</strong></span> 
     </span>
     <span class='ocr_line' id='line_1_9' title="bbox 229 806 1720 866; baseline -0.001 -14"><span class='ocrx_word' id='word_1_65' title='bbox 229 809 357 860; x_wconf 91' lang='lat' dir='ltr'><strong>citus,</strong></span> <span class='ocrx_word' id='word_1_66' title='bbox 378 811 423 852; x_wconf 93' lang='lat' dir='ltr'><strong>et</strong></span> <span class='ocrx_word' id='word_1_67' title='bbox 452 822 693 866; x_wconf 84' lang='lat' dir='ltr'><strong>parumper</strong></span> <span class='ocrx_word' id='word_1_68' title='bbox 722 812 880 864; x_wconf 90' lang='lat' dir='ltr'><strong>aptum</strong></span> <span class='ocrx_word' id='word_1_69' title='bbox 911 821 1005 850; x_wconf 90' lang='lat' dir='ltr'><strong>esse</strong></span> <span class='ocrx_word' id='word_1_70' title='bbox 1035 806 1225 849; x_wconf 91' lang='lat' dir='ltr'><strong>militiae</strong></span> <span class='ocrx_word' id='word_1_71' title='bbox 1255 806 1346 864; x_wconf 90' lang='lat' dir='ltr'><strong>qui,</strong></span> <span class='ocrx_word' id='word_1_72' title='bbox 1366 806 1454 849; x_wconf 94' lang='lat' dir='ltr'><strong>nisi</strong></span> <span class='ocrx_word' id='word_1_73' title='bbox 1482 821 1617 864; x_wconf 87' lang='lat' dir='ltr'><strong>eques</strong></span> <span class='ocrx_word' id='word_1_74' title='bbox 1644 806 1720 860; x_wconf 89' lang='lat' dir='ltr'><strong>sit,</strong></span> 
     </span>
     <span class='ocr_line' id='line_1_10' title="bbox 229 876 1719 938; baseline -0.001 -16"><span class='ocrx_word' id='word_1_75' title='bbox 229 894 430 938; x_wconf 90' lang='lat' dir='ltr'><strong>pugnare</strong></span> <span class='ocrx_word' id='word_1_76' title='bbox 465 894 556 922; x_wconf 90' lang='lat' dir='ltr'><strong>non</strong></span> <span class='ocrx_word' id='word_1_77' title='bbox 595 878 739 922; x_wconf 87' lang='lat' dir='ltr'><strong>nouit.</strong></span> <span class='ocrx_word' id='word_1_78' title='bbox 815 877 1139 920; x_wconf 88' lang='lat' dir='ltr'><strong>Verumtamen</strong></span> <span class='ocrx_word' id='word_1_79' title='bbox 1179 891 1261 920; x_wconf 92' lang='lat' dir='ltr'><strong>nec</strong></span> <span class='ocrx_word' id='word_1_80' title='bbox 1301 876 1498 920; x_wconf 84' lang='lat' dir='ltr'><strong>exerceri</strong></span> <span class='ocrx_word' id='word_1_81' title='bbox 1539 891 1620 921; x_wconf 91' lang='lat' dir='ltr'><strong>nec</strong></span> <span class='ocrx_word' id='word_1_82' title='bbox 1659 876 1719 920; x_wconf 86' lang='lat' dir='ltr'><strong>ad</strong></span> 
     </span>
     <span class='ocr_line' id='line_1_11' title="bbox 229 947 1780 1007; baseline -0.002 -14"><span class='ocrx_word' id='word_1_83' title='bbox 229 964 427 1007; x_wconf 88' lang='lat' dir='ltr'><strong>pugnam</strong></span> <span class='ocrx_word' id='word_1_84' title='bbox 455 951 643 993; x_wconf 89' lang='lat' dir='ltr'><strong>uocatur</strong></span> <span class='ocrx_word' id='word_1_85' title='bbox 673 947 848 991; x_wconf 87' lang='lat' dir='ltr'><strong>utiliter</strong></span> <span class='ocrx_word' id='word_1_86' title='bbox 878 947 949 991; x_wconf 92' lang='lat' dir='ltr'><strong>cui</strong></span> <span class='ocrx_word' id='word_1_87' title='bbox 975 947 1201 1004; x_wconf 90' lang='lat' dir='ltr'><strong>stipendia</strong></span> <span class='ocrx_word' id='word_1_88' title='bbox 1227 962 1319 990; x_wconf 94' lang='lat' dir='ltr'><strong>non</strong></span> <span class='ocrx_word' id='word_1_89' title='bbox 1346 947 1605 1005; x_wconf 90' lang='lat' dir='ltr'><strong>procedunt.</strong></span> <span class='ocrx_word' id='word_1_90' title='bbox 1667 947 1718 991; x_wconf 87' lang='lat' dir='ltr'><strong>Si</strong></span> <span class='ocrx_word' id='word_1_91' title='bbox 1738 960 1780 990; x_wconf 76' lang='grc' dir='ltr'><strong>ιο</strong></span> 
     </span>
     <span class='ocr_line' id='line_1_12' title="bbox 231 1018 1720 1077; baseline -0.001 -14"><span class='ocrx_word' id='word_1_92' title='bbox 231 1021 349 1063; x_wconf 92' lang='lat' dir='ltr'><strong>enim</strong></span> <span class='ocrx_word' id='word_1_93' title='bbox 389 1019 628 1063; x_wconf 88' lang='lat' dir='ltr'><strong>subtrahas</strong></span> <span class='ocrx_word' id='word_1_94' title='bbox 671 1018 898 1070; x_wconf 90' lang='lat' dir='ltr'><strong>alimenta,</strong></span> <span class='ocrx_word' id='word_1_95' title='bbox 933 1018 1020 1061; x_wconf 91' lang='lat' dir='ltr'><strong>tibi</strong></span> <span class='ocrx_word' id='word_1_96' title='bbox 1060 1018 1189 1061; x_wconf 90' lang='lat' dir='ltr'><strong>miles</strong></span> <span class='ocrx_word' id='word_1_97' title='bbox 1229 1018 1493 1076; x_wconf 89' lang='lat' dir='ltr'><strong>obsequium</strong></span> <span class='ocrx_word' id='word_1_98' title='bbox 1532 1018 1720 1077; x_wconf 87' lang='lat' dir='ltr'><strong>negabit</strong></span> 
     </span>
    </p>

    <p class='ocr_par' dir='ltr' id='par_1_3' title="bbox 184 1088 1779 1640">
     <span class='ocr_line' id='line_1_13' title="bbox 184 1088 1719 1147; baseline -0.003 -10"><span class='ocrx_word' id='word_1_99' title='bbox 184 1097 213 1137; x_wconf 89' lang='lat' dir='ltr'><strong>d</strong></span> <span class='ocrx_word' id='word_1_100' title='bbox 230 1093 310 1134; x_wconf 89' lang='lat' dir='ltr'><strong>aut</strong></span> <span class='ocrx_word' id='word_1_101' title='bbox 349 1090 496 1135; x_wconf 90' lang='lat' dir='ltr'><strong>fidem.</strong></span> <span class='ocrx_word' id='word_1_102' title='bbox 556 1089 714 1132; x_wconf 89' lang='lat' dir='ltr'><strong>Fames</strong></span> <span class='ocrx_word' id='word_1_103' title='bbox 754 1089 886 1143; x_wconf 89' lang='lat' dir='ltr'><strong>enim,</strong></span> <span class='ocrx_word' id='word_1_104' title='bbox 925 1091 979 1132; x_wconf 92' lang='lat' dir='ltr'><strong>ut</strong></span> <span class='ocrx_word' id='word_1_105' title='bbox 1018 1088 1107 1132; x_wconf 89' lang='lat' dir='ltr'><strong>dici</strong></span> <span class='ocrx_word' id='word_1_106' title='bbox 1147 1088 1272 1140; x_wconf 76' lang='lat' dir='ltr'><strong>Solet,</strong></span> <span class='ocrx_word' id='word_1_107' title='bbox 1312 1091 1488 1147; x_wconf 86' lang='lat' dir='ltr'><strong>pugnat</strong></span> <span class='ocrx_word' id='word_1_108' title='bbox 1527 1088 1719 1133; x_wconf 89' lang='lat' dir='ltr'><strong>interius</strong></span> 
     </span>
     <span class='ocr_line' id='line_1_14' title="bbox 230 1159 1719 1218; baseline 0 -14"><span class='ocrx_word' id='word_1_109' title='bbox 230 1164 276 1204; x_wconf 91' lang='lat' dir='ltr'><strong>et</strong></span> <span class='ocrx_word' id='word_1_110' title='bbox 307 1161 401 1204; x_wconf 86' lang='lat' dir='ltr'><strong>sola</strong></span> <span class='ocrx_word' id='word_1_111' title='bbox 435 1161 555 1212; x_wconf 87' lang='lat' dir='ltr'><strong>haec,</strong></span> <span class='ocrx_word' id='word_1_112' title='bbox 585 1175 699 1217; x_wconf 92' lang='lat' dir='ltr'><strong>quae</strong></span> <span class='ocrx_word' id='word_1_113' title='bbox 736 1159 964 1203; x_wconf 88' lang='lat' dir='ltr'><strong>tutissima</strong></span> <span class='ocrx_word' id='word_1_114' title='bbox 993 1159 1222 1213; x_wconf 88' lang='lat' dir='ltr'><strong>uidentur,</strong></span> <span class='ocrx_word' id='word_1_115' title='bbox 1253 1162 1497 1218; x_wconf 86' lang='lat' dir='ltr'><strong>expugnat.</strong></span> <span class='ocrx_word' id='word_1_116' title='bbox 1561 1159 1719 1204; x_wconf 85' lang='lat' dir='ltr'><strong>Nescit</strong></span> 
     </span>
     <span class='ocr_line' id='line_1_15' title="bbox 229 1229 1719 1289; baseline 0.001 -16"><span class='ocrx_word' id='word_1_117' title='bbox 229 1231 355 1289; x_wconf 89' lang='lat' dir='ltr'><strong>plebs</strong></span> <span class='ocrx_word' id='word_1_118' title='bbox 385 1231 536 1274; x_wconf 89' lang='lat' dir='ltr'><strong>ieiuna</strong></span> <span class='ocrx_word' id='word_1_119' title='bbox 565 1230 750 1284; x_wconf 82' lang='lat' dir='ltr'><strong>timere3</strong></span> <span class='ocrx_word' id='word_1_120' title='bbox 796 1230 834 1273; x_wconf 90' lang='lat' dir='ltr'><strong>si</strong></span> <span class='ocrx_word' id='word_1_121' title='bbox 864 1244 973 1273; x_wconf 91' lang='lat' dir='ltr'><strong>uero</strong></span> <span class='ocrx_word' id='word_1_122' title='bbox 1003 1229 1219 1273; x_wconf 91' lang='lat' dir='ltr'><strong>alimenta</strong></span> <span class='ocrx_word' id='word_1_123' title='bbox 1255 1229 1567 1287; x_wconf 89' lang='lat' dir='ltr'><strong>processerint,</strong></span> <span class='ocrx_word' id='word_1_124' title='bbox 1598 1244 1719 1275; x_wconf 85' lang='lat' dir='ltr'><strong>nunc</strong></span> 
     </span>
     <span class='ocr_line' id='line_1_16' title="bbox 229 1300 1779 1358; baseline 0 -15"><span class='ocrx_word' id='word_1_125' title='bbox 229 1301 390 1345; x_wconf 86' lang='lat' dir='ltr'><strong>timore</strong></span> <span class='ocrx_word' id='word_1_126' title='bbox 419 1316 572 1358; x_wconf 90' lang='lat' dir='ltr'><strong>penae,</strong></span> <span class='ocrx_word' id='word_1_127' title='bbox 593 1315 712 1344; x_wconf 92' lang='lat' dir='ltr'><strong>nunc</strong></span> <span class='ocrx_word' id='word_1_128' title='bbox 741 1300 1043 1358; x_wconf 87' lang='lat' dir='ltr'><strong>praemiorum</strong></span> <span class='ocrx_word' id='word_1_129' title='bbox 1073 1315 1151 1358; x_wconf 90' lang='lat' dir='ltr'><strong>spe</strong></span> <span class='ocrx_word' id='word_1_130' title='bbox 1177 1300 1235 1343; x_wconf 89' lang='lat' dir='ltr'><strong>ad</strong></span> <span class='ocrx_word' id='word_1_131' title='bbox 1265 1300 1460 1344; x_wconf 90' lang='lat' dir='ltr'><strong>officium</strong></span> <span class='ocrx_word' id='word_1_132' title='bbox 1490 1300 1717 1345; x_wconf 86' lang='lat' dir='ltr'><strong>incitetur.</strong></span> <span class='ocrx_word' id='word_1_133' title='bbox 1738 1317 1779 1352; x_wconf 84' lang='lat'><strong>15</strong></span> 
     </span>
     <span class='ocr_line' id='line_1_17' title="bbox 232 1370 1719 1428; baseline 0 -14"><span class='ocrx_word' id='word_1_134' title='bbox 232 1370 336 1415; x_wconf 85' lang='lat' dir='ltr'><strong>Sint</strong></span> <span class='ocrx_word' id='word_1_135' title='bbox 385 1371 551 1428; x_wconf 92' lang='lat' dir='ltr'><strong>ubique</strong></span> <span class='ocrx_word' id='word_1_136' title='bbox 599 1370 948 1428; x_wconf 89' lang='lat' dir='ltr'><strong>campidoctores</strong></span> <span class='ocrx_word' id='word_1_137' title='bbox 999 1373 1045 1414; x_wconf 89' lang='lat' dir='ltr'><strong>et</strong></span> <span class='ocrx_word' id='word_1_138' title='bbox 1091 1370 1357 1413; x_wconf 88' lang='lat' dir='ltr'><strong>militarium</strong></span> <span class='ocrx_word' id='word_1_139' title='bbox 1402 1371 1719 1415; x_wconf 85' lang='lat' dir='ltr'><strong>exercitiorum</strong></span> 
     </span>
     <span class='ocr_line' id='line_1_18' title="bbox 231 1441 1719 1500; baseline 0 -15"><span class='ocrx_word' id='word_1_140' title='bbox 231 1442 449 1500; x_wconf 85' lang='lat' dir='ltr'><strong>magistri,</strong></span> <span class='ocrx_word' id='word_1_141' title='bbox 479 1444 525 1485; x_wconf 93' lang='lat' dir='ltr'><strong>et</strong></span> <span class='ocrx_word' id='word_1_142' title='bbox 559 1442 630 1484; x_wconf 91' lang='lat' dir='ltr'><strong>his</strong></span> <span class='ocrx_word' id='word_1_143' title='bbox 662 1441 772 1499; x_wconf 91' lang='lat' dir='ltr'><strong>ipsis</strong></span> <span class='ocrx_word' id='word_1_144' title='bbox 807 1456 884 1485; x_wconf 87' lang='lat' dir='ltr'><strong>era</strong></span> <span class='ocrx_word' id='word_1_145' title='bbox 914 1441 1197 1499; x_wconf 88' lang='lat' dir='ltr'><strong>proueniant,</strong></span> <span class='ocrx_word' id='word_1_146' title='bbox 1226 1444 1272 1485; x_wconf 92' lang='lat' dir='ltr'><strong>et</strong></span> <span class='ocrx_word' id='word_1_147' title='bbox 1307 1441 1482 1485; x_wconf 87' lang='lat' dir='ltr'><strong>uidebis</strong></span> <span class='ocrx_word' id='word_1_148' title='bbox 1513 1441 1561 1485; x_wconf 94' lang='lat' dir='ltr'><strong>in</strong></span> <span class='ocrx_word' id='word_1_149' title='bbox 1589 1442 1719 1486; x_wconf 91' lang='lat' dir='ltr'><strong>breui</strong></span> 
     </span>
     <span class='ocr_line' id='line_1_19' title="bbox 230 1511 1718 1570; baseline 0.001 -15"><span class='ocrx_word' id='word_1_150' title='bbox 230 1516 411 1570; x_wconf 90' lang='lat' dir='ltr'><strong>gentem</strong></span> <span class='ocrx_word' id='word_1_151' title='bbox 441 1512 490 1555; x_wconf 92' lang='lat' dir='ltr'><strong>in</strong></span> <span class='ocrx_word' id='word_1_152' title='bbox 519 1512 566 1555; x_wconf 91' lang='lat' dir='ltr'><strong>id</strong></span> <span class='ocrx_word' id='word_1_153' title='bbox 596 1512 783 1555; x_wconf 91' lang='lat' dir='ltr'><strong>uirtutis</strong></span> <span class='ocrx_word' id='word_1_154' title='bbox 813 1527 907 1555; x_wconf 92' lang='lat' dir='ltr'><strong>esse</strong></span> <span class='ocrx_word' id='word_1_155' title='bbox 938 1512 1169 1555; x_wconf 90' lang='lat' dir='ltr'><strong>reductam</strong></span> <span class='ocrx_word' id='word_1_156' title='bbox 1201 1526 1290 1569; x_wconf 92' lang='lat' dir='ltr'><strong>quo</strong></span> <span class='ocrx_word' id='word_1_157' title='bbox 1320 1511 1506 1570; x_wconf 90' lang='lat' dir='ltr'><strong>uigebat</strong></span> <span class='ocrx_word' id='word_1_158' title='bbox 1537 1513 1718 1570; x_wconf 90' lang='lat' dir='ltr'><strong>quando</strong></span> 
     </span>
     <span class='ocr_line' id='line_1_20' title="bbox 229 1581 1149 1640; baseline -0.002 -14"><span class='ocrx_word' id='word_1_159' title='bbox 229 1583 454 1626; x_wconf 89' lang='lat' dir='ltr'><strong>maximus</strong></span> <span class='ocrx_word' id='word_1_160' title='bbox 483 1582 804 1640; x_wconf 88' lang='lat' dir='ltr'><strong>imperatorum</strong></span> <span class='ocrx_word' id='word_1_161' title='bbox 835 1582 979 1625; x_wconf 92' lang='lat' dir='ltr'><strong>Iulius</strong></span> <span class='ocrx_word' id='word_1_162' title='bbox 1010 1581 1149 1626; x_wconf 85' lang='lat' dir='ltr'><strong>Cesar</strong></span> 
     </span>
    </p>
   </div>
   <div class='ocr_carea' id='block_1_3' title="bbox 441 1664 1781 1723">
    <p class='ocr_par' dir='ltr' id='par_1_4' title="bbox 441 1664 1781 1723">
     <span class='ocr_line' id='line_1_21' title="bbox 441 1664 1781 1723; baseline 0.004 -15"><span class='ocrx_word' id='word_1_163' title='bbox 441 1665 602 1708; x_wconf 90' lang='lat' dir='ltr'><strong>territa</strong></span> <span class='ocrx_word' id='word_1_164' title='bbox 631 1664 846 1722; x_wconf 84' lang='lat' dir='ltr'><strong>quaesitis</strong></span> <span class='ocrx_word' id='word_1_165' title='bbox 875 1665 1074 1708; x_wconf 86' lang='lat' dir='ltr'><strong>ostendit</strong></span> <span class='ocrx_word' id='word_1_166' title='bbox 1103 1667 1233 1723; x_wconf 86' lang='lat' dir='ltr'><strong>terga</strong></span> <span class='ocrx_word' id='word_1_167' title='bbox 1263 1665 1510 1710; x_wconf 89' lang='lat' dir='ltr'><strong>Britannis.</strong></span> <span class='ocrx_word' id='word_1_168' title='bbox 1737 1688 1781 1713; x_wconf 80' lang='lat'><strong>20</strong></span> 
     </span>
    </p>
   </div>
   <div class='ocr_carea' id='block_1_4' title="bbox 87 1745 1781 2434">
    <p class='ocr_par' dir='ltr' id='par_1_5' title="bbox 87 1745 1781 2434">
     <span class='ocr_line' id='line_1_22' title="bbox 233 1745 1718 1804; baseline 0.001 -15"><span class='ocrx_word' id='word_1_169' title='bbox 233 1745 322 1789; x_wconf 85' lang='lat' dir='ltr'><strong>Sed</strong></span> <span class='ocrx_word' id='word_1_170' title='bbox 343 1748 389 1789; x_wconf 92' lang='lat' dir='ltr'><strong>et</strong></span> <span class='ocrx_word' id='word_1_171' title='bbox 409 1746 751 1789; x_wconf 89' lang='lat' dir='ltr'><strong>deliberationes</strong></span> <span class='ocrx_word' id='word_1_172' title='bbox 771 1747 1030 1797; x_wconf 86' lang='lat' dir='ltr'><strong>castrenses,</strong></span> <span class='ocrx_word' id='word_1_173' title='bbox 1046 1746 1234 1790; x_wconf 88' lang='lat' dir='ltr'><strong>fictitiae</strong></span> <span class='ocrx_word' id='word_1_174' title='bbox 1253 1749 1419 1800; x_wconf 91' lang='lat' dir='ltr'><strong>tamen,</strong></span> <span class='ocrx_word' id='word_1_175' title='bbox 1436 1746 1718 1804; x_wconf 82' lang='lat' dir='ltr'><strong>frequentius</strong></span> 
     </span>
     <span class='ocr_line' id='line_1_23' title="bbox 233 1816 1719 1876; baseline 0.002 -17"><span class='ocrx_word' id='word_1_176' title='bbox 233 1816 465 1874; x_wconf 88' lang='lat' dir='ltr'><strong>agitentur</strong></span> <span class='ocrx_word' id='word_1_177' title='bbox 493 1819 547 1859; x_wconf 91' lang='lat' dir='ltr'><strong>ut</strong></span> <span class='ocrx_word' id='word_1_178' title='bbox 577 1817 625 1858; x_wconf 92' lang='lat' dir='ltr'><strong>in</strong></span> <span class='ocrx_word' id='word_1_179' title='bbox 656 1816 727 1859; x_wconf 89' lang='lat' dir='ltr'><strong>his</strong></span> <span class='ocrx_word' id='word_1_180' title='bbox 758 1816 1032 1860; x_wconf 89' lang='lat' dir='ltr'><strong>exercitatus</strong></span> <span class='ocrx_word' id='word_1_181' title='bbox 1062 1816 1203 1870; x_wconf 91' lang='lat' dir='ltr'><strong>miles,</strong></span> <span class='ocrx_word' id='word_1_182' title='bbox 1233 1831 1335 1860; x_wconf 90' lang='lat' dir='ltr'><strong>cum</strong></span> <span class='ocrx_word' id='word_1_183' title='bbox 1365 1832 1474 1861; x_wconf 90' lang='lat' dir='ltr'><strong>usus</strong></span> <span class='ocrx_word' id='word_1_184' title='bbox 1505 1818 1719 1876; x_wconf 87' lang='lat' dir='ltr'><strong>exegerit,</strong></span> 
     </span>
     <span class='ocr_line' id='line_1_24' title="bbox 233 1886 1721 1944; baseline 0.003 -16"><span class='ocrx_word' id='word_1_185' title='bbox 233 1886 341 1943; x_wconf 90' lang='lat' dir='ltr'><strong>quid</strong></span> <span class='ocrx_word' id='word_1_186' title='bbox 375 1886 571 1929; x_wconf 89' lang='lat' dir='ltr'><strong>maxime</strong></span> <span class='ocrx_word' id='word_1_187' title='bbox 606 1886 828 1943; x_wconf 88' lang='lat' dir='ltr'><strong>expediat,</strong></span> <span class='ocrx_word' id='word_1_188' title='bbox 861 1886 974 1930; x_wconf 88' lang='lat' dir='ltr'><strong>sciat</strong></span> <span class='ocrx_word' id='word_1_189' title='bbox 1007 1886 1184 1944; x_wconf 89' lang='lat' dir='ltr'><strong>eligere.</strong></span> <span class='ocrx_word' id='word_1_190' title='bbox 1245 1886 1295 1930; x_wconf 85' lang='lat' dir='ltr'><strong>Si</strong></span> <span class='ocrx_word' id='word_1_191' title='bbox 1329 1902 1438 1931; x_wconf 89' lang='lat' dir='ltr'><strong>uero</strong></span> <span class='ocrx_word' id='word_1_192' title='bbox 1473 1903 1544 1932; x_wconf 91' lang='lat' dir='ltr'><strong>res</strong></span> <span class='ocrx_word' id='word_1_193' title='bbox 1579 1888 1721 1933; x_wconf 78' lang='lat' dir='ltr'><strong>fuerit</strong></span> 
     </span>
     <span class='ocr_line' id='line_1_25' title="bbox 232 1956 1720 2017; baseline 0.003 -18"><span class='ocrx_word' id='word_1_194' title='bbox 232 1956 358 2007; x_wconf 90' lang='lat' dir='ltr'><strong>seria,</strong></span> <span class='ocrx_word' id='word_1_195' title='bbox 393 1956 533 2000; x_wconf 89' lang='lat' dir='ltr'><strong>lateat</strong></span> <span class='ocrx_word' id='word_1_196' title='bbox 568 1956 771 2009; x_wconf 90' lang='lat' dir='ltr'><strong>militem,</strong></span> <span class='ocrx_word' id='word_1_197' title='bbox 806 1972 858 2001; x_wconf 93' lang='lat' dir='ltr'><strong>eo</strong></span> <span class='ocrx_word' id='word_1_198' title='bbox 899 1957 1018 2014; x_wconf 92' lang='lat' dir='ltr'><strong>quod</strong></span> <span class='ocrx_word' id='word_1_199' title='bbox 1057 1957 1254 2001; x_wconf 86' lang='lat' dir='ltr'><strong>militare</strong></span> <span class='ocrx_word' id='word_1_200' title='bbox 1293 1962 1582 2017; x_wconf 90' lang='lat' dir='ltr'><strong>praeceptum</strong></span> <span class='ocrx_word' id='word_1_201' title='bbox 1622 1963 1720 2004; x_wconf 87' lang='lat' dir='ltr'><strong>est:</strong></span> 
     </span>
     <span class='ocr_line' id='line_1_26' title="bbox 87 2026 1781 2086; baseline 0.004 -18"><span class='ocrx_word' id='word_1_202' title='bbox 87 2036 164 2077; x_wconf 82' lang='lat'><strong>618</strong></span> <span class='ocrx_word' id='word_1_203' title='bbox 185 2046 216 2075; x_wconf 86' lang='lat' dir='ltr'><strong>a</strong></span> <span class='ocrx_word' id='word_1_204' title='bbox 233 2026 352 2079; x_wconf 80' lang='lat' dir='ltr'><strong>Quid</strong></span> <span class='ocrx_word' id='word_1_205' title='bbox 381 2027 479 2069; x_wconf 91' lang='lat' dir='ltr'><strong>fieri</strong></span> <span class='ocrx_word' id='word_1_206' title='bbox 509 2027 669 2070; x_wconf 89' lang='lat' dir='ltr'><strong>debeat</strong></span> <span class='ocrx_word' id='word_1_207' title='bbox 697 2030 890 2071; x_wconf 88' lang='lat' dir='ltr'><strong>tractato</strong></span> <span class='ocrx_word' id='word_1_208' title='bbox 918 2042 1019 2071; x_wconf 92' lang='lat' dir='ltr'><strong>cum</strong></span> <span class='ocrx_word' id='word_1_209' title='bbox 1046 2028 1216 2081; x_wconf 92' lang='lat' dir='ltr'><strong>multis,</strong></span> <span class='ocrx_word' id='word_1_210' title='bbox 1237 2028 1346 2086; x_wconf 91' lang='lat' dir='ltr'><strong>quid</strong></span> <span class='ocrx_word' id='word_1_211' title='bbox 1376 2044 1484 2073; x_wconf 92' lang='lat' dir='ltr'><strong>uero</strong></span> <span class='ocrx_word' id='word_1_212' title='bbox 1514 2029 1719 2075; x_wconf 87' lang='lat' dir='ltr'><strong>facturus</strong></span> <span class='ocrx_word' id='word_1_213' title='bbox 1739 2050 1781 2085; x_wconf 80' lang='lat'><strong>²5</strong></span> 
     </span>
     <span class='ocr_line' id='line_1_27' title="bbox 231 2097 1719 2158; baseline 0.005 -19"><span class='ocrx_word' id='word_1_214' title='bbox 231 2097 292 2139; x_wconf 90' lang='lat' dir='ltr'><strong>sis</strong></span> <span class='ocrx_word' id='word_1_215' title='bbox 322 2111 423 2140; x_wconf 92' lang='lat' dir='ltr'><strong>cum</strong></span> <span class='ocrx_word' id='word_1_216' title='bbox 453 2097 732 2154; x_wconf 90' lang='lat' dir='ltr'><strong>paucissimis</strong></span> <span class='ocrx_word' id='word_1_217' title='bbox 763 2100 809 2141; x_wconf 91' lang='lat' dir='ltr'><strong>et</strong></span> <span class='ocrx_word' id='word_1_218' title='bbox 837 2098 1108 2141; x_wconf 90' lang='lat' dir='ltr'><strong>fidelissimis</strong></span> <span class='ocrx_word' id='word_1_219' title='bbox 1136 2099 1209 2142; x_wconf 92' lang='lat' dir='ltr'><strong>uel</strong></span> <span class='ocrx_word' id='word_1_220' title='bbox 1237 2099 1389 2157; x_wconf 90' lang='lat' dir='ltr'><strong>potius</strong></span> <span class='ocrx_word' id='word_1_221' title='bbox 1424 2099 1520 2158; x_wconf 89' lang='lat' dir='ltr'><strong>ipse</strong></span> <span class='ocrx_word' id='word_1_222' title='bbox 1556 2104 1719 2147; x_wconf 88' lang='lat' dir='ltr'><strong>tecum.</strong></span> 
     </span>
     <span class='ocr_line' id='line_1_28' title="bbox 231 2167 1719 2226; baseline 0.004 -17"><span class='ocrx_word' id='word_1_223' title='bbox 231 2167 351 2210; x_wconf 83' lang='lat' dir='ltr'><strong>Raro</strong></span> <span class='ocrx_word' id='word_1_224' title='bbox 376 2167 506 2221; x_wconf 17' lang='lat' dir='ltr'><strong>‘enim</strong></span> <span class='ocrx_word' id='word_1_225' title='bbox 541 2170 694 2211; x_wconf 89' lang='lat' dir='ltr'><strong>manet</strong></span> <span class='ocrx_word' id='word_1_226' title='bbox 728 2168 1039 2212; x_wconf 89' lang='lat' dir='ltr'><strong>absconditum</strong></span> <span class='ocrx_word' id='word_1_227' title='bbox 1075 2169 1195 2226; x_wconf 93' lang='lat' dir='ltr'><strong>quod</strong></span> <span class='ocrx_word' id='word_1_228' title='bbox 1227 2169 1286 2213; x_wconf 91' lang='lat' dir='ltr'><strong>ad</strong></span> <span class='ocrx_word' id='word_1_229' title='bbox 1318 2170 1530 2214; x_wconf 88' lang='lat' dir='ltr'><strong>notitiam</strong></span> <span class='ocrx_word' id='word_1_230' title='bbox 1569 2172 1719 2216; x_wconf 88' lang='lat' dir='ltr'><strong>multi-</strong></span> 
     </span>
     <span class='ocr_line' id='line_1_29' title="bbox 229 2237 1720 2300; baseline 0.005 -21"><span class='ocrx_word' id='word_1_231' title='bbox 229 2237 402 2280; x_wconf 90' lang='lat' dir='ltr'><strong>tudinis</strong></span> <span class='ocrx_word' id='word_1_232' title='bbox 441 2238 580 2281; x_wconf 92' lang='lat' dir='ltr'><strong>uenit.</strong></span> <span class='ocrx_word' id='word_1_233' title='bbox 659 2238 877 2281; x_wconf 87' lang='lat' dir='ltr'><strong>Militaria</strong></span> <span class='ocrx_word' id='word_1_234' title='bbox 917 2253 1094 2296; x_wconf 90' lang='lat' dir='ltr'><strong>quoque</strong></span> <span class='ocrx_word' id='word_1_235' title='bbox 1134 2243 1375 2298; x_wconf 89' lang='lat' dir='ltr'><strong>praecepta</strong></span> <span class='ocrx_word' id='word_1_236' title='bbox 1416 2244 1462 2285; x_wconf 94' lang='lat' dir='ltr'><strong>et</strong></span> <span class='ocrx_word' id='word_1_237' title='bbox 1511 2243 1720 2300; x_wconf 85' lang='lat' dir='ltr'><strong>exempla</strong></span> 
     </span>
     <span class='ocr_line' id='line_1_30' title="bbox 230 2308 1719 2367; baseline 0.005 -17"><span class='ocrx_word' id='word_1_238' title='bbox 230 2310 515 2351; x_wconf 90' lang='lat' dir='ltr'><strong>strenuorum</strong></span> <span class='ocrx_word' id='word_1_239' title='bbox 559 2308 810 2352; x_wconf 88' lang='lat' dir='ltr'><strong>iunioribus</strong></span> <span class='ocrx_word' id='word_1_240' title='bbox 849 2324 980 2367; x_wconf 92' lang='lat' dir='ltr'><strong>saepe</strong></span> <span class='ocrx_word' id='word_1_241' title='bbox 1020 2308 1258 2354; x_wconf 78' lang='lat' dir='ltr'><strong>referenda</strong></span> <span class='ocrx_word' id='word_1_242' title='bbox 1298 2313 1407 2355; x_wconf 91' lang='lat' dir='ltr'><strong>sunt</strong></span> <span class='ocrx_word' id='word_1_243' title='bbox 1447 2315 1501 2356; x_wconf 90' lang='lat' dir='ltr'><strong>ut</strong></span> <span class='ocrx_word' id='word_1_244' title='bbox 1540 2313 1612 2357; x_wconf 91' lang='lat' dir='ltr'><strong>his</strong></span> <span class='ocrx_word' id='word_1_245' title='bbox 1659 2313 1719 2357; x_wconf 85' lang='lat' dir='ltr'><strong>ad</strong></span> 
     </span>
     <span class='ocr_line' id='line_1_31' title="bbox 229 2377 1781 2434; baseline 0.005 -13"><span class='ocrx_word' id='word_1_246' title='bbox 229 2377 462 2421; x_wconf 89' lang='lat' dir='ltr'><strong>scientiam</strong></span> <span class='ocrx_word' id='word_1_247' title='bbox 501 2378 797 2434; x_wconf 85' lang='lat' dir='ltr'><strong>instruantur,</strong></span> <span class='ocrx_word' id='word_1_248' title='bbox 831 2379 921 2423; x_wconf 90' lang='lat' dir='ltr'><strong>illis</strong></span> <span class='ocrx_word' id='word_1_249' title='bbox 957 2380 1261 2424; x_wconf 87' lang='lat' dir='ltr'><strong>accendantur</strong></span> <span class='ocrx_word' id='word_1_250' title='bbox 1293 2385 1339 2426; x_wconf 92' lang='lat' dir='ltr'><strong>et</strong></span> <span class='ocrx_word' id='word_1_251' title='bbox 1368 2382 1631 2427; x_wconf 88' lang='lat' dir='ltr'><strong>animentur</strong></span> <span class='ocrx_word' id='word_1_252' title='bbox 1659 2384 1718 2428; x_wconf 87' lang='lat' dir='ltr'><strong>ad</strong></span> <span class='ocrx_word' id='word_1_253' title='bbox 1736 2399 1781 2434; x_wconf 76' lang='lat'><strong>30</strong></span> 
     </span>
    </p>
   </div>
   <div class='ocr_carea' id='block_1_5' title="bbox 231 2483 1725 2923">
    <p class='ocr_par' dir='ltr' id='par_1_6' title="bbox 231 2483 1725 2923">
     <span class='ocr_line' id='line_1_32' title="bbox 278 2483 1721 2534; baseline 0.007 -16"><span class='ocrx_word' id='word_1_254' title='bbox 278 2493 299 2528; x_wconf 87' lang='lat'>3</span> <span class='ocrx_word' id='word_1_255' title='bbox 323 2484 560 2520; x_wconf 75' lang='lat' dir='ltr'><strong>Athenienses</strong></span> <span class='ocrx_word' id='word_1_256' title='bbox 588 2486 685 2521; x_wconf 87' lang='lat' dir='ltr'><strong>etc.:</strong></span> <span class='ocrx_word' id='word_1_257' title='bbox 710 2483 792 2521; x_wconf 89' lang='lat' dir='ltr'><strong>Hoc</strong></span> <span class='ocrx_word' id='word_1_258' title='bbox 820 2484 1118 2523; x_wconf 89' lang='lat' dir='ltr'><strong>Atheniensium</strong></span> <span class='ocrx_word' id='word_1_259' title='bbox 1144 2488 1394 2534; x_wconf 88' lang='lat' dir='ltr'><strong>praeceptum</strong></span> <span class='ocrx_word' id='word_1_260' title='bbox 1424 2487 1520 2525; x_wconf 87' lang='lat' dir='ltr'><strong>alibi</strong></span> <span class='ocrx_word' id='word_1_261' title='bbox 1546 2488 1721 2528; x_wconf 85' lang='lat' dir='ltr'><strong>invenire</strong></span> 
     </span>
     <span class='ocr_line' id='line_1_33' title="bbox 231 2530 1720 2617; baseline 0.007 -52"><span class='ocrx_word' id='word_1_262' title='bbox 231 2541 310 2566; x_wconf 90' lang='lat' dir='ltr'><strong>non</strong></span> <span class='ocrx_word' id='word_1_263' title='bbox 328 2530 447 2577; x_wconf 86' lang='lat' dir='ltr'><strong>potui.</strong></span> <span class='ocrx_word' id='word_1_264' title='bbox 593 2543 616 2577; x_wconf 89' lang='lat'>4</span> <span class='ocrx_word' id='word_1_265' title='bbox 634 2533 756 2578; x_wconf 78' lang='lat' dir='ltr'><strong>prisci</strong></span> <span class='ocrx_word' id='word_1_266' title='bbox 772 2534 972 2617; x_wconf 50' lang='lat' dir='ltr'><strong>lquuuntur</strong></span> <span class='ocrx_word' id='word_1_267' title='bbox 991 2536 1167 2572; x_wconf 78' lang='lat' dir='ltr'><strong>annales:</strong></span> <span class='ocrx_word' id='word_1_268' title='bbox 1198 2535 1333 2583; x_wconf 87' lang='lat' dir='ltr'><strong>Veget.</strong></span> <span class='ocrx_word' id='word_1_269' title='bbox 1353 2535 1410 2573; x_wconf 88' lang='lat' dir='ltr'><strong>iii.</strong></span> <span class='ocrx_word' id='word_1_270' title='bbox 1428 2537 1551 2584; x_wconf 83' lang='lat' dir='ltr'><strong>praef.</strong></span> <span class='ocrx_word' id='word_1_271' title='bbox 1568 2538 1618 2575; x_wconf 85' lang='lat' dir='ltr'><strong>ad</strong></span> <span class='ocrx_word' id='word_1_272' title='bbox 1631 2537 1720 2576; x_wconf 76' lang='lat' dir='ltr'><strong>init.</strong></span> 
     </span>
     <span class='ocr_line' id='line_1_34' title="bbox 234 2580 1720 2632; baseline 0.007 -19"><span class='ocrx_word' id='word_1_273' title='bbox 234 2587 252 2625; x_wconf 85' lang='lat'>5</span> <span class='ocrx_word' id='word_1_274' title='bbox 279 2580 376 2614; x_wconf 84' lang='lat' dir='ltr'><strong>Nam</strong></span> <span class='ocrx_word' id='word_1_275' title='bbox 393 2581 478 2615; x_wconf 81' lang='lat' dir='ltr'><strong>haec</strong></span> <span class='ocrx_word' id='word_1_276' title='bbox 489 2581 603 2615; x_wconf 79' lang='lat' dir='ltr'><strong>solent</strong></span> <span class='ocrx_word' id='word_1_277' title='bbox 619 2582 714 2617; x_wconf 89' lang='lat' dir='ltr'><strong>etc.:</strong></span> <span class='ocrx_word' id='word_1_278' title='bbox 742 2593 774 2616; x_wconf 91' lang='lat' dir='ltr'><strong>v.</strong></span> <span class='ocrx_word' id='word_1_279' title='bbox 822 2583 922 2629; x_wconf 87' lang='lat' dir='ltr'><strong>eget.</strong></span> <span class='ocrx_word' id='word_1_280' title='bbox 934 2580 989 2620; x_wconf 88' lang='lat' dir='ltr'><strong>iii.</strong></span> <span class='ocrx_word' id='word_1_281' title='bbox 1004 2592 1024 2618; x_wconf 88' lang='lat'><strong>2</strong></span> <span class='ocrx_word' id='word_1_282' title='bbox 1037 2583 1112 2629; x_wconf 87' lang='lat' dir='ltr'><strong>(ed.</strong></span> <span class='ocrx_word' id='word_1_283' title='bbox 1131 2583 1240 2631; x_wconf 85' lang='lat' dir='ltr'><strong>Lang</strong></span> <span class='ocrx_word' id='word_1_284' title='bbox 1257 2595 1295 2630; x_wconf 93' lang='lat' dir='ltr'><strong>p.</strong></span> <span class='ocrx_word' id='word_1_285' title='bbox 1306 2585 1364 2621; x_wconf 92' lang='lat'><strong>68.</strong></span> <span class='ocrx_word' id='word_1_286' title='bbox 1380 2595 1423 2631; x_wconf 92' lang='lat'><strong>19</strong></span> <span class='ocrx_word' id='word_1_287' title='bbox 1434 2585 1566 2632; x_wconf 84' lang='lat' dir='ltr'><strong>seqq.).</strong></span> <span class='ocrx_word' id='word_1_288' title='bbox 1685 2594 1720 2632; x_wconf 90' lang='lat'><strong>7,</strong></span> 
     </span>
     <span class='ocr_line' id='line_1_35' title="bbox 233 2628 1722 2681; baseline 0.007 -20"><span class='ocrx_word' id='word_1_289' title='bbox 233 2628 254 2662; x_wconf 90' lang='lat'>8</span> <span class='ocrx_word' id='word_1_290' title='bbox 280 2628 321 2662; x_wconf 84' lang='lat' dir='ltr'><strong>in</strong></span> <span class='ocrx_word' id='word_1_291' title='bbox 329 2628 514 2672; x_wconf 77' lang='lat' dir='ltr'><strong>peditibus</strong></span> <span class='ocrx_word' id='word_1_292' title='bbox 525 2629 637 2664; x_wconf 80' lang='lat' dir='ltr'><strong>robur</strong></span> <span class='ocrx_word' id='word_1_293' title='bbox 648 2631 809 2665; x_wconf 78' lang='lat' dir='ltr'><strong>consistit</strong></span> <span class='ocrx_word' id='word_1_294' title='bbox 822 2631 1020 2667; x_wconf 78' lang='lat' dir='ltr'><strong>exercitus:</strong></span> <span class='ocrx_word' id='word_1_295' title='bbox 1045 2643 1078 2667; x_wconf 78' lang='lat' dir='ltr'><strong>v·</strong></span> <span class='ocrx_word' id='word_1_296' title='bbox 1090 2631 1227 2679; x_wconf 87' lang='lat' dir='ltr'><strong>Veget.</strong></span> <span class='ocrx_word' id='word_1_297' title='bbox 1238 2631 1294 2669; x_wconf 86' lang='lat' dir='ltr'><strong>iii.</strong></span> <span class='ocrx_word' id='word_1_298' title='bbox 1308 2643 1331 2680; x_wconf 94' lang='lat'><strong>9</strong></span> <span class='ocrx_word' id='word_1_299' title='bbox 1346 2634 1397 2680; x_wconf 92' lang='lat' dir='ltr'><strong>(p.</strong></span> <span class='ocrx_word' id='word_1_300' title='bbox 1409 2634 1466 2678; x_wconf 92' lang='lat'><strong>87.</strong></span> <span class='ocrx_word' id='word_1_301' title='bbox 1481 2644 1510 2678; x_wconf 92' lang='lat'><strong>1,</strong></span> <span class='ocrx_word' id='word_1_302' title='bbox 1524 2633 1576 2681; x_wconf 87' lang='lat'><strong>2).</strong></span> <span class='ocrx_word' id='word_1_303' title='bbox 1678 2645 1722 2672; x_wconf 87' lang='lat'><strong>12</strong></span> 
     </span>
     <span class='ocr_line' id='line_1_36' title="bbox 233 2674 1723 2728; baseline 0.007 -19"><span class='ocrx_word' id='word_1_304' title='bbox 233 2674 364 2728; x_wconf 62' lang='lat' dir='ltr'><strong>,fames</strong></span> <span class='ocrx_word' id='word_1_305' title='bbox 377 2677 447 2711; x_wconf 87' lang='lat' dir='ltr'><strong>etc.</strong></span> <span class='ocrx_word' id='word_1_306' title='bbox 464 2688 472 2711; x_wconf 75' lang='lat' dir='ltr'>z</span> <span class='ocrx_word' id='word_1_307' title='bbox 489 2687 523 2711; x_wconf 89' lang='lat' dir='ltr'><strong>v.</strong></span> <span class='ocrx_word' id='word_1_308' title='bbox 537 2675 671 2722; x_wconf 87' lang='lat' dir='ltr'><strong>Veget.</strong></span> <span class='ocrx_word' id='word_1_309' title='bbox 681 2676 736 2712; x_wconf 89' lang='lat' dir='ltr'><strong>iii.</strong></span> <span class='ocrx_word' id='word_1_310' title='bbox 748 2688 771 2723; x_wconf 92' lang='lat'>9</span> <span class='ocrx_word' id='word_1_311' title='bbox 791 2679 842 2723; x_wconf 89' lang='lat' dir='ltr'><strong>(p.</strong></span> <span class='ocrx_word' id='word_1_312' title='bbox 858 2679 915 2723; x_wconf 88' lang='lat'><strong>87.</strong></span> <span class='ocrx_word' id='word_1_313' title='bbox 928 2688 966 2723; x_wconf 93' lang='lat'><strong>9,</strong></span> <span class='ocrx_word' id='word_1_314' title='bbox 981 2679 1052 2725; x_wconf 94' lang='lat'><strong>10).</strong></span> <span class='ocrx_word' id='word_1_315' title='bbox 1178 2690 1220 2726; x_wconf 88' lang='lat'><strong>13</strong></span> <span class='ocrx_word' id='word_1_316' title='bbox 1238 2681 1360 2717; x_wconf 75' lang='lat' dir='ltr'><strong>Nescit</strong></span> <span class='ocrx_word' id='word_1_317' title='bbox 1372 2683 1444 2718; x_wconf 90' lang='lat' dir='ltr'><strong>etc.</strong></span> <span class='ocrx_word' id='word_1_318' title='bbox 1458 2694 1467 2718; x_wconf 75' lang='grc' dir='ltr'><strong><em>ε</em></strong></span> <span class='ocrx_word' id='word_1_319' title='bbox 1485 2681 1576 2719; x_wconf 88' lang='lat' dir='ltr'><strong>Luc.</strong></span> <span class='ocrx_word' id='word_1_320' title='bbox 1589 2683 1723 2722; x_wconf 69' lang='lat' dir='ltr'><strong>Phara.</strong></span> 
     </span>
     <span class='ocr_line' id='line_1_37' title="bbox 233 2721 1725 2777; baseline 0.008 -21"><span class='ocrx_word' id='word_1_321' title='bbox 233 2721 287 2757; x_wconf 88' lang='lat' dir='ltr'><strong>ui.</strong></span> <span class='ocrx_word' id='word_1_322' title='bbox 308 2724 366 2767; x_wconf 83' lang='lat'><strong>58.</strong></span> <span class='ocrx_word' id='word_1_323' title='bbox 499 2733 542 2768; x_wconf 89' lang='lat'><strong>14</strong></span> <span class='ocrx_word' id='word_1_324' title='bbox 561 2726 685 2770; x_wconf 80' lang='lat' dir='ltr'><strong>plebs:</strong></span> <span class='ocrx_word' id='word_1_325' title='bbox 705 2726 828 2771; x_wconf 76' lang='lat' dir='ltr'><strong>plebes</strong></span> <span class='ocrx_word' id='word_1_326' title='bbox 843 2725 960 2762; x_wconf 87' lang='lat' dir='ltr'><strong>habet</strong></span> <span class='ocrx_word' id='word_1_327' title='bbox 978 2726 1167 2764; x_wconf 83' lang='lat' dir='ltr'><strong>Lucanus.</strong></span> <span class='ocrx_word' id='word_1_328' title='bbox 1305 2730 1358 2772; x_wconf 88' lang='lat'><strong>16,</strong></span> <span class='ocrx_word' id='word_1_329' title='bbox 1381 2739 1423 2775; x_wconf 89' lang='lat'><strong>17</strong></span> <span class='ocrx_word' id='word_1_330' title='bbox 1441 2732 1725 2777; x_wconf 70' lang='lat' dir='ltr'><strong>campidoctores</strong></span> 
     </span>
     <span class='ocr_line' id='line_1_38' title="bbox 235 2772 1724 2822; baseline 0.008 -18"><span class='ocrx_word' id='word_1_331' title='bbox 235 2774 268 2804; x_wconf 77' lang='lat' dir='ltr'><strong>et</strong></span> <span class='ocrx_word' id='word_1_332' title='bbox 283 2772 503 2806; x_wconf 81' lang='lat' dir='ltr'><strong>militarium</strong></span> <span class='ocrx_word' id='word_1_333' title='bbox 519 2774 771 2808; x_wconf 63' lang='lat' dir='ltr'><strong>ezei-citiorum</strong></span> <span class='ocrx_word' id='word_1_334' title='bbox 788 2775 976 2819; x_wconf 68' lang='lat' dir='ltr'><strong>mayistri:</strong></span> <span class='ocrx_word' id='word_1_335' title='bbox 1003 2775 1059 2812; x_wconf 94' lang='lat' dir='ltr'><strong>De</strong></span> <span class='ocrx_word' id='word_1_336' title='bbox 1072 2778 1396 2822; x_wconf 64' lang='lat' dir='ltr'><strong>campidoctoribus</strong></span> <span class='ocrx_word' id='word_1_337' title='bbox 1411 2780 1450 2814; x_wconf 90' lang='lat' dir='ltr'><strong>et</strong></span> <span class='ocrx_word' id='word_1_338' title='bbox 1467 2780 1630 2815; x_wconf 80' lang='lat' dir='ltr'><strong>militum</strong></span> <span class='ocrx_word' id='word_1_339' title='bbox 1645 2778 1724 2816; x_wconf 83' lang='lat' dir='ltr'><strong>sive</strong></span> 
     </span>
     <span class='ocr_line' id='line_1_39' title="bbox 233 2821 1725 2872; baseline 0.008 -19"><span class='ocrx_word' id='word_1_340' title='bbox 233 2828 421 2872; x_wconf 59' lang='lat' dir='ltr'><strong>armorum</strong></span> <span class='ocrx_word' id='word_1_341' title='bbox 437 2822 623 2865; x_wconf 71' lang='lat' dir='ltr'><strong>mayistris</strong></span> <span class='ocrx_word' id='word_1_342' title='bbox 640 2831 753 2867; x_wconf 85' lang='lat' dir='ltr'><strong>saepe</strong></span> <span class='ocrx_word' id='word_1_343' title='bbox 770 2821 943 2867; x_wconf 87' lang='lat' dir='ltr'><strong>loquitur</strong></span> <span class='ocrx_word' id='word_1_344' title='bbox 957 2821 1151 2870; x_wconf 85' lang='lat' dir='ltr'><strong>Vegetius.</strong></span> <span class='ocrx_word' id='word_1_345' title='bbox 1297 2835 1345 2861; x_wconf 94' lang='lat'><strong>20</strong></span> <span class='ocrx_word' id='word_1_346' title='bbox 1368 2829 1500 2862; x_wconf 76' lang='lat' dir='ltr'><strong>territa</strong></span> <span class='ocrx_word' id='word_1_347' title='bbox 1513 2828 1607 2864; x_wconf 87' lang='lat' dir='ltr'><strong>etc.:</strong></span> <span class='ocrx_word' id='word_1_348' title='bbox 1634 2826 1725 2865; x_wconf 89' lang='lat' dir='ltr'><strong>Luc.</strong></span> 
     </span>
     <span class='ocr_line' id='line_1_40' title="bbox 233 2865 1721 2923; baseline 0.01 -24"><span class='ocrx_word' id='word_1_349' title='bbox 233 2865 420 2902; x_wconf 79' lang='lat' dir='ltr'><strong>Phars..i1.</strong></span> <span class='ocrx_word' id='word_1_350' title='bbox 442 2876 523 2913; x_wconf 84' lang='lat'><strong>572.</strong></span> <span class='ocrx_word' id='word_1_351' title='bbox 649 2877 692 2915; x_wconf 83' lang='lat'><strong>25</strong></span> <span class='ocrx_word' id='word_1_352' title='bbox 722 2869 817 2913; x_wconf 81' lang='lat' dir='ltr'><strong>Quid</strong></span> <span class='ocrx_word' id='word_1_353' title='bbox 826 2871 919 2915; x_wconf 81' lang='lat' dir='ltr'><strong>fieri</strong></span> <span class='ocrx_word' id='word_1_354' title='bbox 937 2871 1035 2909; x_wconf 86' lang='lat' dir='ltr'><strong>etc.:</strong></span> <span class='ocrx_word' id='word_1_355' title='bbox 1060 2871 1197 2919; x_wconf 83' lang='lat' dir='ltr'><strong>Veget.</strong></span> <span class='ocrx_word' id='word_1_356' title='bbox 1216 2870 1271 2909; x_wconf 87' lang='lat' dir='ltr'><strong>iii.</strong></span> <span class='ocrx_word' id='word_1_357' title='bbox 1291 2874 1339 2911; x_wconf 89' lang='lat'><strong>26</strong></span> <span class='ocrx_word' id='word_1_358' title='bbox 1357 2874 1409 2921; x_wconf 89' lang='lat' dir='ltr'><strong>(p.</strong></span> <span class='ocrx_word' id='word_1_359' title='bbox 1430 2884 1510 2921; x_wconf 87' lang='lat'>1²3·</span> <span class='ocrx_word' id='word_1_360' title='bbox 1527 2884 1576 2911; x_wconf 90' lang='lat'><strong>20</strong></span> <span class='ocrx_word' id='word_1_361' title='bbox 1586 2874 1721 2923; x_wconf 58' lang='lat' dir='ltr'><strong>seqq).</strong></span> 
     </span>
    </p>
   </div>
   <div class='ocr_carea' id='block_1_6' title="bbox 344 2934 389 2997">
    <p class='ocr_par' dir='ltr' id='par_1_7' title="bbox 344 2934 389 2997">
     <span class='ocr_line' id='line_1_41' title="bbox 344 2934 389 2997; baseline 0 -15"><span class='ocrx_word' id='word_1_362' title='bbox 344 2934 389 2997; x_wconf 61' lang='lat'><strong>§6</strong></span> 
     </span>
    </p>
   </div>
  </div>
 </body>
</html>
