1846 3262
90 238 169 278 742
187 226 217 268 d
568 221 830 268 IOANNIS
861 220 1377 266 SARESBERIENSIS
1485 223 1596 280 [LIB.
1611 231 1704 265 vnt

231 361 359 391 orum
379 346 550 404 legatos
570 344 687 388 forte
707 343 913 401 peruenit
929 357 938 395 ;
969 342 1045 400 qui
1066 343 1258 386 hominis
1278 345 1443 386 etatem
1458 357 1590 387 canos
1609 344 1705 387 eius

232 420 278 460 et
297 431 437 460 annos
457 414 718 472 assurgendi
739 413 880 457 officio
906 412 1109 456 uenerati
1136 416 1243 456 sunt
1272 413 1506 470 sedemque
1526 414 1567 456 ei
1587 413 1707 456 inter

230 487 351 546 ipsos
371 484 715 528 honoratissimo
739 483 835 527 loco
856 483 1090 526 dederunt.
1149 482 1279 536 Quod
1299 483 1376 525 ubi
1397 483 1494 525 fieri
1515 483 1706 540 populus

231 555 418 613 aspexit,
438 554 635 597 maximo
655 554 815 611 plausu
836 553 1006 596 alienae
1027 553 1152 596 urbis
1175 553 1489 596 uerecundiam
1510 567 1706 610 compro-

230 625 371 669 bauit.
431 624 601 667 Ferunt
632 626 740 666 tunc
775 638 915 665 unum
951 637 974 666 e
1005 622 1336 666 Lacedemoniis
1370 622 1559 665 dixisse:
1589 622 1708 680 Ergo
1728 639 1746 673 5

231 694 527 738 Athenienses
548 693 657 751 quid
676 693 737 737 sit
757 695 928 737 rectum
949 692 1097 736 sciunt
1116 692 1193 736 sed
1224 692 1270 735 id
1295 692 1441 736 facere
1461 691 1708 750 negligunt.

232 826 341 884 Cap.
365 840 431 871 10.
476 826 655 883 Reyula
675 825 972 870 conuiua‘ndi
991 840 1126 870 sensu
1145 829 1185 869 et
1195 826 1296 883 fere
1315 825 1466 870 uerbis
1485 824 1710 870 Macrobii

567 899 753 952 sumpta
772 896 826 939 de
844 895 961 939 libro
982 895 1382 940 Saturnaliorum.
1456 945 1458 947 ¹

86 1001 165 1041 743
186 1001 216 1030 a
290 989 514 1033 Videntur
540 988 658 1032 forte
684 1003 845 1046 parum
871 988 1022 1032 ciuilia
1046 990 1092 1032 et
1114 988 1424 1046 superstitiosa
1443 988 1577 1031 nimis
1597 1002 1710 1046 quae

233 1060 288 1103 de
309 1060 445 1103 sacris
466 1059 666 1117 apicibus
686 1058 1002 1117 proferuntur3
1033 1060 1242 1111 ceterum,
1262 1061 1316 1101 ut
1336 1058 1491 1102 mitius
1526 1073 1711 1116 agamus
1732 1077 1774 1101 ιο

233 1130 475 1181 nobiscum,
505 1129 743 1187 gentilium
774 1129 1139 1187 philosophorum
1172 1128 1442 1172 conuiuandi
1474 1128 1630 1186 regula
1663 1128 1712 1171 in

233 1200 431 1242 medium
464 1199 734 1257 proferatur.
808 1199 868 1242 Et
903 1199 1083 1256 quidem
1115 1198 1266 1256 plures
1305 1199 1353 1241 in
1388 1199 1503 1242 hanc
1538 1201 1712 1256 partem

235 1269 478 1313 officiorum
507 1273 743 1327 praecepta
770 1269 990 1312 dederunt
1017 1269 1093 1312 sed
1121 1268 1179 1311 ad
1205 1283 1414 1326 praesens
1438 1269 1568 1326 pauci
1593 1268 1712 1311 suffi-

234 1340 370 1383 ciunt.
431 1339 558 1382 Inter
573 1339 684 1382 alios
700 1339 1060 1382 Saturnaliorum
1075 1338 1189 1381 liber
1203 1338 1375 1396 primus
1390 1338 1582 1382 occurrit
1594 1338 1711 1389 talis,

235 1410 274 1453 si
309 1412 427 1453 recte
467 1409 745 1466 respiciatur,
781 1412 827 1452 et
861 1411 1017 1452 tantus
1047 1411 1100 1451 ut
1129 1408 1267 1452 nichil
1298 1408 1478 1451 aliunde
1507 1410 1712 1466 oporteat
1731 1427 1772 1462 15

235 1479 446 1523 mutuari.
520 1478 635 1521 Eum
660 1493 765 1537 ergo
792 1479 840 1521 in
866 1478 1090 1536 praesenti
1114 1478 1310 1535 capitulo
1336 1493 1426 1521 non
1451 1481 1545 1521 tam
1576 1478 1712 1522 uesti-

235 1549 322 1607 giis
362 1564 496 1606 quam
535 1549 740 1606 passibus
777 1549 1053 1592 decreuimus
1093 1548 1262 1592 imitari
1303 1551 1348 1591 et
1388 1563 1445 1592 ex
1484 1549 1714 1606 opulentia

236 1618 533 1675 promptuarii
553 1618 623 1661 sui
643 1618 827 1662 cellulae
846 1621 1025 1662 nostrae
1041 1618 1245 1676 supplere
1261 1617 1503 1675 angustias.
1565 1618 1714 1675 Siqui-

237 1687 338 1731 dem
358 1688 620 1745 conspicuus
641 1691 708 1731 est
728 1688 776 1731 in
796 1688 1041 1741 sententiis,
1062 1688 1110 1730 in
1134 1688 1283 1731 uerbis
1302 1688 1498 1739 floridus,
1519 1691 1565 1731 et
1584 1690 1714 1731 tanta

236 1771 412 1800 morum
436 1759 673 1801 uenustate
701 1757 956 1801 redundans
983 1761 1035 1801 ut
1062 1758 1110 1800 in
1137 1758 1421 1801 institutione
1444 1757 1640 1801 conuiuii
1668 1759 1715 1801 et
1734 1779 1778 1803 20

238 1826 566 1884 dispensatione
604 1827 876 1871 Socraticam
915 1828 1124 1871 uideatur
1154 1827 1433 1871 dulcedinem
1464 1827 1715 1885 propinare.

239 1897 320 1940 Ait
340 1911 471 1955 ergo:
503 1897 604 1940 Scio
624 1898 963 1955 philosophiam,
985 1913 1098 1955 quae
1122 1913 1272 1941 rerum
1296 1898 1495 1941 omnium
1515 1898 1714 1942 modera-

192 1977 222 2015 b
240 1966 334 2010 trix
354 1970 433 2018 est,
453 1967 535 2010 hoc
556 1967 751 2024 primum
778 1968 1116 2011 obseruaturam
1144 1970 1197 2011 ut
1224 1982 1371 2011 secum
1393 1967 1571 2011 estimet
1589 1981 1717 2025 prae-

240 2036 434 2080 sentium
455 2036 635 2094 ingenia
655 2037 947 2080 conuiuarum
968 2039 1025 2089 et,
1045 2037 1083 2081 si
1103 2037 1253 2095 plures
1277 2037 1444 2095 peritos
1463 2036 1537 2080 uel
1557 2037 1715 2080 saltem

239 2108 461 2149 amatores
485 2106 555 2149 sui
579 2106 627 2148 in
647 2107 843 2150 conuiuii
868 2108 1124 2151 societatem
1148 2107 1374 2164 repererit,
1395 2121 1640 2150 sermonem
1659 2105 1715 2150 de
1735 2127 1778 2162 ²5

240 2190 288 2219 se
327 2176 528 2233 patietur
567 2176 754 2234 agitari3
799 2177 916 2234 quia,
956 2177 1092 2221 uelud
1138 2192 1305 2235 paucae
1348 2177 1526 2220 litterae
1563 2178 1716 2220 mutae

242 2245 466 2303 dispersae
499 2246 619 2289 inter
649 2246 814 2290 multas
852 2248 1027 2291 uocales
1061 2247 1109 2290 in
1144 2247 1400 2291 societatem
1430 2246 1552 2291 uocis
1587 2245 1718 2290 facile

242 2318 569 2367 mansuescunt,
585 2316 651 2360 ita
671 2317 860 2360 rariores
880 2318 1077 2375 imperiti
1096 2317 1342 2376 gaudentes
1362 2316 1583 2361 consortio
1602 2315 1719 2374 peri-

243 2438 265 2474 8
285 2443 369 2484 post
383 2437 684 2475 Saturnaliorum
701 2440 784 2474 add.
804 2440 842 2475 et
859 2438 906 2476 de
923 2438 1151 2476 scomatibus
1169 2441 1209 2476 et
1227 2438 1273 2475 de
1290 2437 1460 2475 cauenda
1477 2436 1662 2474 ebrietate
1679 2438 1721 2474 et

243 2485 291 2522 de
309 2485 551 2522 obseruantia
568 2485 854 2523 conuiuantium
872 2488 911 2522 et
929 2487 975 2524 de
995 2486 1089 2524 Gaio
1112 2486 1261 2523 claudio
1287 2497 1413 2523 cesare
1439 2485 1591 2522 dicente
1618 2485 1721 2531 quod

242 2532 342 2569 sicut
358 2535 472 2570 naute
490 2534 684 2581 scopulum
700 2533 856 2580 fugiunt
873 2534 926 2571 sic
942 2534 1166 2582 fugiendum
1184 2536 1241 2571 est
1255 2534 1476 2580 infrequens
1495 2535 1534 2569 et
1555 2532 1722 2569 insolens

243 2581 404 2617 uerbum
424 2582 505 2627 cyr.
650 2592 673 2628 9
696 2593 833 2630 parum
851 2583 948 2619 forte
964 2582 999 2618 A
1156 2591 1196 2629 15
1223 2581 1449 2629 inspiciatur
1465 2580 1544 2618 c¹A
1561 2591 1677 2627 mary.
1696 2579 1721 2616 S

247 2630 292 2665 18
316 2627 541 2675 promtuarii
556 2627 591 2664 A
733 2640 779 2665 20
804 2630 931 2667 conuii
949 2629 974 2666 S
1118 2640 1164 2667 22
1188 2628 1482 2677 phylosophiam
1499 2627 1540 2663 Μ
1675 2636 1719 2674 25

245 2675 426 2713 societate
444 2676 485 2712 M
580 2677 791 2723 reppererit
806 2678 864 2715 A:
891 2677 1063 2725 repperit
1078 2677 1119 2714 M
1264 2687 1310 2724 27
1334 2676 1486 2714 uocales
1504 2675 1644 2713 multas
1660 2674 1706 2711 Δ*

273 2803 341 2848 “22
365 2795 446 2831 Scio
459 2796 730 2842 philosophiam
747 2797 817 2833 etc.
833 2807 952 2842 usque
969 2795 1018 2833 ad
1035 2796 1247 2832 conuiuium
1266 2795 1352 2841 (744
1364 2796 1433 2841 B):
1459 2792 1627 2831 Macrob.
1646 2794 1722 2850 Sap.

247 2852 319 2924 Σὲέ.
333 2841 411 2925 ki}
426 2852 611 2928 fflgzbfl
627 2853 768 2928 5012231
778 2844 1486 2939 {²²3²3’13‘Zssss'3‘233affl30fflssfmmm
1502 2842 1724 2879 mmm

360 2961 427 3003 284
