1846 3262
73 204 160 253 630
179 202 210 243 b
555 197 760 243 IOANN
763 196 821 241 IS
863 194 1387 241 SARESBERIENSIS
1539 193 1654 256 [mn.
1669 194 1723 239 vi

227 324 449 368 honorum
478 322 698 380 siquidem
728 320 998 364 distributor
1026 322 1096 363 est
1122 321 1180 371 et,
1207 318 1316 362 dum
1342 321 1463 362 recte
1491 318 1724 362 ministrat

226 393 541 452 principatum,
561 407 696 450 penes
723 406 826 434 eum
846 393 915 434 est
934 391 1154 448 perpetua
1176 389 1452 447 dispensatio
1471 403 1722 432 munerum.

228 464 366 508 Recte
386 463 566 521 quidem
586 462 827 512 ministrat,
847 475 949 505 cum
971 475 1022 504 eo
1042 459 1326 519 praesidente
1345 460 1548 504 letantur
1566 458 1723 518 populi

228 537 274 578 et
300 534 348 577 in
375 549 514 592 regno
538 533 781 591 aequitatis
807 532 949 576 totius
974 534 1122 575 terrae
1149 531 1346 574 latitudo
1369 530 1558 574 exultat.
1618 529 1723 574 Per-

227 608 374 664 petua,
409 605 606 662 inquam,
642 604 760 661 quia,
793 606 847 646 ut
882 602 1101 660 scriptum
1137 605 1218 654 est,
1249 616 1331 645 rex
1361 601 1439 659 qui
1471 601 1643 644 iudicat
1674 601 1723 643 in
1741 609 1762 644 5

226 676 420 719 ueritate
459 689 690 732 pauperes,
729 674 921 717 thronus
962 674 1059 717 eius
1103 673 1152 716 in
1192 676 1399 716 eternum
1439 671 1722 715 fundabitur.

228 746 340 800 Quis
381 760 486 804 ergo
527 745 568 788 ei
607 745 822 788 honorem
862 744 1074 788 detrahat
1118 758 1252 802 quem
1292 743 1424 787 audit
1462 757 1490 786 a
1530 741 1725 786 Domino

227 819 444 874 perpetuo
471 830 656 860 munere
683 816 986 860 honoratum?
1047 815 1185 858 Plane
1204 814 1255 857 in
1274 812 1581 857 insensibilem
1600 812 1725 870 prin-

227 887 339 945 cipis
379 889 575 930 statuam
623 886 863 943 quicquam
912 900 1197 943 praesumere
1244 884 1512 942 quandoque
1556 882 1726 927 crimen

186 971 213 1001 c
229 956 385 1000 extitit
424 956 673 999 maiestatis
713 958 759 999 et
798 958 942 999 morte
982 955 1279 1006 acerbissima,
1319 959 1456 1012 prout
1494 953 1726 997 ueteribus
1743 965 1788 993 10

229 1027 411 1085 placuit,
445 1026 735 1084 puniendum.
797 1026 909 1080 Quis
939 1041 1046 1084 ergo
1076 1026 1124 1069 in
1154 1025 1398 1083 imaginem
1429 1024 1527 1076 Dei,
1548 1024 1626 1082 qui
1657 1026 1728 1067 est

230 1098 449 1156 princeps,
483 1097 659 1140 malitia
689 1100 1003 1155 praesumente
1035 1097 1219 1155 impune
1255 1095 1473 1140 offenditz
1534 1094 1727 1138 Proinde

231 1167 641 1212 consiliosissimum
662 1169 730 1211 est
749 1167 863 1211 illud
884 1168 1124 1225 sapientis:
1155 1167 1212 1210 In
1232 1167 1506 1225 cogitatione
1525 1169 1607 1209 tua
1629 1164 1727 1223 regi

231 1253 323 1282 non
343 1238 554 1281 detrahas
575 1240 620 1281 et
639 1238 688 1280 in
708 1241 877 1282 secreto
897 1238 1091 1282 cubiculi
1111 1238 1181 1281 tui
1196 1253 1253 1281 ne
1273 1237 1560 1280 maledixeris
1580 1235 1728 1287 diuiti,

234 1309 339 1366 quia
365 1323 472 1351 aues
498 1307 581 1352 celi
606 1309 854 1366 portabunt
881 1323 1033 1352 uocem
1063 1311 1191 1352 tuam
1215 1310 1262 1351 et
1288 1308 1367 1365 qui
1394 1307 1533 1351 habet
1556 1321 1727 1365 pennas
1748 1319 1788 1355 15

233 1379 524 1422 annuntiabit
538 1379 819 1422 sententiam.
870 1378 1106 1436 Numquid
1121 1394 1227 1437 ergo
1248 1379 1487 1436 quicquam
1507 1377 1660 1422 licebit
1678 1377 1728 1420 in

234 1464 366 1507 opere
387 1451 468 1492 aut
487 1449 637 1500 uerbo,
657 1463 759 1492 cum
780 1453 826 1492 et
845 1449 944 1506 ipsa
970 1449 1185 1508 cogitatio
1205 1449 1486 1506 cubiculique
1506 1451 1728 1492 secretum

235 1523 282 1564 et
301 1519 525 1563 sententia
545 1519 690 1563 cordis
717 1523 934 1572 arceatur,
954 1535 1010 1563 ne
1035 1519 1145 1578 quid
1169 1520 1384 1564 moliatur
1403 1521 1484 1563 aut
1503 1518 1729 1577 concipiat

234 1589 451 1634 aduersus
469 1589 746 1648 principem?

294 1728 403 1786 Cap.
431 1740 499 1785 27.
534 1727 663 1783 Quod
702 1729 951 1773 Gnatonici
979 1733 1261 1787 perum-tunt
1289 1728 1455 1773 omnia
1489 1743 1569 1773 ‘nec
1608 1742 1726 1773 uera
1745 1747 1792 1773 πο

341 1798 491 1856 fateri
505 1799 778 1856 patiuntur,
798 1803 837 1844 et
864 1801 986 1857 quod
1011 1801 1076 1844 eis
1099 1801 1296 1858 eoeemplo
1320 1800 1524 1844 Marsiae
1544 1799 1727 1843 corium

355 1869 692 1913 detrahendum
717 1874 791 1921 est,
812 1870 854 1913 si
873 1869 1063 1927 samm
1084 1871 1256 1915 diuites
1266 1886 1287 1921 ,·
1318 1874 1357 1914 et
1377 1871 1498 1927 quod
1521 1869 1728 1927 calump-

193 1943 225 1986 d
357 1940 559 1984 martores
571 1954 842 1997 pauperum
862 1940 985 1984 Deus
1003 1940 1098 1998 ipse
1111 1940 1420 1998 persequitur.

298 2046 508 2090 Ceterum
537 2046 576 2090 si
607 2046 805 2090 Gnatoni
831 2048 1040 2099 creditur,
1068 2048 1271 2106 quisquis
1297 2063 1389 2092 non
1415 2048 1585 2092 arridet
1612 2047 1728 2091 diui·

236 2117 360 2161 tibus
381 2117 517 2160 etiam
537 2131 639 2160 cum
659 2116 966 2161 malefecerint
987 2120 1067 2161 aut
1087 2133 1178 2162 non
1199 2118 1435 2176 applaudit
1455 2119 1503 2161 in
1523 2118 1728 2176 pessimis
1748 2135 1791 2171 25

238 2202 403 2238 eorum,
419 2187 602 2230 uidetur
616 2190 696 2230 aut
711 2187 914 2231 inuidere
930 2187 1139 2232 fortunae
1155 2191 1236 2231 aut
1256 2189 1398 2233 officio
1419 2203 1509 2232 non
1530 2188 1705 2233 deferre
1719 2203 1730 2243 ;

237 2272 344 2300 nam
371 2257 492 2315 apud
520 2256 792 2301 Gnatonicos
816 2257 1024 2302 ueritatis
1050 2258 1277 2316 eloquium
1304 2259 1473 2303 crimen
1500 2261 1569 2303 est
1593 2259 1730 2303 maie-

237 2379 261 2416 6
285 2380 418 2415 tronus
433 2375 494 2413 AS
638 2385 660 2422 7
685 2377 868 2415 honorem
885 2377 1065 2415 detrahat
1083 2377 1119 2415 ei
1136 2377 1177 2414 M
1324 2389 1364 2416 11
1391 2379 1614 2427 ymaginem
1631 2379 1673 2416 M

290 2498 308 2537 5
336 2502 403 2525 rex
417 2491 514 2526 etc.:
542 2489 648 2526 Prov.
666 2488 768 2525 xxix.
790 2499 845 2534 14.
941 2490 965 2526 6
980 2491 1231 2535 funda-bitur:
1250 2492 1473 2534 firmabitur
1486 2490 1599 2539 Vulg.
1707 2493 1730 2530 8

238 2539 282 2574 in
298 2539 544 2574 insensibilem
568 2540 662 2574 etc.:
688 2549 720 2573 v.
748 2536 834 2585 Dig.
859 2536 979 2574 xlviii.
1004 2548 1038 2582 4.
1066 2539 1089 2574 6
1116 2539 1187 2582 Qui
1209 2543 1350 2575 statuae
1375 2545 1438 2575 aut
1464 2541 1643 2586 imayines
1666 2542 1734 2576 im-

235 2588 420 2632 peratoris
447 2588 524 2622 iam
548 2591 773 2622 consecratas
792 2587 1029 2631 confleverint
1051 2587 1224 2633 aliudque
1247 2589 1337 2633 quid
1358 2589 1477 2624 simile
1501 2591 1732 2635 admiserint,

240 2635 313 2679 leye
331 2636 433 2670 Iulia
449 2635 652 2670 maiestatis
667 2639 846 2670 tenentur.
1043 2644 1084 2679 13
1109 2635 1159 2669 In
1178 2637 1391 2680 cogitatione
1411 2637 1504 2672 etc.:
1530 2636 1673 2674 Eccles.
1693 2647 1733 2675 x.

242 2692 300 2718 20.
470 2693 518 2726 24
546 2683 730 2718 Gnatoni:
761 2693 810 2718 sc.
838 2680 1007 2728 parasito
1033 2681 1239 2718 'l'hrasonis
1268 2681 1307 2718 in
1337 2683 1508 2721 Terentii
1535 2686 1728 2723 Eunucho.

242 2731 289 2766 26
314 2731 477 2775 deferre:
505 2729 561 2767 De
578 2730 650 2766 hoc
667 2729 843 2766 vocabuli
860 2741 971 2766 sensu
988 2741 1020 2766 v.
1038 2729 1255 2767 ForcelL-de
1268 2731 1345 2767 Vit.
1365 2744 1392 2768 8.
1407 2744 1440 2769 v.
1458 2734 1579 2778 defero
1597 2734 1641 2778 6;
1669 2733 1731 2770 Du

242 2776 371 2832 Gange
391 2790 417 2814 8.
433 2790 455 2812 v
483 2780 647 2824 deferre;
674 2776 717 2813 in
736 2776 824 2813 Ood.
844 2776 977 2814 Iustin.
994 2776 1049 2813 iii.
1068 2788 1121 2814 12.
1135 2778 1158 2814 6
1175 2778 1257 2823 (ubi
1270 2791 1301 2814 v.
1316 2779 1561 2818 Mommsenii
1578 2782 1730 2825 notam)

242 2827 383 2862 rectius
401 2837 516 2871 quam
533 2827 678 2871 differri
691 2825 856 2872 legitur3
882 2825 930 2861 cf.
944 2825 1063 2862 etiam
1076 2825 1266 2873 Vulgatae
1281 2827 1461 2865 editionis
1475 2827 1589 2867 Deut.
1599 2827 1731 2865 xxviii.

243 2882 290 2920 50
302 2878 444 2919 yentem
453 2875 755 2920 procacissimam
770 2884 862 2920 quae
876 2885 951 2910 non
968 2875 1107 2920 deferat
1122 2876 1212 2911 seni.

352 2947 397 2980 80
