1846 3262
64 251 144 291 ⁷47
163 249 196 285 c:
527 231 790 280 10ANN1s
829 232 1344 278 SARESBERIENSIS
1457 234 1677 291 [mmm

206 358 494 417 capessendas
522 356 620 400 fieri
649 356 887 399 habiliores
918 356 964 398 et
992 354 1136 406 simul,
1157 354 1195 398 si
1225 354 1302 411 qui
1331 354 1511 412 penitus
1536 354 1585 397 in
1608 353 1680 396 his

207 430 491 473 affectionum
527 426 911 483 cupiditatumque
946 438 1116 468 errores
1146 424 1342 467 inessent
1375 438 1485 481 quos
1518 424 1683 467 celaret

208 499 374 555 alioqui
399 497 542 555 pudor
565 511 784 547 reuerens‚
804 511 856 539 ea
885 495 1035 538 omnia
1061 494 1157 538 sine
1186 493 1316 551 graui
1336 494 1530 551 periculo
1549 493 1681 536 liber-

209 572 304 612 tate
336 582 416 625 per
447 566 604 609 uinum
644 566 751 609 data
786 565 933 623 detegi
974 567 1019 607 et
1058 564 1115 607 ad
1157 564 1474 621 corrigendum>
1506 563 1683 607 meden-

210 639 404 694 dumque
434 636 531 679 fieri
563 634 863 692 oportuniora.
924 634 1073 691 Atque
1103 634 1185 677 hoc
1220 633 1347 676 Plato
1382 632 1547 675 ibidem
1577 631 1686 675 dicit
1705 638 1724 673 5

210 723 300 751 11011
331 706 627 764 diffugiendas
656 720 749 756 esse
778 704 1082 748 huiuscemodi
1105 703 1445 747 exercitationes
1474 702 1689 746 aduersus

211 777 309 820 uini
329 776 590 819 uiolentiam
610 774 957 832 propulsandam
983 788 1126 831 neque
1150 773 1293 816 ullum
1313 787 1525 830 umquam
1549 771 1689 817 conti-

212 849 394 890 nentem
414 860 596 903 prorsus
616 849 697 889 aut
722 846 1047 902 temperantem
1072 844 1182 887 satis
1208 843 1400 887 fideliter
1423 843 1571 887 uisum
1597 855 1693 886 esse

166 922 196 962 d
215 917 286 962 cui
325 916 423 959 uita
462 930 553 958 non
592 915 712 958 inter
753 914 851 972 ipsa
897 928 1097 957 errorum
1136 913 1334 972 pericula
1368 916 1414 957 et
1446 913 1497 956 in
1535 911 1695 955 mediis

215 986 503 1044 uoluptatum
552 985 770 1028 illecebris
812 984 1044 1041 explorata
1086 983 1156 1027 sit.
1231 983 1351 1027 Nam
1395 983 1467 1027 cui
1508 981 1696 1026 libentia
1714 1003 1757 1028 1ο

218 1057 477 1115 gratiaeque
501 1070 653 1098 omnes
682 1055 990 1098 conuiuiorum
1014 1053 1266 1111 incognitae
1287 1053 1380 1097 sint
1407 1053 1572 1111 quique
1597 1052 1697 1096 illa-

218 1141 320 1169 rum
360 1125 540 1168 omnino
580 1139 737 1182 expers
777 1122 848 1175 sit,
888 1124 926 1167 si
966 1138 1067 1167 eum
1108 1122 1226 1166 forte
1265 1123 1323 1167 ad
1366 1122 1698 1182 participandas

220 1195 476 1238 huiusmodi
515 1194 770 1252 uoluptates
810 1196 890 1236 aut
921 1192 1131 1236 uoluntas
1166 1193 1323 1236 tulerit
1357 1195 1437 1236 aut
1468 1207 1595 1236 casus
1628 1191 1698 1233 in-

222 1265 404 1309 duxerit
423 1267 504 1307 aut
524 1264 762 1307 necessitas
781 1263 1022 1320 impulerit,
1041 1277 1147 1305 mox
1167 1262 1345 1305 deliniri
1372 1265 1418 1305 et
1437 1261 1535 1320 capi
1556 1275 1700 1318 neque

222 1339 417 1378 mentem
439 1334 533 1377 eius
553 1334 838 1390 animumque
854 1333 1102 1376 consistere.
1153 1331 1540 1390 Congrediendum
1559 1331 1701 1389 igitur
1721 1345 1762 1380 15

225 1408 271 1449 et
290 1408 521 1461 tamquam
541 1404 589 1445 in
610 1404 702 1447 acie
723 1403 916 1460 quadam
936 1417 1037 1446 cum
1063 1402 1330 1460 uoluptariis
1350 1402 1493 1455 rebus,
1513 1415 1703 1458 cumque

225 1476 314 1518 ista
334 1474 431 1517 uini
445 1473 626 1517 licentia
645 1473 844 1516 cominus
864 1472 1199 1523 decernendum,
1214 1475 1267 1515 ut
1287 1472 1501 1515 aduersus
1521 1486 1594 1514 eos
1613 1485 1705 1514 non

229 1545 341 1602 fuga
359 1558 439 1587 nee
460 1543 663 1586 absentia
683 1543 822 1586 simus
841 1543 943 1594 tuti,
963 1542 1040 1585 sed
1070 1542 1224 1600 uigore
1248 1541 1387 1584 animi
1411 1543 1457 1584 et
1482 1539 1706 1584 constanti

230 1613 483 1672 praesentia
502 1613 818 1670 moderatoque
832 1627 918 1655 usu
937 1612 1280 1669 temperantiam
1299 1611 1710 1667 continentiamque

231 1688 440 1729 tueamur
463 1685 509 1726 et
538 1681 752 1726 calefacto
781 1682 915 1725 simul
939 1681 1171 1739 refotoque
1200 1681 1359 1733 animo,
1380 1681 1418 1724 si
1445 1680 1554 1738 quid
1580 1680 1628 1724 in
1655 1694 1708 1724 eo
1726 1695 1769 1719 20

233 1753 307 1797 uel
353 1752 545 1810 frigidae
589 1752 802 1795 tristitiae
836 1752 917 1795 'uel
956 1752 1175 1809 torpentis
1221 1751 1514 1795 uerecundiae
1558 1749 1710 1800 fuerit,

87 1828 168 1878 748
187 1838 217 1867 a
235 1823 479 1867 abluamus.
526 1822 696 1866 Poterit
716 1822 960 1865 auctoritas
981 1821 1180 1864 Platonis
1201 1835 1379 1864 mouere
1400 1835 1534 1878 quam
1549 1819 1712 1878 plures,

237 1893 315 1938 sed
334 1892 469 1935 michi
493 1892 627 1934 nimis
654 1892 820 1935 arduus
847 1895 894 1935 et
923 1891 1187 1935 temerarius
1213 1890 1532 1934 infirmioribus
1552 1889 1715 1933 animis

237 1963 419 2010 uidetur
453 1977 553 2007 cum
589 1962 751 2013 Bacho,
773 1961 910 2005 immo
944 1964 991 2005 et
1021 1975 1123 2005 cum
1155 1961 1314 2018 quauis
1346 1960 1579 2018 uoluptate
1611 1973 1714 2004 con-

238 2046 427 2091 gressus
487 2031 537 2075 Si
567 2031 684 2074 Loth
714 2031 786 2075 uir
815 2031 961 2074 iustus
988 2033 1034 2074 et
1060 2030 1223 2088 dignus
1250 2030 1328 2087 qui
1347 2030 1402 2073 de
1422 2029 1716 2074 Sodomorum
1734 2043 1776 2078 25

241 2102 488 2160 eriperetur
507 2101 711 2144 incendio
730 2100 985 2158 impellente
1005 2100 1101 2143 uini
1121 2099 1302 2143 stimulo
1331 2099 1501 2145 corruit
1522 2099 1571 2141 in
1600 2099 1718 2142 ince-

242 2175 390 2224 stum3
419 2171 457 2214 si
482 2171 581 2214 Noe
601 2170 772 2214 femora
791 2170 1050 2221 denudauit,
1069 2170 1157 2213 fide
1186 2172 1233 2213 et
1259 2169 1592 2227 perseuerantia
1613 2167 1721 2212 boni

244 2242 499 2286 subtractus
532 2240 715 2292 diluuio,
750 2240 864 2284 alter
897 2239 1083 2282 humani
1116 2239 1291 2297 generis
1325 2240 1454 2296 pater
1484 2241 1531 2282 et
1563 2237 1722 2281 salutis

245 2311 411 2370 opifex,
451 2310 550 2368 quis
589 2313 690 2354 tuto
729 2309 1026 2367 congreditur,
1070 2308 1157 2352 nisi
1197 2308 1315 2352 forte
1353 2308 1547 2365 seipsum
1581 2306 1724 2352 tantis

248 2382 383 2425 ducat
421 2381 627 2438 patribus
666 2379 1039 2438 praeferendum?
1103 2379 1166 2422 Vt
1205 2381 1357 2421 tamen
1398 2377 1597 2420 Platonis
1632 2390 1723 2419 non
1742 2390 1785 2425 30

248 2451 518 2495 reluctemur
542 2450 698 2502 edicto,
719 2448 928 2507 congredi
953 2463 1054 2492 cum
1081 2448 1314 2505 uoluptate
1334 2447 1394 2491 sit
1421 2445 1596 2497 fortius,
1616 2445 1725 2488 dum

250 2559 468 2645 {lplffiffliln
485 2559 526 2595 M
670 2566 691 2603 7
717 2556 828 2593 illum
845 2555 936 2594 A²S¹
1069 2565 1112 2602 17
1139 2555 1348 2594 comminus
1364 2555 1406 2592 M
1541 2564 1587 2602 23
1611 2552 1727 2591 nimis

307 2621 326 2646 c

301 2715 324 2750 6
348 2713 594 2759 dzff‘uyiendas
610 2722 703 2747 esse:
729 2708 826 2747 6611.
845 2709 930 2746 add.
947 2721 1058 2758 neque
1073 2710 1309 2755 respuendas.
1466 2716 1490 2752 9
1513 2707 1575 2743 cm·
1588 2717 1597 2743 :
1624 2707 1731 2742 cuiue

256 2760 354 2798 6611.
402 2763 508 2796 uita:
551 2757 648 2796 6611.
674 2757 759 2794 add.
786 2759 983 2806 uictusque.
1153 2767 1198 2795 10
1221 2756 1390 2793 libentia:
1433 2756 1602 2791 libentiae
1630 2751 1730 2790 6611.

260 2818 303 2853 14
327 2819 412 2844 mox
427 2809 599 2843 deliniri:
631 2806 784 2843 deleniri
796 2807 1008 2852 plerumque
1025 2803 1121 2841 6611.
1302 2812 1342 2851 15
1368 2805 1579 2839 consistere:
1603 2800 1730 2837 Pauca.

258 2855 443 2901 quaedam
461 2854 590 2891 omisit
606 2854 780 2890 Ioannes.
893 2863 939 2889 22
963 2854 1175 2889 abluamus:
1202 2852 1392 2888 deluamus
1409 2849 1504 2886 6611.
1616 2858 1638 2884 2
1643 2856 1662 2895 5
1688 2849 1732 2884 Si

258 2904 351 2939 Loth
363 2904 460 2939 etc.:
486 2913 519 2938 v.
536 2901 629 2938 Gen.
642 2900 719 2938 xix.
731 2911 777 2947 ²9
787 2911 888 2947 seqq.
1007 2909 1052 2944 27
1077 2901 1111 2936 si
1125 2900 1201 2937 Noe
1218 2901 1311 2937 eta:
1337 2910 1372 2934 v.
1390 2896 1487 2935 Gen.
1502 2896 1553 2933 ix.
1571 2905 1617 2933 20
1626 2906 1728 2942 seqq.

373 2982 436 3018 ²9²
