1846 3262
149 218 254 255 cn.
269 206 310 269 1]
684 210 1132 257 POLICRATICVS
1670 217 1756 267 637
1774 227 1806 257 a

150 334 357 376 auctores
396 331 485 391 legi
521 334 580 377 ad
615 334 864 379 utilitatem
904 334 1152 393 legentium
1184 334 1282 378 sine
1316 334 1493 379 inuidia
1531 350 1649 379 com-

149 402 380 446 municare
409 404 634 461 proposui.
695 405 814 447 Nam
841 408 887 448 et
914 405 1159 462 Apostolus
1185 420 1301 449 non:
1332 406 1649 463 Quaecumque
1666 408 1696 447 b

149 472 319 530 scripta
348 477 457 517 sunt
485 489 596 518 uera
627 478 748 527 sunt,
769 476 848 526 ait,
868 476 971 519 sed:
1002 475 1320 533 Quaecumque
1344 477 1514 534 scripta
1541 482 1651 520 sunt

149 542 209 585 ad
228 547 431 587 nostram
454 545 706 588 doctrinam
733 546 902 604 scripta
921 550 1053 599 sunt3
1083 546 1189 590 licet
1201 547 1474 590 uniuersitas
1495 562 1651 590 eorum

110 626 133 661 5
153 612 210 656 de
240 614 405 670 quibus
436 614 639 673 loquitur
667 617 727 659 ad
756 616 836 660 illa
866 617 962 660 sola
988 617 1131 674 possit
1160 617 1302 661 artari
1330 633 1447 675 quae
1475 618 1524 660 in
1551 617 1651 676 lege

149 683 319 742 scripta
338 690 448 729 sunt
467 689 514 729 et
534 687 778 744 prophetis,
792 687 848 730 de
876 703 1068 745 quorum
1089 688 1284 732 ueritate
1304 680 1436 732 nemo
1456 689 1650 747 ambigit

152 753 243 797 nisi
278 755 358 812 qui
390 756 496 799 fidei
531 757 776 800 catholicae
811 773 903 801 non
938 758 1190 802 concordat.
1264 758 1496 812 Quaedam
1528 774 1649 810 uero,

150 839 265 882 quae
295 825 344 868 in
374 826 503 870 libris
532 831 769 871 auctorum
798 843 890 871 non
921 828 1110 886 repperi,
1141 843 1200 872 ex
1230 843 1317 872 usu
1346 829 1573 873 cotidiano
1604 832 1651 873 et

149 909 302 938 rerum
342 897 622 954 experientia
662 898 791 955 quasi
822 898 878 941 de
908 898 1103 955 quadam
1132 914 1309 942 morum
1340 900 1532 943 historia
1571 915 1650 943 ex-

90 981 135 1007 ιο
149 965 305 1023 cerpsi.
378 966 429 1009 Si
465 982 555 1024 qua
586 983 696 1011 uero
736 968 794 1011 ad
826 969 1051 1026 grauioris
1082 969 1394 1027 philosophiae
1429 971 1649 1014 exercita-

148 1035 318 1078 tionem
357 1036 574 1080 uidentur
605 1038 823 1089 accedere,
855 1039 1257 1082 Achademicorum
1299 1055 1423 1084 more
1462 1041 1649 1084 inuesti-

146 1105 287 1164 gandi
314 1106 466 1150 animo
489 1122 625 1164 quam
655 1109 908 1166 peruicacia
935 1109 1235 1152 contendendi
1263 1110 1327 1154 sic
1355 1115 1529 1154 constet
1553 1127 1649 1156 esse

147 1176 380 1234 proposita
405 1181 460 1220 ut
478 1177 527 1220 in
548 1179 929 1222 examinationem
956 1179 1054 1222 ueri
1082 1194 1215 1223 suum
1242 1180 1404 1238 cuique
1431 1181 1649 1225 iudicium

147 1245 341 1290 liberum
360 1251 618 1292 reseruetur
637 1252 683 1292 et
703 1249 881 1293 inutilis
896 1249 1189 1293 scribentium
1204 1255 1441 1294 censeatur
1454 1252 1648 1295 auctori-

88 1331 132 1367 ¹⁵
149 1319 222 1360 tas
242 1317 321 1360 ubi
342 1319 570 1362 sententia
589 1320 739 1377 potior
758 1319 1031 1378 refragatur.
1090 1320 1378 1379 Propositum
1399 1325 1469 1365 est
1494 1325 1648 1365 tamen
1665 1334 1692 1364 c

148 1386 199 1430 in
218 1387 291 1431 his
309 1389 548 1447 praecipue
568 1390 740 1433 uersari
761 1391 882 1434 unde
897 1391 1140 1449 perniciem
1162 1406 1288 1435 error
1300 1406 1393 1435 non
1408 1393 1648 1444 contrahit,

149 1460 197 1501 et
231 1457 291 1501 ad
322 1458 503 1502 illorum
536 1459 852 1504 diffinitionem
885 1462 1251 1520 praesumptione
1284 1462 1526 1505 temeraria
1556 1477 1649 1506 non

148 1542 386 1586 assurgere
424 1529 474 1572 in
518 1531 683 1588 quibus
722 1532 820 1575 sine
859 1532 1059 1590 periculo
1098 1547 1190 1576 non
1230 1536 1420 1576 erratur.
1502 1533 1649 1577 Nemo

149 1602 303 1642 autem
324 1599 374 1642 in
401 1600 616 1644 iniuriam
641 1617 771 1645 suam
799 1606 982 1661 reputet
1010 1603 1244 1660 quippiam
1272 1603 1374 1656 dici,
1394 1618 1497 1647 cum
1521 1604 1649 1647 nulla

0 1728 5 1731 ἐ
87 1687 135 1714 ιο
149 1668 212 1721 sit
246 1668 479 1728 derogatio
510 1686 804 1729 personarum
834 1673 913 1716 sed
944 1673 1263 1732 fugiendorum
1292 1674 1388 1717 sola
1417 1675 1648 1718 concussio

147 1739 380 1784 uitiorum.
441 1741 498 1784 In
534 1757 625 1800 quo
657 1743 839 1801 quidem
871 1759 943 1787 me
977 1744 1248 1802 praestitum
1282 1744 1348 1788 ire
1383 1745 1649 1803 obsequium

146 1812 243 1853 tam
263 1810 394 1854 malis
410 1826 546 1869 quam
562 1813 691 1857 bonis
710 1814 920 1865 arbitror,
935 1814 1046 1857 dum
1065 1814 1114 1857 in
1134 1814 1207 1858 his
1226 1815 1507 1873 approbatur
1526 1816 1650 1873 quod

147 1879 334 1932 faciunt,
351 1883 398 1925 et
421 1882 487 1925 1111
512 1883 684 1927 notatis
710 1884 838 1928 uitiis
865 1885 1040 1942 possint
1065 1885 1279 1942 proficere
1307 1889 1361 1929 ut
1386 1886 1648 1943 probentur.

149 1949 241 1994 Sed
266 1951 376 1995 haec
405 1952 637 1997 hactenus.
698 1954 794 1999 Cur
822 1958 975 1998 autem
999 1955 1324 2000 Achademicos
1350 1971 1460 2014 prae
1486 1957 1648 2001 ceteris

86 2033 132 2070 σε
150 2020 327 2078 placeat
345 2022 529 2075 imitari,
549 2039 696 2068 sermo
715 2026 968 2070 succinctus
987 2026 1173 2084 aperiet.

149 2147 258 2207 Cap.
284 2163 321 2194 1.
350 2150 484 2204 Quod
502 2151 801 2197 Achademici
826 2153 1112 2197 modestiores
1129 2153 1339 2210 fuerunt
1365 2155 1476 2199 aliis
1495 2155 1646 2212 philo·

266 2220 416 2276 sophis
435 2235 546 2278 quos
565 2223 795 2268 temeritas
814 2224 1042 2268 mecauit
1055 2227 1110 2267 ut
1129 2224 1364 2268 darentur
1383 2226 1441 2269 in
1460 2240 1645 2270 gemm

265 2290 524 2348 reprobwm.
1659 2297 1691 2338 (ι

206 2382 433 2441 Antiquos
454 2385 635 2442 quidem
656 2387 945 2445 philosophos
968 2388 1172 2431 floruisse
1199 2388 1394 2446 ingeniis
1419 2392 1465 2432 et
1491 2390 1644 2434 studio

87 2474 133 2509 30
148 2452 390 2510 profecisse
410 2454 502 2497 iam
521 2470 613 2498 non
633 2456 819 2500 celebris
846 2458 1000 2515 opinio
1021 2462 1089 2501 est
1109 2458 1188 2501 sed
1208 2459 1417 2502 omnibus
1449 2459 1498 2501 in
1524 2474 1642 2503 com-

147 2537 284 2566 mune
317 2537 531 2581 persuasa
561 2526 798 2570 sententia.
859 2527 933 2570 Ad
973 2543 1044 2571 res
1084 2528 1204 2571 enim
1244 2542 1302 2571 ex
1341 2531 1508 2571 natura
1547 2528 1643 2573 fere

146 2593 619 2650 incomprehensibiles
648 2596 800 2639 studio
829 2600 876 2640 et
906 2597 1228 2641 exercitatione
1257 2598 1380 2641 uiam
1411 2598 1498 2642 sibi
1531 2598 1642 2643 fecit

146 2663 392 2722 ingenium,
428 2667 476 2707 et
528 2664 709 2708 illorum
752 2666 967 2711 beneficio
1014 2668 1211 2726 plurima
1256 2669 1487 2726 publicata
1531 2674 1640 2715 sunt

147 2790 172 2827 9
194 2778 369 2828 hystoria
385 2778 491 2816 GBM
635 2791 681 2828 23
707 2781 750 2818 hi
768 2782 810 2818 M
954 2785 1002 2821 26
1026 2783 1240 2822 academici
1257 2783 1383 2822 CBAS

194 2902 218 2929 2
244 2893 442 2938 Apostolus
456 2892 555 2929 etc.:
580 2904 613 2929 v.
629 2891 737 2930 Rom.
754 2904 816 2930 xv.
832 2903 868 2939 4.

1481 2976 1528 3011 93
