1864 3282
616 679 1116 739 REGISTRVM

168 826 382 873 EORVM
427 825 593 882 QVAE
633 825 706 870 IN
746 825 875 872 Hoc
915 825 1087 871 ΤοΜο
1128 824 1577 872 CONTINENTVR

1517 953 1615 982 Pae.

118 993 246 1032 me
262 991 319 1031 v1
369 991 555 1040 Prologus
620 1020 630 1030 .
728 1021 736 1029 .
835 1021 843 1029 .
944 1021 953 1029 .
1052 1019 1060 1028 .
1159 1020 1168 1029 .
1273 1020 1282 1028 .
1381 1021 1389 1029 .
1486 1020 1495 1029 .
1599 1004 1614 1031 1

164 1065 258 1114 Cap.
278 1074 309 1103 1.
336 1062 445 1109 Quod
462 1074 598 1100 manus
615 1062 672 1100 rei
689 1062 867 1110 publicae
883 1065 953 1099 aut
970 1064 1122 1100 armata
1137 1064 1196 1099 est
1219 1064 1288 1100 aut
1309 1062 1496 1108 inermis;

390 1123 431 1162 et
448 1135 547 1170 quae
565 1122 616 1160 sit
633 1122 803 1167 inermis,
823 1123 865 1160 et
880 1122 928 1160 de
947 1121 1070 1160 officio
1087 1122 1171 1160 eius
1268 1150 1278 1160 .
1378 1151 1386 1159 .
1597 1135 1618 1162 2

275 1195 308 1223 2.
334 1183 442 1230 Quod
466 1182 610 1221 militia
635 1182 831 1222 delectum
856 1181 992 1230 exigit,
1018 1181 1226 1221 scientiam
1250 1184 1290 1220 et
1315 1182 1499 1221 exercita.

386 1243 538 1281 tionem
624 1271 634 1281 .
732 1271 742 1282 .
842 1271 850 1279 .
1057 1271 1068 1281 .
1272 1270 1283 1280 .
1380 1271 1389 1280 .
1485 1272 1498 1286 ,.
1596 1246 1618 1282 8

277 1316 312 1353 3.
337 1303 395 1342 De
413 1303 607 1341 militibus
624 1303 802 1352 gloriosis
819 1302 887 1350 qui
905 1271 1072 1341 militiae
1091 1302 1253 1342 inutiles
1271 1305 1498 1342 sunt..
1575 1315 1590 1342 1
1601 1316 1616 1343 1

276 1376 312 1413 4.
337 1364 508 1410 Quarum
550 1375 678 1402 rerum
720 1363 925 1401 scientiam
968 1366 1008 1402 et
1049 1363 1279 1401 exercitium
1320 1365 1500 1411 oporteat

389 1424 534 1462 habere
560 1423 715 1470 milites,
735 1425 775 1462 et
794 1423 897 1470 quod
921 1435 987 1461 eos
1013 1423 1128 1461 otiari
1150 1435 1228 1461 non
1250 1423 1369 1470 licet;
1397 1425 1437 1461 et
1454 1424 1500 1462 de

389 1485 576 1533 Augusto,
597 1483 665 1531 qui
682 1483 781 1521 filias
799 1495 885 1521 suas
903 1483 998 1522 fecit
1015 1483 1169 1521 institui
1186 1483 1228 1520 in
1245 1483 1416 1521 lanificio
1490 1512 1500 1521 .
1577 1494 1620 1531 13

281 1554 312 1593 5.
338 1544 424 1583 Duo
454 1556 533 1582 esse
559 1543 773 1592 praecipua
797 1555 897 1591 quae
922 1543 1088 1583 militem
1114 1542 1277 1592 faciunt,
1304 1543 1501 1582 delectum

390 1604 540 1643 scilicet
557 1606 599 1643 et
615 1607 896 1642 sacramentum
946 1632 955 1641 .
1054 1632 1064 1642 .
1491 1633 1499 1642 .
1579 1606 1623 1643 16

278 1665 314 1703 6.
339 1665 443 1711 Quae
454 1664 558 1702 mala
570 1663 800 1712 proueniant
812 1663 951 1702 nostris
961 1663 1142 1712 neglecto
1153 1663 1307 1702 delectu
1318 1632 1502 1708 militum,

392 1726 433 1762 et
450 1723 619 1772 qualiter
635 1723 828 1762 Haroldus
844 1724 1030 1762 Valenses
1047 1723 1390 1771 subegerit..
1492 1751 1501 1761 .
1579 1733 1620 1770 17

279 1794 314 1832 7.
339 1784 442 1831 Quae
464 1784 516 1822 sit
539 1784 746 1832 conceptio
768 1783 1003 1822 sacramenti
1025 1783 1220 1830 militaris,
1240 1786 1279 1821 et
1299 1784 1402 1831 quod
1418 1784 1501 1822 sine

392 1857 439 1883 eo
455 1843 626 1882 militare
645 1856 724 1882 non
741 1843 838 1882 licet
947 1870 956 1879 .
1055 1871 1064 1880 .
1164 1871 1174 1880 .
1273 1871 1283 1881 .
1382 1871 1391 1881 .
1490 1872 1499 1880 .
1576 1855 1624 1882 20

280 1907 315 1944 8.
341 1905 544 1943 Armatam
589 1904 775 1942 militiam
816 1904 866 1941 ad
910 1903 1144 1951 religionem
1186 1915 1232 1941 ex
1275 1903 1503 1942 necessitate

391 1964 531 2010 teneri,
561 1963 662 2002 sicut
690 1963 802 2001 illam
828 1974 927 2011 quae
950 1963 994 2000 in
1018 1962 1122 2000 clero
1147 1961 1292 2000 diuinis
1313 1963 1505 2011 obsequiis

393 2025 670 2070 consecratur;
707 2025 749 2062 et
778 2023 881 2071 quod
906 2021 1026 2068 miles,
1054 2021 1156 2060 sicut
1184 2022 1354 2070 honoris,
1378 2022 1437 2061 ita
1464 2025 1505 2061 et

394 2084 538 2122 laboris
555 2095 698 2122 nomen
716 2086 777 2122 est
842 2111 851 2120 .
1578 2093 1621 2121 21

280 2156 315 2193 9.
341 2145 449 2191 Quod
466 2145 560 2181 fides
578 2144 660 2182 Deo
683 2143 815 2182 debita
836 2143 888 2181 sit
910 2143 1036 2181 cuiuis
1059 2111 1214 2180 1101111111
1238 2142 1501 2190 praeferenda,

392 2216 463 2242 nec
480 2205 659 2242 seruatur
674 2202 826 2241 homini
844 2203 923 2240 nisi
938 2203 1019 2240 Deo
1037 2204 1210 2240 seruetur
1275 2229 1284 2238 .
1384 2230 1392 2239 .
1579 2214 1624 2250 23

263 2276 316 2304 10.
345 2263 400 2302 De
429 2263 645 2312 priuilegiis
674 2263 858 2307 militum,
883 2265 925 2301 et
955 2262 1057 2310 quod
1084 2264 1330 2300 sacramento
1354 2231 1506 2300 astricti

394 2325 488 2361 sunt
505 2322 716 2368 Ecclesiae,
734 2325 774 2362 et
791 2335 910 2370 quare
930 2322 1083 2371 gladius
1101 2322 1286 2360 offeratur
1301 2321 1419 2360 altari
1496 2351 1506 2360 .
1581 2334 1627 2370 ²4

265 2395 321 2423 11.
345 2383 454 2430 Quod
472 2383 618 2422 milites
639 2382 770 2420 durius
795 2381 1014 2431 castigandi
1039 2383 1139 2427 sunt,
1168 2381 1200 2418 si
1225 2380 1392 2419 militiae
1417 2381 1507 2430 lege

397 2445 625 2491 contempta.
642 2442 859 2491 priuilegiis
875 2443 1089 2480 abutuntur
1170 2469 1179 2478 .
1279 2469 1288 2477 .
1385 2468 1394 2478 .
1494 2469 1503 2478 .
1581 2444 1628 2480 26

266 2515 323 2543 12.
348 2502 456 2549 Quod
471 2503 581 2542 uaria
596 2502 881 2540 animaduersio
897 2502 1072 2550 procedit
1089 2501 1132 2538 in
1153 2513 1217 2539 eos
1233 2501 1301 2548 qui
1321 2501 1411 2540 duci
1428 2514 1508 2540 non

398 2564 683 2611 obtemperant,
716 2564 757 2600 et
789 2563 978 2610 quatenus
1010 2561 1152 2599 debeat
1185 2561 1357 2599 obediri:
1394 2564 1436 2600 et
1465 2561 1507 2600 in

399 2623 541 2691 quibus
556 2622 750 2660 mandatis
765 2622 893 2659 locum
906 2621 1050 2659 habeat
1061 2620 1301 2659 examinatio
1314 2620 1508 2668 militaris,

399 2683 442 2720 in
459 2684 598 2731 quibus
613 2694 694 2720 non
735 2710 744 2719 .
844 2709 853 2718 .
1060 2710 1070 2719 .
1279 2709 1289 2718 .
1387 2709 1398 2719 .
1498 2710 1507 2720 .
1582 2694 1629 2731 29

269 2753 324 2791 13.
350 2742 474 2789 Quare
493 2743 650 2792 cingulo
667 2741 873 2790 priuentur
888 2741 1044 2786 milites,
1064 2743 1104 2779 et
1120 2741 1222 2788 quod
1239 2744 1511 2780 exauctoratus

400 2815 480 2841 non
497 2803 617 2841 habet
634 2802 792 2849 aliquod
809 2813 898 2839 cum
920 2801 1052 2850 gladio
1073 2801 1203 2839 teloue
1224 2802 1508 2848 commercium,

404 2867 444 2901 et
462 2874 580 2910 quare
596 2861 751 2911 gladius
767 2862 935 2900 insertus
951 2864 1009 2900 est
1027 2861 1070 2899 in
1088 2861 1245 2910 cingulo
1391 2890 1402 2901 .
1499 2889 1509 2898 .
1584 2872 1631 2909 34

1460 2923 1513 2966 iii
