1846 3262
175 212 276 246 car.
292 198 374 262 xv]
691 198 1133 246 POLICRATICVS
1676 197 1753 249 671
1771 198 1800 238 d

173 337 287 382 opus
312 325 382 366 oet
404 325 458 366 ut
480 325 728 366 seruentur.
788 322 1001 381 Exigitur
1029 336 1136 380 ergo
1165 324 1212 365 et
1239 320 1454 379 potentia.
1514 319 1659 363 Num-

173 393 285 451 quid
308 393 417 437 haec
441 394 595 451 gratis,
616 393 663 436 id
692 395 762 437 est
790 393 886 436 sine
915 393 1066 436 labore
1092 395 1139 435 et
1161 391 1473 444 sollicitudine,
1499 390 1657 448 adqui-

173 464 369 507 runtur'l
449 463 539 507 Sed
577 464 626 506 in
666 464 738 507 his
778 463 1033 520 contempni
1080 462 1244 505 durum
1284 461 1464 519 quidem
1504 464 1573 504 est
1613 463 1659 504 et
1674 460 1758 510 672
1777 470 1809 499 a

173 533 466 585 intolerabile,
501 548 553 577 eo
592 534 711 591 quod
745 548 871 576 amor
903 532 1122 576 commodi
1156 532 1340 576 innatus
1372 534 1440 575 est
1474 531 1659 584 homini,

134 623 157 659 ¹5
173 607 228 647 ut
267 604 405 647 etiam
445 604 524 661 qui
563 619 654 647 non
694 604 791 662 agit
830 606 884 646 ut
923 603 1067 646 bonus
1096 603 1168 654 sit,
1201 602 1342 646 bonus
1371 602 1517 645 uideri
1545 601 1659 645 uelit

171 676 222 717 et
259 674 310 717 in
348 674 631 718 estimatione
670 674 739 717 sui
784 673 975 716 aliorum
1022 687 1171 716 errare
1213 673 1410 726 iudicia3
1453 687 1560 715 nam
1604 674 1659 715 ut

87 735 91 738 ⁴
172 742 334 789 bonus'
355 745 428 796 sit,
461 760 553 788 non
592 744 811 788 commodi
850 743 1031 801 quidem
1071 743 1149 786 sed
1183 743 1292 786 iusti
1326 757 1453 786 amor
1486 743 1658 787 efficiet.

173 813 419 868 Quaeritur
438 829 544 873 ergo
564 813 818 858 reuerentia
832 813 1188 866 conuiuentium;
1219 813 1296 856 sed
1316 813 1425 858 haec
1445 813 1555 871 ipsa,
1570 813 1659 857 nisi

170 884 321 928 famae
359 885 572 929 beneficio
610 884 917 942 protendatur,
956 883 1119 926 leuiter
1155 883 1393 928 euanescit.
1472 884 1537 927 At
1580 884 1659 927 illa

110 970 158 998 ιο
173 968 288 1012 quae
316 954 506 1013 gloriam
534 954 656 1012 parit
686 957 732 996 et
761 956 985 1011 prorogat,
1009 967 1067 996 ex
1095 953 1252 996 multis
1280 953 1428 1012 surgit
1456 953 1659 997 articulis

171 1023 252 1067 sed
280 1025 476 1068 maxime
505 1039 533 1068 a
562 1024 787 1067 uirtutum
816 1022 1030 1067 exercitio
1059 1022 1340 1066 conualescit.
1400 1023 1532 1067 Patet
1552 1037 1659 1082 ergo

169 1107 308 1151 quam
341 1094 589 1138 laboriosus
622 1093 683 1137 sit
713 1093 934 1136 transitus
967 1092 1027 1136 ad
1061 1092 1389 1136 beatitudinem
1419 1107 1501 1150 per
1529 1093 1658 1137 uolu-

169 1165 332 1221 ptates,
363 1178 479 1222 quae
513 1162 804 1208 sufficientiae
836 1178 971 1207 causa
1000 1162 1186 1206 diuitias
1217 1166 1476 1220 congerunt,
1499 1166 1554 1206 ut
1579 1178 1657 1222 po·

168 1234 317 1277 tentia
370 1234 580 1278 nitantur
638 1233 959 1292 amplitudines
1012 1236 1249 1291 quaerunt,
1297 1233 1543 1291 dignitates
1598 1234 1658 1277 ad

107 1312 152 1363 '15
169 1304 469 1348 reuerentiam
509 1307 555 1348 et
594 1303 751 1363 fugam
790 1306 1085 1362 contemptus,
1120 1306 1167 1347 et
1204 1303 1506 1347 conciliandae
1545 1304 1657 1347 cele—

168 1373 351 1418 britatis
378 1374 529 1433 gratia
556 1374 791 1432 adspirant
819 1374 878 1417 ad
907 1373 1109 1432 gloriam.
1170 1373 1257 1417 His
1276 1376 1429 1417 tamen
1448 1374 1656 1418 omnibus
1672 1376 1703 1416 b

166 1458 260 1489 11011
286 1460 341 1489 ea
369 1445 479 1496 uita,
509 1459 645 1503 quam
676 1445 897 1502 Epicurus
926 1444 1151 1497 describit,
1180 1443 1437 1502 adquiritur
1466 1447 1512 1488 et
1542 1459 1657 1502 quae

167 1515 383 1560 tristitiae
402 1516 464 1559 sit
483 1518 530 1560 et
549 1516 691 1560 totius
710 1515 1063 1574 perturbationis
1082 1515 1265 1573 ignara3
1294 1518 1376 1558 aut
1402 1515 1522 1558 enim
1547 1516 1658 1560 haec

168 1586 219 1629 in
237 1601 380 1630 unum
398 1585 645 1644 quemlibet
662 1600 754 1629 non
773 1588 1047 1630 concurrunt
1065 1588 1147 1629 aut
1171 1600 1263 1629 non
1281 1584 1522 1629 conferunt
1546 1601 1658 1643 quos

111 1681 156 1707 ,ο
169 1656 439 1715 pollicentur
452 1657 659 1710 effectus;
688 1657 826 1700 immo
841 1660 888 1700 et
902 1657 1171 1715 saepissime,
1186 1659 1419 1714 tamquam
1435 1670 1458 1699 e
1475 1656 1657 1714 regione

166 1727 429 1779 consistant,
444 1727 756 1785 quaerentium
776 1727 896 1771 uotis
911 1727 1138 1771 contraria
1156 1730 1413 1785 operantur.
1455 1726 1505 1770 Si
1518 1727 1656 1771 michi

167 1812 260 1841 11011
287 1797 443 1849 credis,
472 1797 587 1841 liber
615 1797 672 1841 de
701 1796 1017 1842 Consolatione
1051 1797 1364 1855 Philosophiae
1393 1797 1657 1840 reuoluatur

167 1868 388 1912 attentius
419 1871 466 1912 et
498 1868 686 1926 planum
719 1868 808 1911 erit
839 1868 949 1912 haec
983 1868 1033 1910 in
1063 1867 1340 1912 contrarium
1369 1867 1535 1911 cedere.
1596 1867 1657 1911 Et

166 1937 274 1982 lieet
306 1938 421 1982 liber
453 1938 530 1981 ille
561 1938 760 1981 Verbum
794 1952 886 1982 non
915 1938 1141 1996 exprimat
1170 1938 1468 1989 incarnatum,
1501 1940 1655 1980 tamen

110 2034 153 2070 ²5
168 2008 291 2066 apud
322 2023 397 2052 eos
432 2008 511 2066 qui
544 2009 719 2052 ratione
749 2008 963 2052 nituntur
990 2023 1082 2051 non
1110 2008 1346 2052 mediocris
1384 2008 1655 2052 auctoritate

167 2082 249 2130 est,
278 2093 381 2123 011111
415 2079 475 2121 ad
507 2078 841 2136 reprimendum
881 2078 1130 2136 quamlibet
1168 2078 1451 2122 exulceratae
1489 2078 1655 2121 mentis

165 2148 365 2192 dolorem
394 2163 592 2206 congrua
620 2148 782 2206 cuique
810 2148 1136 2192 medicamenta
1168 2148 1388 2192 conficiat.
1446 2147 1542 2192 Nec
1578 2147 1654 2191 Iu-

166 2218 278 2262 deus
296 2219 478 2276 quidem
497 2233 579 2263 nec
598 2218 767 2262 Grecus
793 2219 878 2262 sub
896 2222 1137 2276 praetextu
1157 2219 1386 2277 religionis
1405 2219 1654 2263 medicinae

165 2289 359 2333 declinet
390 2303 537 2342 usum,
566 2303 668 2332 cum
699 2289 977 2346 sapientibus
1010 2290 1059 2332 in
1088 2290 1176 2333 fide
1206 2292 1253 2332 et
1280 2289 1330 2332 in
1358 2289 1547 2347 perfidia
1576 2289 1650 2333 de·
1668 2304 1695 2335 c

107 2383 150 2418 30
165 2358 434 2417 sipientibus
453 2359 516 2402 sic
535 2359 717 2402 uiuidae
736 2359 926 2402 rationis
945 2359 1165 2403 confectio
1184 2359 1427 2403 artificiosa
1445 2360 1653 2417 proficiat

166 2432 222 2473 ut
254 2429 382 2472 nulla
414 2429 573 2487 religio
604 2429 724 2487 quod
755 2429 913 2473 miscet
944 2429 1226 2472 abhominari
1256 2429 1433 2481 audeat,
1453 2430 1542 2473 nisi
1572 2430 1652 2487 qui

165 2499 355 2543 rationis
394 2514 554 2557 expers
592 2503 671 2543 est.
750 2498 859 2543 Sine
898 2499 1162 2543 difficultate
1200 2499 1454 2557 profundus
1492 2504 1561 2544 est
1601 2500 1651 2544 in

165 2569 414 2622 sententiis,
438 2570 486 2612 in
516 2569 667 2613 uerbis
695 2569 792 2613 sine
820 2569 1008 2613 leuitate
1037 2569 1312 2627 conspicuus,
1335 2573 1489 2614 orator
1516 2571 1649 2615 uehe-

165 2690 188 2726 3
214 2678 409 2717 contemni
423 2678 483 2716 CB
654 2689 700 2717 22
725 2678 1005 2728 phylosophiae
1023 2679 1065 2716 M
1243 2681 1291 2719 26
1315 2678 1526 2728 quemlibet
1543 2680 1649 2718 CRM

164 2738 210 2775 31
236 2727 452 2765 abominari
469 2727 500 2763 B

162 2799 681 2859 mis:
707 2835 742 2860 v.
759 2822 913 2860 Patron.
930 2824 1008 2861 Sat.
1026 2822 1046 2870 ξ
1069 2833 1150 2861 111.
1271 2834 1318 2871 32
1339 2826 1552 2872 proficuam
1576 2830 1651 2863 est·

163 2881 214 2907 sc.
231 2869 428 2916 Boethius,
445 2869 536 2907 libri
553 2872 597 2908 de
617 2872 868 2908 Consolatione
883 2873 1141 2919 Philosophiae
1154 2873 1299 2910 auctor.

1473 2965 1538 3001 ¹55
