1846 3262
81 218 168 269 648
188 228 215 260 c
565 215 830 262 IOANNIS
873 216 1395 262 SARESBERIENSIS
1515 217 1626 279 [ΜΒ.
1642 228 1716 262 vn

225 344 366 393 erant,
396 340 492 385 fere
526 341 582 385 de
611 340 819 385 omnibus
848 339 1069 383 dubitare.
1130 338 1363 397 Siquidem
1392 343 1495 398 post
1523 343 1715 384 mortem

177 415 207 456 d
226 411 427 455 Platonis
451 412 677 470 Eusippus
704 410 868 454 sororis
892 410 988 453 eius
1012 410 1134 453 filius
1159 412 1205 453 et
1229 410 1502 454 Xenocrates
1525 411 1716 455 dilectus

224 482 321 526 eius
341 483 586 540 discipulus
606 482 654 525 in
674 481 850 532 scolam,
870 495 985 538 quae
1005 480 1281 524 Achademia
1299 481 1560 532 uocabatur,
1571 481 1716 524 eidem

224 555 547 606 successerunt3
578 555 624 596 et
639 552 697 595 ob
712 552 795 595 hoc
811 551 898 609 ipsi
914 553 961 594 et
976 565 1249 595 successores
1266 565 1420 595 eorum
1427 551 1716 595 Achademici

224 623 511 681 appellantur
540 638 568 666 a
598 623 694 666 loco
724 622 842 666 sicut
867 621 1086 665 Platonici
1111 637 1140 665 a
1163 621 1395 680 magistro.
1457 621 1528 664 Ex
1552 621 1716 679 quibus
1733 636 1755 672 5

223 693 356 737 ualde
374 693 602 736 nobilitati
618 695 726 736 sunt
742 692 872 736 Greci
890 691 1106 743 Plotinus,
1123 691 1366 736 Iamblicus
1379 694 1426 736 et
1442 691 1716 750 Porphirius,

223 764 468 807 catholicae
499 763 720 814 ueritatis,
751 765 805 806 ut
836 762 1016 815 dicitur,
1046 762 1266 820 pessimus
1297 763 1599 822 impugnator.
1659 761 1717 805 In

222 838 415 892 utraque
436 849 544 878 uero
564 834 722 892 lingua
742 833 885 877 Greca
909 833 1078 877 scilicet
1105 835 1152 877 et
1172 833 1337 877 Latina
1365 833 1530 877 nobilis
1559 832 1718 877 extitit

220 905 440 962 Apuleius
452 905 587 956 Affer,
599 904 673 948 uir
688 919 880 962 magnus
895 903 1118 961 imprimis
1134 906 1180 947 et
1195 904 1274 961 qui
1287 906 1527 948 uenustate
1539 917 1716 947 morum

222 977 269 1018 et
298 975 476 1019 dicendi
507 975 635 1032 copia
662 974 940 1018 Socraticum
969 973 1143 1017 fontem
1168 977 1215 1018 et
1241 976 1488 1018 torrentem
1517 973 1715 1018 Platoni·
1735 985 1779 1011 το

221 1059 324 1089 011111
345 1045 477 1089 facile
498 1045 698 1089 redoleat
717 1045 791 1088 uel
811 1044 1012 1088 tenuiter
1031 1045 1237 1102 sapienti.
1297 1044 1372 1089 Ab
1392 1045 1463 1088 his
1482 1045 1716 1088 fluxerunt

223 1119 270 1159 et
289 1116 367 1159 alii
387 1115 521 1159 multi
542 1115 619 1173 qui
640 1114 911 1158 dubitabilia
930 1115 1152 1159 discutere
1179 1115 1242 1159 sic
1269 1118 1323 1159 ut
1350 1115 1465 1158 nulli
1491 1114 1716 1174 praeiudi-

65 1194 155 1244 649
176 1203 206 1233 a
223 1190 403 1230 caretur
431 1186 691 1229 maluerunt
720 1200 856 1243 quam
884 1200 998 1229 ausu
1028 1186 1268 1229 temerario
1294 1186 1499 1240 diffinire,
1519 1186 1716 1230 maxime

222 1271 325 1300 cum
365 1256 585 1300 occultam
625 1256 858 1299 crederent
896 1255 1137 1299 ueritatem
1176 1271 1331 1300 eorum
1370 1256 1427 1300 de
1467 1256 1632 1314 quibus
1665 1256 1715 1299 in

222 1329 462 1383 utramque
492 1329 667 1384 partem
697 1326 991 1383 probabiliter
1012 1326 1283 1383 disputatur.
1342 1326 1473 1371 Vnde
1500 1330 1546 1371 et
1565 1327 1712 1371 Acha-
1733 1340 1776 1376 15

223 1396 496 1440 demicorum
536 1395 851 1453 antiquissima
885 1396 1042 1453 regula
1076 1398 1146 1439 est
1174 1399 1228 1440 ut
1258 1396 1446 1455 quisque
1477 1397 1597 1455 quod
1626 1397 1714 1441 sibi

223 1467 417 1511 occurrit
446 1466 676 1524 probabile
706 1481 788 1510 suo
817 1467 915 1510 iure
946 1466 1170 1511 defendat.

223 1582 331 1642 Cap.
356 1593 392 1639 7.
433 1583 563 1637 Quod
603 1583 702 1627 alia
743 1598 909 1636 sensus,
941 1583 1042 1627 alia
1082 1584 1296 1636 rationis,
1330 1585 1431 1630 alia
1471 1585 1714 1643 reliyionis

341 1654 610 1698 auctoritate
628 1652 895 1710 probantur
901 1672 921 1705 ,·
952 1657 992 1698 et
1012 1655 1132 1712 quod
1140 1655 1257 1712 fides
1270 1655 1329 1699 in
1344 1656 1477 1700 omni
1495 1656 1711 1702 doctrina

340 1724 532 1781 aliquod
564 1723 721 1768 stabile
754 1724 956 1769 initium
991 1725 1214 1769 uendieat
1245 1727 1366 1783 quod
1385 1727 1582 1784 probari
1613 1743 1708 1772 non
1732 1745 1777 1770 20

339 1794 461 1838 debet
472 1811 492 1846 ,·
524 1799 563 1838 et
596 1795 717 1852 quod
753 1794 855 1839 alia
881 1810 968 1853 per
1007 1811 1049 1840 se
1087 1795 1367 1841 doctioribus
1405 1797 1712 1851 innotescunt,
1767 1850 1769 1853 ¹

340 1865 442 1908 alia
473 1865 671 1909 rudibus
681 1884 701 1917 ;
742 1871 782 1910 et
806 1870 1033 1923 quatenus
1059 1866 1380 1912 dubitamiwm
1401 1869 1461 1912 sit
1472 1887 1492 1920 ;
1521 1873 1561 1913 et
1591 1870 1714 1927 quod

339 1935 602 1992 pertinacia
617 1936 833 1980 ueritatis
844 1936 1200 1994 inquisitionem
1215 1926 1490 1995 plurimwni
1504 1939 1713 1998 impedit.

282 2027 401 2071 Sunt
430 2028 550 2072 enim
579 2029 798 2072 nonnulla
827 2044 942 2087 quae
971 2045 1128 2074 sensus
1157 2031 1346 2075 rationis
1372 2035 1454 2076 aut
1483 2033 1713 2091 religionis

221 2098 463 2156 persuadet
482 2099 738 2143 auctoritas.
799 2100 976 2144 Horum
997 2101 1223 2145 dubitatio
1246 2101 1526 2147 infirmitatis
1549 2105 1712 2149 erroris
1732 2120 1775 2156 ²5

223 2170 377 2211 notam
399 2169 536 2212 habet
550 2172 632 2213 aut
646 2170 857 2214 criminis.
918 2170 1143 2224 Quaerere
1163 2172 1283 2215 enim
1303 2187 1362 2215 an
1382 2173 1449 2217 sol
1468 2173 1714 2231 splendeat,

175 2245 206 2286 b
225 2237 375 2282 albeat
408 2239 502 2292 nix,
523 2239 642 2297 ignis
672 2241 826 2292 caleat,
848 2241 1043 2285 hominis
1073 2244 1143 2285 est
1172 2257 1306 2286 sensu
1330 2243 1588 2302 indigentis.
1649 2245 1715 2290 At

223 2323 332 2352 uero
371 2324 430 2352 an
470 2311 696 2354 ternarius
737 2311 913 2355 binario
944 2312 1088 2355 maior
1119 2312 1181 2356 sit
1215 2312 1451 2371 ipsumque
1487 2316 1635 2358 totum
1667 2318 1715 2360 et

222 2379 511 2423 medietatem
533 2380 628 2424 eius
659 2382 889 2425 contineat
913 2397 1126 2440 quaerere
1157 2386 1203 2427 et
1230 2399 1289 2426 an
1317 2385 1633 2441 quaternarius
1652 2386 1714 2431 sit

222 2448 388 2506 duplus
408 2450 594 2502 binario,
607 2450 839 2496 indiscreti
860 2456 928 2496 est
949 2456 994 2496 et
1014 2453 1087 2497 cui
1108 2456 1177 2497 est
1196 2454 1313 2498 ratio
1334 2454 1479 2498 otiosa
1491 2458 1574 2500 aut
1587 2456 1714 2502 deest
1732 2469 1777 2505 30

224 2568 243 2606 5
271 2560 493 2606 apellantur
509 2560 620 2617 (31383
647 2562 886 2617 uocabantur
902 2562 944 2599 M
1065 2572 1087 2610 7
1112 2565 1158 2600 ut
1174 2563 1319 2600 dicitur
1333 2563 1514 2602 ueritatis
1529 2565 1578 2602 A¹
1688 2578 1714 2616 9

222 2608 392 2702 {fleg-pffis
405 2656 439 2692 Α
514 2620 559 2647 10
582 2610 754 2647 discendi
771 2610 936 2647 CBASM
1086 2622 1142 2657 12,
1163 2622 1205 2658 13
1231 2611 1472 2650 iudicaretur
1489 2613 1545 2650 ΜἸ
1665 2626 1715 2663 3ο

275 2765 292 2792 1
319 2757 506 2803 Siquidem
521 2760 594 2795 etc.
615 2770 737 2805 usque
754 2758 803 2794 ad.
820 2760 944 2805 Affer:
971 2771 1004 2796 v.
1021 2758 1121 2806 Aug.
1137 2761 1181 2796 de
1206 2760 1247 2797 Ο.
1275 2761 1323 2796 D.
1342 2759 1419 2797 viii.
1439 2772 1494 2799 12.
1689 2773 1712 2800 2

223 2803 438 2850 Eusippus:
464 2807 693 2853 Speusippus
711 2806 807 2853 Aug.
972 2816 993 2852 7
1019 2809 1213 2844 catholicae
1229 2810 1408 2853 ueritatis,
1427 2815 1469 2845 ut
1484 2811 1631 2855 dicitur,
1647 2812 1714 2847 im·

217 2857 429 2897 puqnator:
454 2853 557 2890 haud
573 2865 620 2890 ex
636 2854 867 2901 Augustino.
1017 2866 1063 2892 10
1084 2857 1478 2903 Socraticumfontem:
1504 2859 1553 2895 cf.
1571 2857 1649 2896 Cic.
1667 2861 1713 2896 de

226 2900 327 2935 Orat.
345 2899 370 2935 1.
393 2911 437 2936 10
454 2901 471 2948 ᾗ
491 2912 538 2947 42
550 2904 853 2950 philosophorum
866 2914 989 2950 yreqes
1003 2905 1050 2940 ab
1065 2905 1130 2941 illo
1136 2906 1245 2950 sonte
1262 2909 1296 2941 et
1311 2907 1429 2952 capite
1444 2907 1601 2946 Socrate.

338 2981 400 3016 114
