1846 3262
85 186 167 236 658
188 198 219 228 a
564 185 829 230 IOANNIS
871 185 1395 231 SARESBERIENSIS
1527 186 1730 249 [LIB.V11
1766 224 1769 227 .

187 405 218 433 a
235 390 343 449 Cap.
363 404 429 435 10.
462 390 626 435 Omnes
645 391 901 448 smpturas
921 406 1004 435 esse
1023 390 1231 448 leyendas
1239 409 1257 440 ;
1287 396 1327 436 et
1347 392 1402 436 de
1423 392 1732 439 benedictione

351 477 467 519 quae
480 461 765 518 primiyenis
784 462 896 505 data
916 466 978 505 est-
997 466 1037 506 et
1045 462 1168 519 filiis
1188 461 1239 504 N
1235 477 1281 506 oe
1297 481 1315 513 ;
1347 467 1385 507 et
1406 464 1530 521 quod
1550 464 1732 509 ‘rationi

351 532 600 576 auctoritas
621 532 807 576 »nullius
826 533 1077 590 yentiliwm
1095 532 1396 590 praeiudicet.

292 636 458 680 Omnes
478 639 630 679 tamen
652 636 898 694 scripturas
918 636 1131 695 legendas
1161 652 1254 680 esse
1282 638 1513 695 probabile
1542 642 1622 691 est,
1642 640 1730 684 nisi

231 707 325 749 sint
345 707 609 764 reprobatae
631 707 846 758 lectionis,
867 722 970 750 cum
990 708 1142 750 omnia
1162 722 1253 751 non
1274 708 1407 752 modo
1428 724 1543 767 quae
1563 710 1732 768 scripta
1751 726 1771 762 5

232 777 309 820 sed
341 777 477 820 etiam
509 792 622 835 quae
654 777 777 821 facta
807 781 915 821 sunt
944 777 1003 821 ad
1033 777 1281 822 utilitatem
1312 779 1519 831 hominis,
1540 780 1646 825 licet
1667 781 1732 825 eis

231 847 449 890 abutatur
481 847 722 901 interdum,
756 848 970 891 instituta
1010 848 1263 892 credantur.
1335 849 1456 893 Nam
1496 853 1543 894 et
1581 851 1731 909 angeli

233 916 560 974 quodammodo
579 920 765 975 propter
785 918 995 969 animam,
1009 918 1205 961 mundus
1226 933 1464 976 corporeus
1485 921 1731 964 secundum

230 988 522 1031 assertionem
552 991 735 1046 patrum
766 988 824 1031 ad
854 988 1051 1046 corporis
1082 1004 1215 1032 usum
1246 989 1486 1034 institutus
1516 994 1596 1035 est.
1657 991 1731 1035 Ab

232 1059 364 1101 initio
404 1058 637 1101 benedixit
677 1059 800 1102 Deus
834 1059 1006 1102 homini
1040 1059 1215 1102 dicens:
1260 1058 1458 1104 Crescite
1494 1064 1541 1105 et
1575 1061 1728 1105 multi·
1751 1076 1792 1100 10

231 1128 461 1186 plicamini
489 1132 535 1172 et
562 1129 730 1187 replete
756 1132 925 1172 terram
950 1132 996 1172 et
1022 1130 1212 1173 subicite
1238 1145 1336 1174 eam
1366 1134 1412 1174 et
1434 1131 1729 1176 dominamini

231 1199 428 1256 piscibus
452 1199 590 1242 maris
618 1202 664 1243 et
698 1199 960 1243 uolatilibus
988 1199 1070 1244 celi
1098 1203 1143 1243 et
1170 1200 1394 1244 uniuersis
1421 1202 1730 1246 animantibus

185 1283 214 1320 b
234 1285 347 1327 quae
368 1273 609 1313 mouentur
628 1285 763 1328 super
783 1273 962 1314 terram.
1024 1271 1084 1314 Et
1111 1270 1308 1314 adiciens
1336 1286 1514 1315 omnem
1541 1273 1727 1316 herbam

232 1341 492 1384 afferentem
523 1355 673 1383 semen
710 1346 756 1384 et
787 1340 1001 1384 uniuersa
1036 1341 1160 1399 ligna
1193 1341 1240 1383 in
1286 1356 1371 1384 usu
1413 1356 1495 1385 suo
1538 1345 1658 1398 (nam
1699 1358 1727 1387 a
1798 1391 1800 1394 ,

231 1411 379 1454 carnis
400 1410 548 1454 edulio
567 1414 674 1454 ante
694 1411 918 1454 diluuium
939 1411 1185 1454 creduntur
1205 1411 1490 1470 abstinuisse)
1510 1414 1727 1458 concessit
1747 1428 1787 1464 15

232 1481 296 1524 eis
316 1480 364 1523 in
385 1481 545 1524 cibum.
608 1482 706 1525 Illis
726 1497 914 1539 quoque,
935 1497 1046 1539 quos
1066 1497 1093 1525 a
1113 1485 1237 1539 peste
1259 1482 1420 1525 diluuii
1442 1483 1577 1526 archa
1597 1498 1725 1541 prae-

230 1551 473 1609 figuratrix
509 1551 730 1595 Ecclesiae
765 1552 1048 1603 liberauerat,
1078 1552 1313 1595 benedixit
1344 1555 1390 1595 et
1425 1552 1570 1610 legem
1601 1553 1727 1597 dedit

231 1621 405 1664 dicens:
437 1620 634 1665 Crescite
674 1623 720 1665 et
758 1621 1123 1679 multiplicamini
1164 1624 1210 1664 et
1251 1621 1420 1679 replete
1455 1625 1647 1676 terram3
1679 1627 1726 1667 et

229 1693 376 1734 terror
405 1693 556 1734 uester
590 1705 641 1735 ac
677 1694 846 1734 tremor
875 1691 935 1734 sit
971 1706 1106 1749 super
1139 1694 1301 1735 cuncta
1332 1692 1547 1736 animalia
1576 1695 1723 1736 terrae

230 1764 276 1804 et
296 1776 431 1818 super
450 1776 603 1804 omnes
622 1761 826 1805 uolucres
856 1761 938 1805 celi
965 1777 1067 1805 cum
1094 1762 1318 1806 uniuersis
1346 1778 1460 1820 quae
1484 1766 1725 1807 mouentur
1744 1781 1788 1805 πο

230 1832 278 1874 in
300 1835 444 1885 terra3
475 1847 628 1875 omnes
648 1832 790 1890 pisces
810 1832 948 1875 maris
972 1833 1127 1875 manui
1148 1836 1326 1876 uestrae
1352 1833 1510 1877 traditi
1538 1837 1656 1886 sunt,
1678 1837 1724 1878 et

230 1917 361 1945 omne
397 1902 515 1959 quod
552 1906 761 1946 mouetur
797 1905 843 1946 et
878 1903 999 1947 uiuit
1029 1904 1116 1947 erit
1147 1904 1276 1947 uobis
1307 1903 1355 1946 in
1386 1904 1559 1957 cibum;
1596 1905 1724 1962 quasi

231 1973 353 2015 olera
378 1973 575 2016 uirentia
607 1973 773 2017 tradidi
808 1974 938 2017 uobis
970 1974 1132 2025 omnia,
1169 1977 1356 2032 excepto
1391 1974 1512 2032 quod
1544 1990 1723 2019 carnem

231 2058 333 2086 cum
373 2043 591 2101 sanguine
631 2059 722 2087 non
762 2044 1015 2089 comedetis.
1077 2044 1187 2088 Ecce
1228 2045 1335 2102 quia
1373 2045 1636 2103 primigenis
1677 2048 1724 2090 et

189 2128 214 2157 c
232 2113 337 2157 filiis
378 2113 476 2156 Noe
516 2114 671 2157 eadem
710 2115 1032 2158 benedictionis
1071 2115 1233 2158 collata
1268 2118 1337 2158 est
1375 2115 1536 2173 gratia,
1566 2116 1721 2161 eadem
1741 2135 1785 2170 ²5

231 2183 476 2226 auctoritas
512 2184 760 2242 dignitatis,
791 2184 945 2227 eadem
979 2188 1024 2227 et
1054 2185 1254 2228 ciborum
1286 2184 1381 2228 fere
1413 2200 1619 2229 concessa
1653 2189 1722 2230 est

231 2254 525 2312 indulgentia.
585 2254 893 2312 Augmentum
914 2270 1107 2312 namque
1135 2258 1180 2298 et
1207 2254 1522 2312 multiplicatio
1548 2256 1724 2314 gratiae

231 2324 543 2368 dilatationem
595 2325 832 2382 exprimit3
886 2325 1135 2369 dominium
1184 2328 1330 2368 terrae
1381 2328 1427 2368 et
1477 2325 1722 2371 bestiarum

232 2451 277 2486 23
301 2440 436 2478 holera
453 2440 493 2476 M

281 2543 298 2581 5
327 2536 453 2571 omnia
478 2536 574 2572 etc.:
611 2534 661 2571 cf.
688 2534 795 2570 Rom.
822 2545 881 2570 xv.
911 2545 945 2579 4.
1140 2535 1174 2578 8,
1205 2544 1227 2579 9
1259 2536 1458 2571 secundum
1488 2539 1722 2574 assertionem

223 2588 400 2630 patrum:
428 2582 508 2627 Quo
526 2582 705 2629 respiciat
723 2582 883 2619 Ioannes
900 2584 1041 2628 noster,
1059 2581 1184 2618 adhuc
1202 2582 1339 2618 nescio.
1468 2594 1512 2620 10
1538 2586 1723 2622 benedixit

231 2633 328 2667 etc..
355 2643 386 2667 v.
407 2630 502 2668 Gen.
520 2630 543 2666 i.
562 2633 619 2673 28,
638 2641 695 2676 29.
894 2641 948 2675 14,
971 2640 1011 2676 15
1031 2643 1055 2666 a
1079 2632 1204 2666 carnis
1230 2632 1350 2667 edulio
1378 2632 1474 2667 etc.:
1501 2644 1533 2668 v.
1561 2632 1718 2671 Hieron.

231 2681 313 2714 adv.
338 2681 452 2715 Iovin.
478 2678 505 2714 i.
528 2680 570 2715 18
590 2678 689 2726 (Mig
690 2690 740 2734 ne
764 2680 805 2714 P.
822 2679 865 2714 L.
891 2677 996 2714 xxiii.
1024 2678 1121 2724 237).
1273 2680 1325 2720 16,
1362 2688 1402 2723 17
1422 2683 1721 2726 praefiquratrix

230 2728 432 2762 Ecclesiae.
459 2725 520 2762 Sic
554 2737 568 2762 1
598 2691 689 2763 Petg
697 2725 753 2763 iii.
771 2737 818 2762 20
838 2725 962 2763 secuti
987 2725 1127 2772 passim
1152 2737 1283 2762 arcam
1308 2726 1388 2763 Noe
1413 2727 1722 2781 interpretantur

230 2776 380 2820 patres;
412 2786 444 2811 e.
458 2787 494 2820 g.
520 2773 676 2811 Hieron.
704 2777 785 2810 adv.
811 2775 927 2810 Iovin.
944 2773 969 2811 i.
992 2783 1032 2818 17
1058 2774 1204 2821 (Migne
1234 2775 1275 2810 P.
1295 2776 1337 2810 L.
1358 2774 1465 2812 xnii.
1486 2777 1593 2823 236);
1617 2776 1717 2823 Aug.

231 2827 357 2858 contra
389 2823 517 2859 Faust.
552 2822 617 2858 xii.
639 2833 700 2876 14
729 2834 833 2869 seqq.
864 2822 1011 2870 (Migne
1044 2823 1085 2858 P.
1101 2823 1146 2858 L.
1179 2821 1261 2858 xlii.
1297 2824 1366 2868 264
1394 2827 1526 2871 seqq..)
1675 2825 1718 2862 18

233 2871 386 2906 Crescite
402 2872 498 2907 etc.:
525 2869 619 2907 Gen.
637 2869 688 2907 ix.
707 2881 787 2916 1—4.

344 2951 410 2984 ¹30
