1846 3262
137 235 239 270 en.
254 222 390 286 xm]
664 224 1112 271 POLICRATICVS
1653 231 1739 279 624
1758 231 1788 270 υ

137 347 217 406 qui
245 362 296 391 os
324 362 475 391 meum
502 347 552 391 in
582 347 727 393 celum
756 349 996 406 posuerim,
1015 363 1192 392 crucem
1221 348 1379 392 uidear
1407 349 1636 393 memisse.

137 417 474 470 Verumtamen,
486 418 594 476 quia
606 418 755 462 Guido
771 419 895 463 Dens
907 423 1089 463 sanctae
1106 419 1400 463 Potentianae
1414 420 1638 478 presbiter

138 489 382 534 cardinalis
420 489 588 547 populo
627 490 938 533 testimonium
972 490 1193 548 perhibet,
1233 490 1274 534 ei
1314 505 1636 548 usquequaque

139 559 445 604 contradicere
485 575 577 604 non
616 575 865 618 praesumo.
946 560 1123 604 Asserit
1163 561 1284 604 enim
1333 561 1383 604 in
1433 561 1638 605 Romana

102 649 125 685 ς
141 629 326 674 ecclesia
354 631 583 688 quandam
613 630 925 688 dupplicitatis
956 645 1051 674 esse
1080 631 1277 675 radicem
1307 634 1354 675 et
1384 630 1639 674 fomentum

140 701 363 745 auaritiae
412 716 528 759 quae
576 705 715 759 caput
763 704 810 745 et
859 702 993 745 radix
1042 705 1112 745 est
1161 702 1383 746 malorum
1423 703 1640 748 omnium.
1683 742 1687 746 ,

141 770 303 829 Neque
336 771 385 815 id
420 772 602 830 quidem
634 772 683 814 in
722 772 891 831 angulo
922 772 1001 815 sed
1040 773 1378 817 considentibus
1418 773 1641 818 fratribus

141 845 299 886 sancto
329 842 533 901 Eugenio
562 843 858 901 praesidente,
879 843 1060 900 quando
1087 843 1306 887 aduersus
1335 844 1640 888 innocentiam

142 926 289 956 meam
310 912 544 956 Ferentini
563 912 708 970 gratis
729 912 1047 964 excanduerat,
1059 914 1144 957 hoc
1163 914 1342 971 publice
1362 918 1641 972 protestatus
1657 930 1684 960 c

82 999 127 1026 ιο
143 985 224 1027 est.
284 983 437 1026 Vnum
456 985 611 1026 tamen
630 982 846 1026 audacter
865 983 1139 1027 conscientia
1158 987 1275 1028 teste
1298 986 1514 1043 profiteor
1534 985 1642 1043 quia

143 1068 367 1111 nusquam
387 1053 666 1097 honestiores
685 1053 868 1097 clericos
888 1054 986 1096 uidi
1007 1069 1141 1111 quam
1163 1055 1213 1098 in
1233 1056 1418 1099 ecclesia
1438 1057 1643 1100 Romana

142 1125 227 1167 aut
274 1123 354 1181 qui
402 1124 548 1182 magis
596 1124 839 1167 auaritiam
889 1124 1184 1168 detestentur.
1260 1125 1373 1178 Quis
1422 1127 1643 1170 Bernardi

143 1193 421 1238 Redonensis
435 1197 694 1238 sanctorum
710 1193 898 1239 Cosmae
914 1198 960 1238 et
979 1195 1193 1239 Damiani
1209 1196 1385 1240 diaconi
1401 1198 1643 1241 cardinalis

142 1265 481 1316 continentiam,
529 1268 927 1324 contemptumque
987 1267 1214 1324 pecuniae,
1262 1282 1355 1311 non
1412 1268 1643 1312 miretur?

83 1348 128 1386 15
145 1334 361 1378 Nondum
391 1339 528 1379 natus
558 1339 628 1380 est
657 1351 686 1380 a
715 1350 805 1394 quo
835 1352 1001 1380 munus
1031 1338 1264 1396 acceperit.
1326 1338 1459 1392 Quod
1489 1343 1643 1382 tamen

142 1408 588 1477 W
640 1432 665 1468 6
688 1433 747 1469 est
762 1431 875 1469 radix
890 1430 923 1467 B
1021 1430 1198 1468 omnium
1213 1431 1406 1469 malorum
1424 1431 1467 1468 M

197 1529 214 1556 1
241 1532 282 1557 os
297 1532 417 1556 meum
433 1522 509 1557 etc.
524 1531 534 1556 ε
560 1532 593 1556 v.
610 1520 670 1557 Ps.
689 1519 797 1556 lxxii.
814 1531 849 1567 9.
1083 1530 1105 1556 2
1135 1521 1258 1557 Guido
1275 1522 1377 1557 Dens
1393 1522 1467 1559 etc.
1483 1535 1492 1558 :
1517 1521 1643 1558 Guido

146 1566 241 1605 cibo
270 1568 348 1606 sive
376 1568 492 1613 Dens,
522 1568 750 1614 Genuensis‚
783 1567 818 1605 S.
855 1567 1115 1606 Potentianae
1149 1580 1214 1605 seu
1249 1569 1517 1607 Pudentianas
1546 1570 1643 1606 alias

146 1616 316 1654 Pastoris
343 1617 472 1654 dictae
501 1616 687 1655 ecclesiae
716 1617 842 1664 presb.
866 1616 1076 1653 cardinalis
1104 1620 1302 1664 promotus
1325 1620 1383 1654 est
1407 1630 1432 1654 a
1456 1618 1575 1655 Lucio
1605 1618 1645 1654 11

147 1676 181 1702 a.
203 1675 305 1711 1144,
324 1668 498 1702 mortuus
515 1669 574 1703 est
591 1678 625 1702 a..
647 1675 738 1713 1159
756 1666 803 1712 (v.
821 1665 868 1702 de
886 1665 971 1702 Mas
987 1664 1116 1702 Latrie
1138 1667 1237 1702 Tre's.
1254 1668 1299 1702 de
1318 1667 1505 1714 Chromp.
1523 1668 1642 1713 1186).

90 1718 96 1725 “
147 1712 272 1750 Bullis
288 1712 455 1760 Eugenii
474 1714 532 1750 III
550 1713 776 1761 subscripsit
793 1725 827 1750 a.
848 1723 866 1760 5
885 1714 979 1760 Apr.
1001 1723 1090 1760 1145
1109 1714 1158 1750 ad
1180 1725 1225 1750 10
1247 1714 1337 1761 Apr.
1361 1725 1450 1761 1153
1470 1714 1584 1757 (Jaffe
1601 1714 1644 1752 ii.

145 1773 184 1809 p.
203 1763 279 1809 20).
329 1761 435 1799 Inter
449 1762 695 1810 presbyteros
711 1761 926 1799 cardinales
941 1761 1009 1808 qui
1021 1774 1109 1799 cum
1123 1760 1299 1810 Eugenio
1314 1763 1371 1798 III
1385 1763 1435 1799 ad
1451 1763 1646 1801 'Pteverim

146 1821 181 1847 a.
204 1820 295 1856 1147
311 1813 512 1854 venerunt,
526 1822 551 1847 a
567 1810 769 1847 Balderico
791 1811 884 1846 Gest.
902 1811 1096 1847 Albemnis
1119 1813 1398 1858 Archiepiscopi
1422 1813 1647 1848 Trevireneis

148 1870 181 1896 c.
198 1869 245 1905 23
261 1858 388 1904 (Pertz
407 1861 459 1895 M.
480 1861 525 1896 G.
540 1861 603 1903 H„
617 1861 695 1903 SS.,
707 1859 784 1895 viii.
803 1871 841 1906 p.
857 1868 901 1905 25
907 1869 925 1906 5
943 1872 952 1904 ;
972 1859 1189 1896 Watterich
1206 1859 1249 1896 ii.
1267 1872 1306 1906 p.
1320 1862 1407 1905 301)
1419 1860 1647 1897 nominatur

147 1909 324 1953 maqister
348 1909 570 1953 Guidodens,
594 1910 661 1944 uir
685 1909 795 1943 ualde
828 1909 1019 1950 litteratus,
1049 1909 1168 1953 leyum
1197 1913 1231 1944 et
1258 1910 1357 1944 iuris
1381 1910 1537 1955 peritus.
1589 1908 1646 1946 De

149 1955 284 1993 codem
295 1958 429 1992 narrat
442 1955 542 1992 Boso
558 1956 600 1992 in
617 1957 702 1992 Vita
718 1957 913 1992 Hadriani
929 1957 993 1991 IV
1003 1967 1123 2002 supra
1132 1955 1256 1992 citata
1268 1956 1502 2002 (Watterich
1513 1956 1557 1992 ii.
1576 1969 1644 2003 pp.

148 2012 231 2049 324,
249 2013 342 2050 3253
367 2003 567 2041 Duchesne
586 2004 627 2041 ii.
644 2006 727 2051 389,
745 2003 831 2050 390)
850 2015 949 2050 quae
962 2006 1199 2050 sequuntur:
1224 2006 1473 2041 Venerabilem
1489 2017 1648 2052 namque

147 2053 278 2088 uirum
302 2054 519 2098 magistrum
544 2055 595 2089 D.
616 2054 860 2099 presbiterum
888 2054 1116 2088 cardinalem
1142 2054 1246 2088 tituli
1270 2059 1393 2089 sancte
1417 2055 1649 2089 Pudentiane

149 2101 201 2136 ad
224 2103 448 2147 presentiam
477 2103 595 2148 ipsius
626 2103 792 2146 eundem,
818 2102 970 2148 quidam
996 2113 1042 2136 ex
1070 2103 1163 2147 ipsis
1194 2102 1361 2138 hereticis
1389 2103 1455 2144 (sc.
1486 2101 1648 2137 Arnoldi

150 2147 362 2185 Brixiensis
387 2149 656 2195 sectatoribus)
683 2161 779 2186 ausu
803 2151 950 2196 nefario
979 2151 1021 2185 in
1048 2152 1116 2185 uia
1139 2151 1254 2186 Sacra
1283 2151 1461 2186 inuadere
1483 2161 1649 2196 presum-

143 2202 304 2244 pserunt
328 2203 367 2233 at
394 2200 445 2234 ad
469 2199 662 2234 interitum
686 2199 936 2234 uulnerat-unt
953 2197 1011 2244 (in
1032 2197 1107 2234 hoc
1127 2197 1213 2234 loco
1230 2209 1300 2244 pro
1320 2200 1369 2235 D.
1391 2197 1455 2234 uel
1475 2199 1525 2240 0.,
1545 2198 1648 2243 quod

150 2245 308 2282 exhibet
321 2245 456 2291 codex,
473 2247 517 2282 G.
538 2246 704 2283 coniecit
713 2258 746 2281 v.
760 2245 807 2282 cl.
826 2246 865 2282 L.
883 2245 1104 2291 Duchesne;
1131 2246 1292 2282 fortasse
1306 2247 1344 2282 D
1360 2245 1534 2289 retineri,
1547 2247 1650 2282 Dens

108 2300 110 2303 '
151 2295 283 2330 autem
293 2293 534 2349 subintelligi
546 2294 689 2341 debet).
718 2293 806 2330 Non
816 2295 949 2331 tamen
959 2294 1214 2340 hoctempore
1225 2296 1387 2331 mortem
1398 2293 1497 2330 obiit
1504 2292 1648 2336 Guido;

150 2341 327 2389 paullum
356 2342 460 2379 enim
493 2342 597 2379 infra
630 2341 760 2389 pergit
793 2341 914 2378 Boso:
950 2343 1096 2378 Interea
1122 2343 1341 2378 Frederieus
1369 2343 1649 2378 Teutonicorum

150 2402 219 2426 rex
235 2417 246 2427 .
261 2417 272 2427 .
289 2418 299 2427 .
316 2392 481 2427 celeriter
487 2392 710 2437 properabat
726 2392 777 2426 ad
794 2391 923 2426 Vrbem
939 2391 980 2425 in
995 2396 1099 2426 tanta
1106 2392 1334 2435 festinantia
1350 2396 1391 2425 ut
1406 2392 1534 2426 merito
1551 2391 1652 2426 credi

145 2440 265 2485 pmii
276 2440 394 2484 maqis
405 2440 519 2475 hostis
533 2440 697 2475 accedere
713 2450 823 2484 quam
834 2443 1028 2484 patronus.
1060 2439 1141 2474 Hoc
1156 2439 1275 2482 igitur
1282 2441 1434 2483 coquito,
1455 2440 1649 2475 Adrianus

146 2487 978 2571 Tsssszffmffidfflffioifflsyfflffi
1001 2487 1250 2570 miazi
1270 2491 1519 2570 gam&
1502 2486 1651 2570 ⁰223

150 2583 371 2630 presbiteros
395 2588 501 2629 atque
529 2583 573 2618 G.
600 2584 796 2618 diaconum
819 2587 941 2618 sancte
965 2583 1088 2617 Marie
1111 2584 1154 2618 in
1173 2584 1321 2628 porticu
1344 2583 1553 2618 cardinales
1576 2585 1650 2619 etc.

154 2642 180 2676 4
203 2632 347 2666 Asserit
361 2633 434 2667 etc.
452 2641 461 2666 ε
488 2630 636 2667 notavit
650 2630 839 2666 Parkerus
854 2629 896 2665 in
913 2629 952 2665 G.
967 2641 1089 2676 marg.
1221 2631 1246 2666 6
1270 2632 1384 2665 radia·
1400 2635 1451 2665 est
1466 2631 1651 2666 malorum

154 2681 322 2715 omnium
337 2689 347 2714 :
373 2691 408 2716 v.
430 2689 445 2715 1
466 2678 564 2715 Tim.
575 2678 624 2715 vi.
639 2689 693 2715 10.
831 2688 855 2724 9
870 2678 1081 2713 Ferentini:
1099 2676 1167 2713 ubi
1178 2677 1371 2715 residebat
1384 2677 1580 2723 Eugenius
1590 2678 1649 2714 111

155 2739 180 2765 a
209 2738 255 2773 23
282 2725 376 2763 Nov.
404 2738 439 2763 a.
473 2736 567 2774 1150
590 2737 709 2773 usque
736 2726 786 2762 ad
811 2736 857 2762 22
883 2725 968 2762 Iun.
998 2734 1116 2772 1151;
1144 2737 1178 2762 v.
1204 2726 1305 2762 Jaffe
1330 2727 1416 2772 Bey.
1441 2727 1581 2772 Pontis.
1608 2726 1650 2763 ιι.

155 2777 206 2822 69
227 2787 352 2822 seqq.;
379 2775 427 2812 cf.
453 2775 553 2812 Hist.
576 2776 715 2821 Pontis.
741 2785 773 2810 c.
796 2783 840 2821 35
862 2785 967 2819 seqq.
1000 2772 1126 2818 (Pertz
1153 2774 1205 2809 M.
1239 2775 1285 2811 G.
1310 2775 1375 2820 H„
1402 2775 1478 2817 SS.,
1496 2786 1558 2810 Π.
1584 2787 1650 2822 pp.

155 2823 367 2919 {33:333ss
380 2820 1652 2918 ³33⁹4¹ib23”³³1⁰ssiffifflffmmffimffl-Fssffiffssffiffi

364 2899 373 2908 ·
439 2899 448 2915 9
516 2898 526 2915 ν
594 2899 604 2908 ·
766 2898 777 2917 ²
1288 2897 1298 2906 ·
1508 2899 1518 2908 ·

156 2932 192 2958 v.
215 2930 257 2968 15
277 2923 362 2968 (577
377 2926 431 2967 0)-

1495 2990 1542 3036 ⁶9
