1846 3262
102 230 180 272 7⁵5
197 218 227 272 d

92 1137 175 1190 756
195 1147 226 1179 a

191 2133 223 2176 b

188 2244 200 2284 1

571 217 834 264 IOANNIS
874 217 1393 263 SARESBERIENSIS
1493 217 1607 281 [ΜΒ.
1622 227 1716 262 vl11

241 341 361 384 inter
394 343 621 384 matronas
655 340 811 392 decus;
845 349 926 397 per
959 339 1060 383 illas
1093 339 1318 383 Fortunae
1350 338 1558 383 muliebri
1591 353 1718 383 sacra

241 411 338 454 fieri
351 411 532 454 solitum
548 424 558 463 ;
578 410 752 453 nullum
765 409 1035 453 sacerdotem
1049 409 1290 467 digamum,
1305 409 1478 452 nullum
1492 409 1719 452 flaminem

241 480 524 533 bimaritum3
554 479 857 537 ierophantias
889 493 1064 537 quoque
1091 479 1436 523 Atheniensium
1465 478 1716 523 diutissime

240 551 411 595 cicutae
442 549 685 593 sorbitione
724 549 911 593 castrari
951 551 1007 600 et,
1041 551 1279 606 postquam
1317 549 1367 591 in
1405 548 1718 606 pontificatum

241 619 413 663 fuerint
442 619 603 671 allecti,
623 619 745 663 uiros
776 634 870 663 esse
900 612 1132 679 desinere3'
1170 610 1227 662 In
1257 618 1523 662 immensum
1552 618 1719 676 pagina
1736 632 1757 667 5

239 689 542 747 protendetur,
563 689 602 733 si
638 705 691 733 ea
724 689 1031 747 perstrinxero
1053 703 1166 746 quae
1196 688 1245 731 in
1275 688 1359 733 hac
1388 691 1517 746 parte
1546 688 1719 746 tragici,

240 763 450 811 oratores,
469 760 636 813 comici,
663 759 844 811 satirici,
870 761 1028 817 poetae
1058 760 1128 815 (ut
1154 758 1210 802 de
1238 758 1527 816 philosophis,
1547 758 1720 812 ethicis,

240 832 287 873 et
318 829 536 887 theologis
569 831 758 888 taceam)
790 829 1096 887 prodiderunt.
1156 828 1247 872 Sed
1275 833 1427 872 tamen
1456 843 1537 872 nec
1566 842 1719 872 omnes

237 899 348 943 istos
369 900 563 943 arbitror
582 900 804 944 suffecisse
824 899 882 943 ad
902 900 1017 943 hanc
1032 914 1122 943 non
1138 898 1236 943 dico
1248 899 1468 943 malitiam
1483 899 1718 943 delendam

238 973 320 1013 aut
339 970 667 1027 reprimendam
687 970 764 1013 sed
784 984 865 1014 nec
884 969 943 1013 ad
970 969 1291 1027 exponendam.
1350 969 1401 1013 Si
1421 968 1577 1013 dixero
1597 969 1718 1027 quod
1741 987 1781 1013 10

240 1041 373 1084 multi
393 1043 500 1084 sunt
519 1040 694 1098 experti
714 1040 820 1098 quia

356 1148 438 1177 nec
467 1133 624 1176 melior
651 1131 839 1191 pedibus
869 1132 1037 1176 silicem
1067 1144 1181 1190 quae
1210 1133 1410 1178 concutit
1439 1135 1590 1177 atrum

357 1206 492 1250 quam
523 1206 636 1249 quae
666 1206 897 1236 seruorum
926 1191 1110 1235 uehitur
1140 1192 1311 1236 ceruice
1341 1192 1557 1244 Sirorum‚

239 1283 323 1329 hoc
349 1284 398 1327 in
421 1282 633 1327 iniuriam
660 1283 898 1327 mulierum
924 1283 1095 1328 dictum
1124 1282 1299 1328 malitia
1328 1283 1719 1342 calumpniabitur.

239 1353 392 1398 Nichil
427 1353 547 1397 enim
578 1348 750 1405 melius,
781 1353 920 1397 nichil
953 1351 1111 1397 utilius
1143 1352 1329 1398 muliere
1368 1354 1543 1412 pudica,
1577 1355 1717 1399 nichil
1738 1373 1780 1408 15

239 1439 393 1468 eorum
419 1438 532 1481 quae
555 1426 743 1481 possunt
770 1420 1014 1481 excogitari
1041 1423 1275 1468 iocundius
1295 1424 1365 1468 his
1391 1424 1469 1482 qui
1488 1425 1716 1469 continere

236 1509 327 1538 non
357 1496 545 1551 possunt
574 1492 656 1536 aut
675 1492 863 1546 nolunt3
893 1493 969 1536 sed
990 1490 1252 1551 desipientis
1272 1496 1340 1537 est
1361 1494 1418 1537 ab
1438 1490 1509 1538 his
1534 1494 1714 1538 laudem

239 1578 429 1622 sperare,
449 1577 563 1621 quae
597 1561 777 1606 ueniam
809 1562 973 1607 rectius
1007 1566 1239 1607 merentur
1272 1578 1407 1621 quam
1440 1563 1642 1622 gloriam,
1676 1564 1716 1609 si

239 1636 392 1677 tamen
411 1632 729 1676 moderationis
748 1632 864 1677 bono
884 1630 1056 1677 fuerint
1074 1634 1334 1691 temperata.
1393 1632 1606 1691 Alioquin
1626 1649 1718 1678 non

239 1703 373 1747 uenia
400 1703 478 1746 sed
497 1717 623 1760 pena,
643 1702 722 1746 sed
741 1701 988 1761 ignominia
1007 1703 1241 1761 utriusque
1267 1699 1467 1747 libidinis
1493 1704 1714 1748 maculam
1735 1722 1780 1748 20

238 1776 533 1833 prosequetur
549 1787 559 1826 3
589 1772 678 1816 nisi
698 1772 816 1816 forte
837 1772 1022 1818 decorus
1041 1768 1273 1817 habendus
1293 1772 1354 1817 sit
1374 1773 1451 1831 qui
1471 1770 1521 1817 in
1539 1773 1716 1818 hircum

240 1843 588 1891 transformetur
606 1845 688 1886 aut
707 1856 843 1888 suem.

238 1986 347 2046 Cap.
373 2002 440 2034 12.
500 1988 632 2043 Quod
662 1987 810 2034 brutis
836 1993 875 2033 et
905 1985 1251 2034 insensibilibus
1276 1989 1473 2047 quidam
1491 1994 1718 2048 appetunt

357 2058 639 2117 conformari
652 2077 672 2110 ;
702 2062 742 2103 et
762 2063 939 2117 quanta
958 2055 1249 2104 humanitate
1263 2070 1369 2104 cum
1388 2060 1534 2104 seruis
1547 2059 1717 2105 uiuen-

357 2129 473 2173 dum
493 2129 550 2174 sit
562 2148 581 2181 ;
611 2132 651 2174 et
669 2129 724 2174 de
743 2129 892 2174 trium
911 2129 1201 2188 reliquorum
1227 2144 1447 2174 sensnwm
1466 2129 1715 2189 uoluptate.
1735 2147 1779 2184 ²5

298 2221 426 2265 Nulli
460 2222 617 2279 utique
651 2222 950 2266 animantium
981 2223 1135 2281 generi
1174 2223 1340 2268 rectius
1378 2223 1719 2269 conformantur

239 2292 317 2350 qui
349 2306 573 2336 summum
601 2292 768 2336 bonum
795 2292 918 2336 uitae
944 2293 992 2335 in
1021 2293 1234 2351 gustandi
1268 2296 1315 2337 et
1343 2294 1559 2352 tangendi
1590 2295 1718 2339 uolu-

239 2364 378 2421 ptate,
398 2376 455 2405 ne
475 2361 620 2406 dicam
640 2362 832 2414 luxuria,
852 2365 1110 2420 posuerunt.
1174 2362 1385 2407 Ceterum
1414 2364 1498 2408 hoc
1526 2363 1718 2408 aliorum

240 2447 451 2476 sensuum
471 2431 698 2475 luxuriam
717 2446 808 2476 non
828 2435 1024 2486 excusat,
1035 2446 1137 2477 cum
1156 2432 1398 2477 manifesta
1416 2433 1477 2477 sit
1496 2434 1718 2478 humanae

241 2502 477 2561 dignitatis
496 2502 685 2546 abiectio
705 2502 744 2546 si
770 2517 860 2546 non
880 2502 1004 2547 hirco
1023 2502 1104 2546 aut
1123 2500 1205 2555 sui,
1225 2502 1303 2547 sed
1321 2502 1439 2547 leoni
1459 2506 1540 2548 aut
1563 2504 1718 2562 pardo,
1736 2520 1780 2555 30

241 2632 264 2660 2
287 2620 485 2669 bigamum
503 2620 574 2658 CM
693 2631 738 2667 14
762 2617 1061 2659 calumniabitur
1077 2620 1139 2659 CB
1259 2632 1303 2661 21
1329 2621 1492 2670 hyrcum
1508 2621 1550 2660 M
1667 2633 1717 2664 22

239 2670 540 2707 transformatur
555 2667 640 2705 S²M

286 2790 307 2825 3
331 2781 605 2834 ierophantias:
630 2778 656 2816 i.
672 2790 705 2818 e
722 2780 992 2826 hierophantas.
1211 2789 1254 2817 12
1279 2792 1344 2817 nec
1365 2781 1494 2818 melior
1507 2780 1606 2818 etm:
1633 2778 1715 2818 Iuv.

236 2828 312 2864 Sat.
328 2826 377 2863 vi.
394 2838 475 2882 350,
496 2836 577 2874 351.
736 2838 778 2875 13
801 2839 1014 2865 seruorum:
1039 2827 1229 2873 lonqomm
1245 2827 1326 2865 Iuv.
1485 2828 1531 2864 26
1554 2828 1711 2868 maius·

237 2885 288 2914 δα.
305 2886 420 2921 quam
437 2873 543 2913 hirco
559 2876 628 2914 aut
644 2873 716 2915 sui.
859 2885 907 2923 29
930 2876 1128 2922 manifesta
1143 2877 1192 2913 sit
1209 2877 1305 2914 eta:
1330 2887 1361 2913 v·
1379 2874 1482 2912 infra
1498 2875 1579 2923 (761
1593 2874 1649 2922 Β).

347 2946 418 2988 306
