<?xml version="1.0" encoding="UTF-8"?>
<!DOCTYPE html PUBLIC "-//W3C//DTD XHTML 1.0 Transitional//EN"
    "http://www.w3.org/TR/xhtml1/DTD/xhtml1-transitional.dtd">
<html xmlns="http://www.w3.org/1999/xhtml" xml:lang="en" lang="en">
 <head>
  <title>
</title>
<meta http-equiv="Content-Type" content="text/html;charset=utf-8" />
  <meta name='ocr-system' content='tesseract 3.04.00' />
  <meta name='ocr-capabilities' content='ocr_page ocr_carea ocr_par ocr_line ocrx_word'/>
</head>
<body>
  <div class='ocr_page' id='page_1' title='image "./ioannissaresberi02johnuoft_0214.png"; bbox 0 0 1846 3262; ppageno 0'>
   <div class='ocr_carea' id='block_1_1' title="bbox 61 181 1711 280">
    <p class='ocr_par' dir='ltr' id='par_1_1' title="bbox 61 181 1711 280">
     <span class='ocr_line' id='line_1_1' title="bbox 61 181 1711 280; baseline 0.001 -20"><span class='ocrx_word' id='word_1_1' title='bbox 61 220 156 269; x_wconf 82' lang='lat'>696</span> <span class='ocrx_word' id='word_1_2' title='bbox 177 219 206 259; x_wconf 84' lang='lat' dir='ltr'>d</span> <span class='ocrx_word' id='word_1_3' title='bbox 553 218 818 264; x_wconf 86' lang='lat' dir='ltr'>IOANNIS</span> <span class='ocrx_word' id='word_1_4' title='bbox 857 218 1378 264; x_wconf 86' lang='lat' dir='ltr'>SARESBERIENSIS</span> <span class='ocrx_word' id='word_1_5' title='bbox 1511 181 1623 280; x_wconf 72' lang='lat' dir='ltr'>[LiB.</span> <span class='ocrx_word' id='word_1_6' title='bbox 1639 230 1711 262; x_wconf 84' lang='lat' dir='ltr'>vn</span> 
     </span>
    </p>
   </div>
   <div class='ocr_carea' id='block_1_2' title="bbox 66 341 1771 2652">
    <p class='ocr_par' dir='ltr' id='par_1_2' title="bbox 66 341 1771 2652">
     <span class='ocr_line' id='line_1_2' title="bbox 219 341 1709 400; baseline 0.001 -15"><span class='ocrx_word' id='word_1_7' title='bbox 219 346 483 400; x_wconf 89' lang='lat' dir='ltr'>receperunt</span> <span class='ocrx_word' id='word_1_8' title='bbox 522 341 769 385; x_wconf 80' lang='lat' dir='ltr'>mercedem</span> <span class='ocrx_word' id='word_1_9' title='bbox 809 355 950 385; x_wconf 90' lang='lat' dir='ltr'>suam.</span> <span class='ocrx_word' id='word_1_10' title='bbox 1010 341 1078 384; x_wconf 92' lang='lat' dir='ltr'>De</span> <span class='ocrx_word' id='word_1_11' title='bbox 1118 342 1189 384; x_wconf 90' lang='lat' dir='ltr'>his</span> <span class='ocrx_word' id='word_1_12' title='bbox 1221 342 1340 385; x_wconf 88' lang='lat' dir='ltr'>enim</span> <span class='ocrx_word' id='word_1_13' title='bbox 1375 343 1453 400; x_wconf 89' lang='lat' dir='ltr'>qui</span> <span class='ocrx_word' id='word_1_14' title='bbox 1489 343 1627 387; x_wconf 91' lang='lat' dir='ltr'>uerbo</span> <span class='ocrx_word' id='word_1_15' title='bbox 1662 346 1709 386; x_wconf 91' lang='lat' dir='ltr'>et</span> 
     </span>
     <span class='ocr_line' id='line_1_3' title="bbox 220 411 1709 456; baseline 0 0"><span class='ocrx_word' id='word_1_16' title='bbox 220 413 381 456; x_wconf 90' lang='lat' dir='ltr'>habitu</span> <span class='ocrx_word' id='word_1_17' title='bbox 410 416 542 456; x_wconf 89' lang='lat' dir='ltr'>tenus</span> <span class='ocrx_word' id='word_1_18' title='bbox 565 413 790 455; x_wconf 89' lang='lat' dir='ltr'>honorant</span> <span class='ocrx_word' id='word_1_19' title='bbox 816 411 1060 455; x_wconf 89' lang='lat' dir='ltr'>Dominum</span> <span class='ocrx_word' id='word_1_20' title='bbox 1088 426 1146 454; x_wconf 86' lang='lat' dir='ltr'>ex</span> <span class='ocrx_word' id='word_1_21' title='bbox 1174 412 1397 455; x_wconf 89' lang='lat' dir='ltr'>sententia</span> <span class='ocrx_word' id='word_1_22' title='bbox 1417 413 1512 456; x_wconf 90' lang='lat' dir='ltr'>eius</span> <span class='ocrx_word' id='word_1_23' title='bbox 1531 416 1709 456; x_wconf 87' lang='lat' dir='ltr'>constat</span> 
     </span>
     <span class='ocr_line' id='line_1_4' title="bbox 220 481 1709 540; baseline 0 -14"><span class='ocrx_word' id='word_1_24' title='bbox 220 484 432 540; x_wconf 89' lang='lat' dir='ltr'>quoniam</span> <span class='ocrx_word' id='word_1_25' title='bbox 464 483 559 540; x_wconf 86' lang='lat' dir='ltr'>ipse</span> <span class='ocrx_word' id='word_1_26' title='bbox 594 482 832 539; x_wconf 74' lang='lat' dir='ltr'>elongatur</span> <span class='ocrx_word' id='word_1_27' title='bbox 867 482 925 524; x_wconf 91' lang='lat' dir='ltr'>ab</span> <span class='ocrx_word' id='word_1_28' title='bbox 955 481 1019 524; x_wconf 87' lang='lat' dir='ltr'>eis</span> <span class='ocrx_word' id='word_1_29' title='bbox 1049 496 1102 525; x_wconf 93' lang='lat' dir='ltr'>eo</span> <span class='ocrx_word' id='word_1_30' title='bbox 1131 481 1251 539; x_wconf 91' lang='lat' dir='ltr'>quod</span> <span class='ocrx_word' id='word_1_31' title='bbox 1280 496 1356 526; x_wconf 89' lang='lat' dir='ltr'>cor</span> <span class='ocrx_word' id='word_1_32' title='bbox 1385 497 1539 526; x_wconf 90' lang='lat' dir='ltr'>eorum</span> <span class='ocrx_word' id='word_1_33' title='bbox 1569 483 1626 527; x_wconf 84' lang='lat' dir='ltr'>ab</span> <span class='ocrx_word' id='word_1_34' title='bbox 1657 498 1709 526; x_wconf 88' lang='lat' dir='ltr'>eo</span> 
     </span>
     <span class='ocr_line' id='line_1_5' title="bbox 219 552 1709 611; baseline -0.001 -14"><span class='ocrx_word' id='word_1_35' title='bbox 219 554 477 611; x_wconf 89' lang='lat' dir='ltr'>elongatum</span> <span class='ocrx_word' id='word_1_36' title='bbox 506 555 584 604; x_wconf 89' lang='lat' dir='ltr'>est,</span> <span class='ocrx_word' id='word_1_37' title='bbox 605 553 683 596; x_wconf 90' lang='lat' dir='ltr'>sed</span> <span class='ocrx_word' id='word_1_38' title='bbox 709 555 755 596; x_wconf 91' lang='lat' dir='ltr'>et</span> <span class='ocrx_word' id='word_1_39' title='bbox 781 552 880 609; x_wconf 91' lang='lat' dir='ltr'>ipsa</span> <span class='ocrx_word' id='word_1_40' title='bbox 904 567 1039 609; x_wconf 87' lang='lat' dir='ltr'>opera</span> <span class='ocrx_word' id='word_1_41' title='bbox 1066 567 1220 595; x_wconf 88' lang='lat' dir='ltr'>eorum</span> <span class='ocrx_word' id='word_1_42' title='bbox 1241 552 1525 610; x_wconf 82' lang='lat' dir='ltr'>dispendium</span> <span class='ocrx_word' id='word_1_43' title='bbox 1549 553 1709 596; x_wconf 87' lang='lat' dir='ltr'>salutis</span> 
     </span>
     <span class='ocr_line' id='line_1_6' title="bbox 218 622 1747 680; baseline 0 -14"><span class='ocrx_word' id='word_1_44' title='bbox 218 624 414 667; x_wconf 85' lang='lat' dir='ltr'>afferunt</span> <span class='ocrx_word' id='word_1_45' title='bbox 449 626 495 666; x_wconf 92' lang='lat' dir='ltr'>et</span> <span class='ocrx_word' id='word_1_46' title='bbox 535 623 873 666; x_wconf 88' lang='lat' dir='ltr'>Babiloniorum</span> <span class='ocrx_word' id='word_1_47' title='bbox 908 622 1101 680; x_wconf 81' lang='lat' dir='ltr'>principi</span> <span class='ocrx_word' id='word_1_48' title='bbox 1142 622 1370 666; x_wconf 86' lang='lat' dir='ltr'>Sathanae</span> <span class='ocrx_word' id='word_1_49' title='bbox 1406 622 1686 666; x_wconf 73' lang='lat' dir='ltr'>famulantur</span> <span class='ocrx_word' id='word_1_50' title='bbox 1698 638 1709 677; x_wconf 90' lang='lat'>;</span> <span class='ocrx_word' id='word_1_51' title='bbox 1728 637 1747 672; x_wconf 84' lang='lat'>5</span> 
     </span>
     <span class='ocr_line' id='line_1_7' title="bbox 218 693 1710 751; baseline 0 -14"><span class='ocrx_word' id='word_1_52' title='bbox 218 695 370 737; x_wconf 90' lang='lat' dir='ltr'>omnia</span> <span class='ocrx_word' id='word_1_53' title='bbox 399 693 519 737; x_wconf 91' lang='lat' dir='ltr'>enim</span> <span class='ocrx_word' id='word_1_54' title='bbox 550 708 664 750; x_wconf 91' lang='lat' dir='ltr'>quae</span> <span class='ocrx_word' id='word_1_55' title='bbox 693 693 1009 736; x_wconf 71' lang='lat' dir='ltr'>ostentationis</span> <span class='ocrx_word' id='word_1_56' title='bbox 1038 693 1188 751; x_wconf 87' lang='lat' dir='ltr'>gratia</span> <span class='ocrx_word' id='word_1_57' title='bbox 1218 693 1336 736; x_wconf 90' lang='lat' dir='ltr'>fiunt</span> <span class='ocrx_word' id='word_1_58' title='bbox 1365 693 1710 751; x_wconf 89' lang='lat' dir='ltr'>proficiscuntur</span> 
     </span>
     <span class='ocr_line' id='line_1_8' title="bbox 66 763 1708 822; baseline 0.001 -17"><span class='ocrx_word' id='word_1_59' title='bbox 66 766 153 815; x_wconf 88' lang='lat'>697</span> <span class='ocrx_word' id='word_1_60' title='bbox 173 775 203 804; x_wconf 88' lang='lat' dir='ltr'>a</span> <span class='ocrx_word' id='word_1_61' title='bbox 219 763 266 806; x_wconf 89' lang='lat' dir='ltr'>in</span> <span class='ocrx_word' id='word_1_62' title='bbox 287 767 489 808; x_wconf 89' lang='lat' dir='ltr'>mortem.</span> <span class='ocrx_word' id='word_1_63' title='bbox 550 764 723 822; x_wconf 88' lang='lat' dir='ltr'>Regum</span> <span class='ocrx_word' id='word_1_64' title='bbox 745 767 902 807; x_wconf 88' lang='lat' dir='ltr'>narrat</span> <span class='ocrx_word' id='word_1_65' title='bbox 922 764 1112 807; x_wconf 89' lang='lat' dir='ltr'>historia</span> <span class='ocrx_word' id='word_1_66' title='bbox 1132 764 1264 821; x_wconf 90' lang='lat' dir='ltr'>quod,</span> <span class='ocrx_word' id='word_1_67' title='bbox 1276 779 1378 808; x_wconf 92' lang='lat' dir='ltr'>cum</span> <span class='ocrx_word' id='word_1_68' title='bbox 1394 764 1605 808; x_wconf 81' lang='lat' dir='ltr'>Ezechias</span> <span class='ocrx_word' id='word_1_69' title='bbox 1625 779 1708 807; x_wconf 85' lang='lat' dir='ltr'>rex</span> 
     </span>
     <span class='ocr_line' id='line_1_9' title="bbox 217 834 1709 893; baseline 0.001 -16"><span class='ocrx_word' id='word_1_70' title='bbox 217 834 461 878; x_wconf 87' lang='lat' dir='ltr'>Ierusalem</span> <span class='ocrx_word' id='word_1_71' title='bbox 501 849 582 892; x_wconf 92' lang='lat' dir='ltr'>per</span> <span class='ocrx_word' id='word_1_72' title='bbox 612 849 798 877; x_wconf 88' lang='lat' dir='ltr'>manum</span> <span class='ocrx_word' id='word_1_73' title='bbox 833 834 997 878; x_wconf 87' lang='lat' dir='ltr'>Ysaiae</span> <span class='ocrx_word' id='word_1_74' title='bbox 1028 834 1111 877; x_wconf 92' lang='lat' dir='ltr'>filii</span> <span class='ocrx_word' id='word_1_75' title='bbox 1146 834 1284 878; x_wconf 88' lang='lat' dir='ltr'>Amos</span> <span class='ocrx_word' id='word_1_76' title='bbox 1324 834 1504 893; x_wconf 87' lang='lat' dir='ltr'>signum</span> <span class='ocrx_word' id='word_1_77' title='bbox 1538 834 1709 878; x_wconf 85' lang='lat' dir='ltr'>incolu-</span> 
     </span>
     <span class='ocr_line' id='line_1_10' title="bbox 215 904 1707 963; baseline 0 -15"><span class='ocrx_word' id='word_1_78' title='bbox 215 905 390 948; x_wconf 87' lang='lat' dir='ltr'>mitatis</span> <span class='ocrx_word' id='word_1_79' title='bbox 433 907 479 948; x_wconf 93' lang='lat' dir='ltr'>et</span> <span class='ocrx_word' id='word_1_80' title='bbox 526 905 686 949; x_wconf 89' lang='lat' dir='ltr'>salutis</span> <span class='ocrx_word' id='word_1_81' title='bbox 726 920 755 948; x_wconf 89' lang='lat' dir='ltr'>a</span> <span class='ocrx_word' id='word_1_82' title='bbox 787 905 982 948; x_wconf 90' lang='lat' dir='ltr'>Domino</span> <span class='ocrx_word' id='word_1_83' title='bbox 1029 904 1282 962; x_wconf 88' lang='lat' dir='ltr'>accepisset,</span> <span class='ocrx_word' id='word_1_84' title='bbox 1317 905 1478 948; x_wconf 88' lang='lat' dir='ltr'>umbra</span> <span class='ocrx_word' id='word_1_85' title='bbox 1519 904 1707 963; x_wconf 85' lang='lat' dir='ltr'>orologii</span> 
     </span>
     <span class='ocr_line' id='line_1_11' title="bbox 213 974 1771 1034; baseline 0.001 -16"><span class='ocrx_word' id='word_1_86' title='bbox 213 979 460 1019; x_wconf 87' lang='lat' dir='ltr'>retrorsum</span> <span class='ocrx_word' id='word_1_87' title='bbox 490 975 674 1019; x_wconf 88' lang='lat' dir='ltr'>cedente</span> <span class='ocrx_word' id='word_1_88' title='bbox 709 976 860 1020; x_wconf 92' lang='lat' dir='ltr'>decem</span> <span class='ocrx_word' id='word_1_89' title='bbox 890 975 1106 1034; x_wconf 89' lang='lat' dir='ltr'>gradibus</span> <span class='ocrx_word' id='word_1_90' title='bbox 1140 975 1276 1033; x_wconf 90' lang='lat' dir='ltr'>(quod</span> <span class='ocrx_word' id='word_1_91' title='bbox 1305 978 1495 1019; x_wconf 86' lang='lat' dir='ltr'>naturae</span> <span class='ocrx_word' id='word_1_92' title='bbox 1525 974 1709 1019; x_wconf 89' lang='lat' dir='ltr'>uidetur</span> <span class='ocrx_word' id='word_1_93' title='bbox 1729 990 1771 1014; x_wconf 87' lang='lat'>10</span> 
     </span>
     <span class='ocr_line' id='line_1_12' title="bbox 215 1045 1708 1104; baseline 0.001 -15"><span class='ocrx_word' id='word_1_94' title='bbox 215 1046 466 1097; x_wconf 86' lang='lat' dir='ltr'>aduersum,</span> <span class='ocrx_word' id='word_1_95' title='bbox 490 1061 592 1090; x_wconf 90' lang='lat' dir='ltr'>cum</span> <span class='ocrx_word' id='word_1_96' title='bbox 622 1046 784 1089; x_wconf 91' lang='lat' dir='ltr'>umbra</span> <span class='ocrx_word' id='word_1_97' title='bbox 813 1046 1049 1104; x_wconf 89' lang='lat' dir='ltr'>procedere</span> <span class='ocrx_word' id='word_1_98' title='bbox 1079 1046 1232 1098; x_wconf 84' lang='lat' dir='ltr'>soleat,</span> <span class='ocrx_word' id='word_1_99' title='bbox 1258 1061 1349 1090; x_wconf 91' lang='lat' dir='ltr'>non</span> <span class='ocrx_word' id='word_1_100' title='bbox 1379 1045 1555 1104; x_wconf 90' lang='lat' dir='ltr'>redire),</span> <span class='ocrx_word' id='word_1_101' title='bbox 1582 1046 1708 1090; x_wconf 85' lang='lat' dir='ltr'>misit</span> 
     </span>
     <span class='ocr_line' id='line_1_13' title="bbox 215 1116 1707 1168; baseline 0.001 -9"><span class='ocrx_word' id='word_1_102' title='bbox 215 1116 448 1160; x_wconf 87' lang='lat' dir='ltr'>Barodach</span> <span class='ocrx_word' id='word_1_103' title='bbox 456 1117 684 1168; x_wconf 87' lang='lat' dir='ltr'>Baladam‚</span> <span class='ocrx_word' id='word_1_104' title='bbox 698 1117 819 1160; x_wconf 84' lang='lat' dir='ltr'>filius</span> <span class='ocrx_word' id='word_1_105' title='bbox 832 1117 1062 1168; x_wconf 88' lang='lat' dir='ltr'>Baladam‚</span> <span class='ocrx_word' id='word_1_106' title='bbox 1075 1132 1156 1160; x_wconf 84' lang='lat' dir='ltr'>rex</span> <span class='ocrx_word' id='word_1_107' title='bbox 1170 1117 1518 1168; x_wconf 85' lang='lat' dir='ltr'>Babiloniorum‚</span> <span class='ocrx_word' id='word_1_108' title='bbox 1530 1117 1707 1162; x_wconf 82' lang='lat' dir='ltr'>litteras</span> 
     </span>
     <span class='ocr_line' id='line_1_14' title="bbox 215 1188 1707 1246; baseline 0.001 -16"><span class='ocrx_word' id='word_1_109' title='bbox 215 1190 261 1230; x_wconf 91' lang='lat' dir='ltr'>et</span> <span class='ocrx_word' id='word_1_110' title='bbox 291 1202 479 1231; x_wconf 86' lang='lat' dir='ltr'>munera</span> <span class='ocrx_word' id='word_1_111' title='bbox 509 1188 567 1231; x_wconf 92' lang='lat' dir='ltr'>ad</span> <span class='ocrx_word' id='word_1_112' title='bbox 604 1188 863 1240; x_wconf 90' lang='lat' dir='ltr'>Ezechiam;</span> <span class='ocrx_word' id='word_1_113' title='bbox 908 1188 1114 1231; x_wconf 89' lang='lat' dir='ltr'>audierat</span> <span class='ocrx_word' id='word_1_114' title='bbox 1149 1188 1268 1231; x_wconf 90' lang='lat' dir='ltr'>enim</span> <span class='ocrx_word' id='word_1_115' title='bbox 1304 1188 1424 1245; x_wconf 91' lang='lat' dir='ltr'>quod</span> <span class='ocrx_word' id='word_1_116' title='bbox 1459 1191 1707 1246; x_wconf 78' lang='lat' dir='ltr'>egrotasset</span> 
     </span>
     <span class='ocr_line' id='line_1_15' title="bbox 214 1257 1705 1302; baseline 0.001 -2"><span class='ocrx_word' id='word_1_117' title='bbox 214 1257 438 1301; x_wconf 88' lang='lat' dir='ltr'>Ezechias.</span> <span class='ocrx_word' id='word_1_118' title='bbox 498 1257 685 1301; x_wconf 88' lang='lat' dir='ltr'>Letatus</span> <span class='ocrx_word' id='word_1_119' title='bbox 715 1261 784 1301; x_wconf 90' lang='lat' dir='ltr'>est</span> <span class='ocrx_word' id='word_1_120' title='bbox 814 1261 965 1301; x_wconf 90' lang='lat' dir='ltr'>autem</span> <span class='ocrx_word' id='word_1_121' title='bbox 996 1258 1044 1301; x_wconf 92' lang='lat' dir='ltr'>in</span> <span class='ocrx_word' id='word_1_122' title='bbox 1075 1258 1276 1301; x_wconf 89' lang='lat' dir='ltr'>aduentu</span> <span class='ocrx_word' id='word_1_123' title='bbox 1306 1273 1459 1302; x_wconf 90' lang='lat' dir='ltr'>eorum</span> <span class='ocrx_word' id='word_1_124' title='bbox 1492 1258 1705 1302; x_wconf 90' lang='lat' dir='ltr'>Ezechias</span> 
     </span>
     <span class='ocr_line' id='line_1_16' title="bbox 214 1327 1766 1386; baseline -0.002 -15"><span class='ocrx_word' id='word_1_125' title='bbox 214 1330 260 1371; x_wconf 91' lang='lat' dir='ltr'>et</span> <span class='ocrx_word' id='word_1_126' title='bbox 279 1327 478 1372; x_wconf 90' lang='lat' dir='ltr'>ostendit</span> <span class='ocrx_word' id='word_1_127' title='bbox 498 1328 563 1372; x_wconf 90' lang='lat' dir='ltr'>eis</span> <span class='ocrx_word' id='word_1_128' title='bbox 583 1328 764 1372; x_wconf 92' lang='lat' dir='ltr'>domum</span> <span class='ocrx_word' id='word_1_129' title='bbox 791 1331 1044 1372; x_wconf 86' lang='lat' dir='ltr'>aromatum</span> <span class='ocrx_word' id='word_1_130' title='bbox 1071 1331 1118 1372; x_wconf 91' lang='lat' dir='ltr'>et</span> <span class='ocrx_word' id='word_1_131' title='bbox 1144 1343 1306 1371; x_wconf 89' lang='lat' dir='ltr'>aurum</span> <span class='ocrx_word' id='word_1_132' title='bbox 1326 1331 1372 1372; x_wconf 93' lang='lat' dir='ltr'>et</span> <span class='ocrx_word' id='word_1_133' title='bbox 1391 1331 1630 1386; x_wconf 86' lang='lat' dir='ltr'>argentum</span> <span class='ocrx_word' id='word_1_134' title='bbox 1658 1331 1705 1372; x_wconf 89' lang='lat' dir='ltr'>et</span> <span class='ocrx_word' id='word_1_135' title='bbox 1725 1343 1766 1378; x_wconf 84' lang='lat'>¹5</span> 
     </span>
     <span class='ocr_line' id='line_1_17' title="bbox 214 1398 1703 1456; baseline 0 -15"><span class='ocrx_word' id='word_1_136' title='bbox 214 1398 448 1456; x_wconf 89' lang='lat' dir='ltr'>pigmenta</span> <span class='ocrx_word' id='word_1_137' title='bbox 493 1399 633 1450; x_wconf 91' lang='lat' dir='ltr'>uaria,</span> <span class='ocrx_word' id='word_1_138' title='bbox 668 1402 902 1456; x_wconf 85' lang='lat' dir='ltr'>unguenta</span> <span class='ocrx_word' id='word_1_139' title='bbox 946 1413 1122 1456; x_wconf 88' lang='lat' dir='ltr'>quoque</span> <span class='ocrx_word' id='word_1_140' title='bbox 1167 1401 1214 1442; x_wconf 91' lang='lat' dir='ltr'>et</span> <span class='ocrx_word' id='word_1_141' title='bbox 1263 1398 1445 1442; x_wconf 91' lang='lat' dir='ltr'>domum</span> <span class='ocrx_word' id='word_1_142' title='bbox 1491 1413 1703 1443; x_wconf 86' lang='lat' dir='ltr'>uasorum</span> 
     </span>
     <span class='ocr_line' id='line_1_18' title="bbox 214 1469 1704 1526; baseline 0.001 -14"><span class='ocrx_word' id='word_1_143' title='bbox 214 1482 398 1512; x_wconf 86' lang='lat' dir='ltr'>suorum</span> <span class='ocrx_word' id='word_1_144' title='bbox 435 1471 481 1512; x_wconf 90' lang='lat' dir='ltr'>et</span> <span class='ocrx_word' id='word_1_145' title='bbox 512 1470 663 1512; x_wconf 89' lang='lat' dir='ltr'>omnia</span> <span class='ocrx_word' id='word_1_146' title='bbox 697 1483 812 1526; x_wconf 91' lang='lat' dir='ltr'>quae</span> <span class='ocrx_word' id='word_1_147' title='bbox 846 1470 1010 1512; x_wconf 90' lang='lat' dir='ltr'>habere</span> <span class='ocrx_word' id='word_1_148' title='bbox 1045 1472 1224 1526; x_wconf 87' lang='lat' dir='ltr'>poterat</span> <span class='ocrx_word' id='word_1_149' title='bbox 1254 1469 1303 1512; x_wconf 89' lang='lat' dir='ltr'>in</span> <span class='ocrx_word' id='word_1_150' title='bbox 1337 1469 1562 1512; x_wconf 89' lang='lat' dir='ltr'>thesauris</span> <span class='ocrx_word' id='word_1_151' title='bbox 1598 1469 1704 1514; x_wconf 91' lang='lat' dir='ltr'>suis.</span> 
     </span>
     <span class='ocr_line' id='line_1_19' title="bbox 214 1539 1704 1597; baseline 0 -15"><span class='ocrx_word' id='word_1_152' title='bbox 214 1539 321 1582; x_wconf 90' lang='lat' dir='ltr'>Non</span> <span class='ocrx_word' id='word_1_153' title='bbox 351 1539 443 1582; x_wconf 85' lang='lat' dir='ltr'>fuit</span> <span class='ocrx_word' id='word_1_154' title='bbox 473 1539 710 1597; x_wconf 91' lang='lat' dir='ltr'>quicquam</span> <span class='ocrx_word' id='word_1_155' title='bbox 739 1540 858 1597; x_wconf 89' lang='lat' dir='ltr'>quod</span> <span class='ocrx_word' id='word_1_156' title='bbox 889 1554 979 1583; x_wconf 89' lang='lat' dir='ltr'>non</span> <span class='ocrx_word' id='word_1_157' title='bbox 1009 1541 1282 1583; x_wconf 88' lang='lat' dir='ltr'>monstraret</span> <span class='ocrx_word' id='word_1_158' title='bbox 1314 1539 1377 1583; x_wconf 91' lang='lat' dir='ltr'>eis</span> <span class='ocrx_word' id='word_1_159' title='bbox 1409 1540 1621 1583; x_wconf 88' lang='lat' dir='ltr'>Ezechias</span> <span class='ocrx_word' id='word_1_160' title='bbox 1655 1540 1704 1583; x_wconf 91' lang='lat' dir='ltr'>in</span> 
     </span>
     <span class='ocr_line' id='line_1_20' title="bbox 213 1609 1703 1668; baseline 0.001 -15"><span class='ocrx_word' id='word_1_161' title='bbox 213 1609 346 1653; x_wconf 88' lang='lat' dir='ltr'>domo</span> <span class='ocrx_word' id='word_1_162' title='bbox 376 1624 459 1653; x_wconf 89' lang='lat' dir='ltr'>sua</span> <span class='ocrx_word' id='word_1_163' title='bbox 487 1613 534 1653; x_wconf 89' lang='lat' dir='ltr'>et</span> <span class='ocrx_word' id='word_1_164' title='bbox 564 1613 612 1653; x_wconf 90' lang='lat' dir='ltr'>in</span> <span class='ocrx_word' id='word_1_165' title='bbox 642 1610 763 1653; x_wconf 92' lang='lat' dir='ltr'>omni</span> <span class='ocrx_word' id='word_1_166' title='bbox 793 1612 1015 1668; x_wconf 89' lang='lat' dir='ltr'>potestate</span> <span class='ocrx_word' id='word_1_167' title='bbox 1046 1625 1137 1653; x_wconf 87' lang='lat' dir='ltr'>sua.</span> <span class='ocrx_word' id='word_1_168' title='bbox 1198 1610 1336 1654; x_wconf 92' lang='lat' dir='ltr'>Venit</span> <span class='ocrx_word' id='word_1_169' title='bbox 1365 1612 1516 1653; x_wconf 83' lang='lat' dir='ltr'>autem</span> <span class='ocrx_word' id='word_1_170' title='bbox 1541 1610 1703 1654; x_wconf 89' lang='lat' dir='ltr'>Ysaias</span> 
     </span>
     <span class='ocr_line' id='line_1_21' title="bbox 213 1680 1767 1739; baseline 0.001 -16"><span class='ocrx_word' id='word_1_171' title='bbox 213 1680 434 1738; x_wconf 86' lang='lat' dir='ltr'>propheta</span> <span class='ocrx_word' id='word_1_172' title='bbox 453 1681 512 1723; x_wconf 89' lang='lat' dir='ltr'>ad</span> <span class='ocrx_word' id='word_1_173' title='bbox 532 1695 681 1739; x_wconf 89' lang='lat' dir='ltr'>regem</span> <span class='ocrx_word' id='word_1_174' title='bbox 707 1684 753 1724; x_wconf 93' lang='lat' dir='ltr'>et</span> <span class='ocrx_word' id='word_1_175' title='bbox 773 1680 892 1724; x_wconf 85' lang='lat' dir='ltr'>dixit</span> <span class='ocrx_word' id='word_1_176' title='bbox 911 1681 978 1725; x_wconf 87' lang='lat' dir='ltr'>ei:</span> <span class='ocrx_word' id='word_1_177' title='bbox 1012 1680 1132 1734; x_wconf 77' lang='lat' dir='ltr'>Quid</span> <span class='ocrx_word' id='word_1_178' title='bbox 1159 1680 1375 1723; x_wconf 88' lang='lat' dir='ltr'>dixerunt</span> <span class='ocrx_word' id='word_1_179' title='bbox 1402 1680 1490 1723; x_wconf 91' lang='lat' dir='ltr'>uiri</span> <span class='ocrx_word' id='word_1_180' title='bbox 1518 1680 1595 1724; x_wconf 91' lang='lat' dir='ltr'>isti</span> <span class='ocrx_word' id='word_1_181' title='bbox 1620 1684 1701 1724; x_wconf 89' lang='lat' dir='ltr'>aut</span> <span class='ocrx_word' id='word_1_182' title='bbox 1723 1699 1767 1723; x_wconf 87' lang='lat'>20</span> 
     </span>
     <span class='ocr_line' id='line_1_22' title="bbox 166 1749 1704 1808; baseline 0.001 -16"><span class='ocrx_word' id='word_1_183' title='bbox 166 1758 197 1798; x_wconf 80' lang='lat' dir='ltr'>b</span> <span class='ocrx_word' id='word_1_184' title='bbox 215 1750 333 1793; x_wconf 90' lang='lat' dir='ltr'>unde</span> <span class='ocrx_word' id='word_1_185' title='bbox 364 1754 588 1794; x_wconf 87' lang='lat' dir='ltr'>uenerunt</span> <span class='ocrx_word' id='word_1_186' title='bbox 622 1750 680 1794; x_wconf 87' lang='lat' dir='ltr'>ad</span> <span class='ocrx_word' id='word_1_187' title='bbox 713 1752 790 1796; x_wconf 66' lang='lat' dir='ltr'>tez</span> <span class='ocrx_word' id='word_1_188' title='bbox 851 1749 937 1795; x_wconf 87' lang='lat' dir='ltr'>Cui</span> <span class='ocrx_word' id='word_1_189' title='bbox 968 1750 1034 1794; x_wconf 90' lang='lat' dir='ltr'>ait</span> <span class='ocrx_word' id='word_1_190' title='bbox 1063 1765 1168 1794; x_wconf 84' lang='lat' dir='ltr'>rex:</span> <span class='ocrx_word' id='word_1_191' title='bbox 1210 1750 1279 1794; x_wconf 90' lang='lat' dir='ltr'>De</span> <span class='ocrx_word' id='word_1_192' title='bbox 1307 1753 1429 1794; x_wconf 86' lang='lat' dir='ltr'>terra</span> <span class='ocrx_word' id='word_1_193' title='bbox 1458 1750 1704 1808; x_wconf 85' lang='lat' dir='ltr'>longinqua</span> 
     </span>
     <span class='ocr_line' id='line_1_23' title="bbox 212 1820 1704 1878; baseline 0.001 -15"><span class='ocrx_word' id='word_1_194' title='bbox 212 1823 448 1872; x_wconf 90' lang='lat' dir='ltr'>uenerunt,</span> <span class='ocrx_word' id='word_1_195' title='bbox 477 1820 533 1864; x_wconf 90' lang='lat' dir='ltr'>de</span> <span class='ocrx_word' id='word_1_196' title='bbox 563 1821 792 1865; x_wconf 85' lang='lat' dir='ltr'>Babilone.</span> <span class='ocrx_word' id='word_1_197' title='bbox 852 1821 917 1864; x_wconf 90' lang='lat' dir='ltr'>At</span> <span class='ocrx_word' id='word_1_198' title='bbox 946 1821 1023 1864; x_wconf 91' lang='lat' dir='ltr'>ille</span> <span class='ocrx_word' id='word_1_199' title='bbox 1052 1820 1307 1878; x_wconf 88' lang='lat' dir='ltr'>respondit:</span> <span class='ocrx_word' id='word_1_200' title='bbox 1337 1820 1459 1875; x_wconf 82' lang='lat' dir='ltr'>Quid</span> <span class='ocrx_word' id='word_1_201' title='bbox 1488 1820 1704 1865; x_wconf 90' lang='lat' dir='ltr'>uiderunt</span> 
     </span>
     <span class='ocr_line' id='line_1_24' title="bbox 210 1890 1703 1948; baseline 0.001 -15"><span class='ocrx_word' id='word_1_202' title='bbox 210 1890 259 1933; x_wconf 88' lang='lat' dir='ltr'>in</span> <span class='ocrx_word' id='word_1_203' title='bbox 289 1891 422 1934; x_wconf 91' lang='lat' dir='ltr'>domo</span> <span class='ocrx_word' id='word_1_204' title='bbox 451 1893 562 1936; x_wconf 60' lang='lat' dir='ltr'>tua?</span> <span class='ocrx_word' id='word_1_205' title='bbox 623 1892 705 1935; x_wconf 94' lang='lat' dir='ltr'>Ait</span> <span class='ocrx_word' id='word_1_206' title='bbox 734 1891 969 1948; x_wconf 86' lang='lat' dir='ltr'>Ezechias:</span> <span class='ocrx_word' id='word_1_207' title='bbox 1011 1890 1175 1934; x_wconf 89' lang='lat' dir='ltr'>Omnia</span> <span class='ocrx_word' id='word_1_208' title='bbox 1206 1906 1320 1948; x_wconf 92' lang='lat' dir='ltr'>quae</span> <span class='ocrx_word' id='word_1_209' title='bbox 1349 1894 1457 1934; x_wconf 87' lang='lat' dir='ltr'>sunt</span> <span class='ocrx_word' id='word_1_210' title='bbox 1491 1891 1540 1934; x_wconf 88' lang='lat' dir='ltr'>in</span> <span class='ocrx_word' id='word_1_211' title='bbox 1570 1891 1703 1935; x_wconf 91' lang='lat' dir='ltr'>domo</span> 
     </span>
     <span class='ocr_line' id='line_1_25' title="bbox 211 1961 1702 2019; baseline 0.001 -16"><span class='ocrx_word' id='word_1_212' title='bbox 211 1975 312 2004; x_wconf 87' lang='lat' dir='ltr'>mea</span> <span class='ocrx_word' id='word_1_213' title='bbox 343 1961 579 2015; x_wconf 89' lang='lat' dir='ltr'>uiderunt;</span> <span class='ocrx_word' id='word_1_214' title='bbox 624 1962 763 2005; x_wconf 91' lang='lat' dir='ltr'>nichil</span> <span class='ocrx_word' id='word_1_215' title='bbox 796 1965 864 2005; x_wconf 90' lang='lat' dir='ltr'>est</span> <span class='ocrx_word' id='word_1_216' title='bbox 899 1961 1019 2019; x_wconf 89' lang='lat' dir='ltr'>quod</span> <span class='ocrx_word' id='word_1_217' title='bbox 1052 1975 1144 2004; x_wconf 88' lang='lat' dir='ltr'>non</span> <span class='ocrx_word' id='word_1_218' title='bbox 1179 1961 1521 2004; x_wconf 89' lang='lat' dir='ltr'>monstrauerim</span> <span class='ocrx_word' id='word_1_219' title='bbox 1558 1962 1623 2005; x_wconf 92' lang='lat' dir='ltr'>eis</span> <span class='ocrx_word' id='word_1_220' title='bbox 1652 1962 1702 2005; x_wconf 89' lang='lat' dir='ltr'>in</span> 
     </span>
     <span class='ocr_line' id='line_1_26' title="bbox 210 2031 1764 2089; baseline -0.001 -15"><span class='ocrx_word' id='word_1_221' title='bbox 210 2032 436 2076; x_wconf 88' lang='lat' dir='ltr'>thesauris</span> <span class='ocrx_word' id='word_1_222' title='bbox 464 2033 586 2076; x_wconf 89' lang='lat' dir='ltr'>meis.</span> <span class='ocrx_word' id='word_1_223' title='bbox 647 2032 780 2076; x_wconf 84' lang='lat' dir='ltr'>Dixit</span> <span class='ocrx_word' id='word_1_224' title='bbox 810 2032 963 2089; x_wconf 90' lang='lat' dir='ltr'>itaque</span> <span class='ocrx_word' id='word_1_225' title='bbox 993 2031 1154 2075; x_wconf 85' lang='lat' dir='ltr'>Ysaias</span> <span class='ocrx_word' id='word_1_226' title='bbox 1184 2031 1421 2075; x_wconf 88' lang='lat' dir='ltr'>Ezechiae:</span> <span class='ocrx_word' id='word_1_227' title='bbox 1451 2031 1573 2075; x_wconf 86' lang='lat' dir='ltr'>Audi</span> <span class='ocrx_word' id='word_1_228' title='bbox 1607 2047 1699 2076; x_wconf 89' lang='lat' dir='ltr'>ser·</span> <span class='ocrx_word' id='word_1_229' title='bbox 1722 2049 1738 2073; x_wconf 83' lang='lat'><em>2</em></span> <span class='ocrx_word' id='word_1_230' title='bbox 1745 2049 1764 2084; x_wconf 85' lang='lat'>5</span> 
     </span>
     <span class='ocr_line' id='line_1_27' title="bbox 211 2101 1704 2147; baseline 0.002 -3"><span class='ocrx_word' id='word_1_231' title='bbox 211 2116 389 2145; x_wconf 90' lang='lat' dir='ltr'>monem</span> <span class='ocrx_word' id='word_1_232' title='bbox 424 2101 617 2146; x_wconf 91' lang='lat' dir='ltr'>Domini.</span> <span class='ocrx_word' id='word_1_233' title='bbox 688 2103 799 2147; x_wconf 91' lang='lat' dir='ltr'>Ecce</span> <span class='ocrx_word' id='word_1_234' title='bbox 833 2102 929 2146; x_wconf 88' lang='lat' dir='ltr'>dies</span> <span class='ocrx_word' id='word_1_235' title='bbox 964 2103 1149 2146; x_wconf 86' lang='lat' dir='ltr'>uenient</span> <span class='ocrx_word' id='word_1_236' title='bbox 1183 2105 1230 2145; x_wconf 92' lang='lat' dir='ltr'>et</span> <span class='ocrx_word' id='word_1_237' title='bbox 1258 2101 1523 2145; x_wconf 84' lang='lat' dir='ltr'>auferentur</span> <span class='ocrx_word' id='word_1_238' title='bbox 1551 2103 1704 2147; x_wconf 83' lang='lat' dir='ltr'>omnia</span> 
     </span>
     <span class='ocr_line' id='line_1_28' title="bbox 210 2173 1703 2231; baseline 0 -14"><span class='ocrx_word' id='word_1_239' title='bbox 210 2188 324 2231; x_wconf 84' lang='lat' dir='ltr'>quae</span> <span class='ocrx_word' id='word_1_240' title='bbox 344 2176 453 2216; x_wconf 91' lang='lat' dir='ltr'>sunt</span> <span class='ocrx_word' id='word_1_241' title='bbox 471 2173 519 2215; x_wconf 92' lang='lat' dir='ltr'>in</span> <span class='ocrx_word' id='word_1_242' title='bbox 539 2173 671 2217; x_wconf 92' lang='lat' dir='ltr'>domo</span> <span class='ocrx_word' id='word_1_243' title='bbox 685 2176 779 2225; x_wconf 91' lang='lat' dir='ltr'>tua,</span> <span class='ocrx_word' id='word_1_244' title='bbox 794 2176 841 2217; x_wconf 91' lang='lat' dir='ltr'>et</span> <span class='ocrx_word' id='word_1_245' title='bbox 858 2188 972 2231; x_wconf 91' lang='lat' dir='ltr'>quae</span> <span class='ocrx_word' id='word_1_246' title='bbox 988 2173 1286 2217; x_wconf 89' lang='lat' dir='ltr'>condiderunt</span> <span class='ocrx_word' id='word_1_247' title='bbox 1305 2178 1457 2230; x_wconf 91' lang='lat' dir='ltr'>patres</span> <span class='ocrx_word' id='word_1_248' title='bbox 1477 2173 1546 2216; x_wconf 92' lang='lat' dir='ltr'>tui</span> <span class='ocrx_word' id='word_1_249' title='bbox 1562 2187 1703 2230; x_wconf 89' lang='lat' dir='ltr'>usque</span> 
     </span>
     <span class='ocr_line' id='line_1_29' title="bbox 210 2243 1703 2301; baseline 0 -15"><span class='ocrx_word' id='word_1_250' title='bbox 210 2244 259 2286; x_wconf 89' lang='lat' dir='ltr'>in</span> <span class='ocrx_word' id='word_1_251' title='bbox 298 2243 418 2287; x_wconf 88' lang='lat' dir='ltr'>diem</span> <span class='ocrx_word' id='word_1_252' title='bbox 457 2244 584 2295; x_wconf 87' lang='lat' dir='ltr'>hanc,</span> <span class='ocrx_word' id='word_1_253' title='bbox 614 2243 663 2286; x_wconf 91' lang='lat' dir='ltr'>in</span> <span class='ocrx_word' id='word_1_254' title='bbox 699 2243 990 2297; x_wconf 88' lang='lat' dir='ltr'>Babilonem;</span> <span class='ocrx_word' id='word_1_255' title='bbox 1036 2259 1127 2287; x_wconf 92' lang='lat' dir='ltr'>non</span> <span class='ocrx_word' id='word_1_256' title='bbox 1163 2243 1415 2287; x_wconf 89' lang='lat' dir='ltr'>remanebit</span> <span class='ocrx_word' id='word_1_257' title='bbox 1450 2243 1703 2301; x_wconf 87' lang='lat' dir='ltr'>quicquam,</span> 
     </span>
     <span class='ocr_line' id='line_1_30' title="bbox 208 2313 1702 2371; baseline 0.001 -14"><span class='ocrx_word' id='word_1_258' title='bbox 208 2314 275 2357; x_wconf 92' lang='lat' dir='ltr'>ait</span> <span class='ocrx_word' id='word_1_259' title='bbox 295 2313 526 2357; x_wconf 88' lang='lat' dir='ltr'>Dominus.</span> <span class='ocrx_word' id='word_1_260' title='bbox 587 2314 675 2357; x_wconf 88' lang='lat' dir='ltr'>Sed</span> <span class='ocrx_word' id='word_1_261' title='bbox 695 2314 751 2357; x_wconf 90' lang='lat' dir='ltr'>de</span> <span class='ocrx_word' id='word_1_262' title='bbox 772 2314 878 2357; x_wconf 90' lang='lat' dir='ltr'>filiis</span> <span class='ocrx_word' id='word_1_263' title='bbox 897 2314 990 2357; x_wconf 89' lang='lat' dir='ltr'>tuis</span> <span class='ocrx_word' id='word_1_264' title='bbox 1013 2314 1090 2371; x_wconf 91' lang='lat' dir='ltr'>qui</span> <span class='ocrx_word' id='word_1_265' title='bbox 1112 2313 1401 2371; x_wconf 89' lang='lat' dir='ltr'>egredientur</span> <span class='ocrx_word' id='word_1_266' title='bbox 1428 2328 1485 2356; x_wconf 85' lang='lat' dir='ltr'>ex</span> <span class='ocrx_word' id='word_1_267' title='bbox 1511 2315 1570 2364; x_wconf 92' lang='lat' dir='ltr'>te,</span> <span class='ocrx_word' id='word_1_268' title='bbox 1591 2329 1702 2371; x_wconf 91' lang='lat' dir='ltr'>quos</span> 
     </span>
     <span class='ocr_line' id='line_1_31' title="bbox 207 2383 1763 2443; baseline -0.001 -15"><span class='ocrx_word' id='word_1_269' title='bbox 207 2384 454 2443; x_wconf 86' lang='lat' dir='ltr'>generabis,</span> <span class='ocrx_word' id='word_1_270' title='bbox 494 2384 712 2428; x_wconf 89' lang='lat' dir='ltr'>tollentur</span> <span class='ocrx_word' id='word_1_271' title='bbox 758 2387 804 2428; x_wconf 90' lang='lat' dir='ltr'>et</span> <span class='ocrx_word' id='word_1_272' title='bbox 851 2386 985 2427; x_wconf 89' lang='lat' dir='ltr'>erunt</span> <span class='ocrx_word' id='word_1_273' title='bbox 1033 2383 1228 2427; x_wconf 88' lang='lat' dir='ltr'>eunuchi</span> <span class='ocrx_word' id='word_1_274' title='bbox 1275 2384 1324 2426; x_wconf 90' lang='lat' dir='ltr'>in</span> <span class='ocrx_word' id='word_1_275' title='bbox 1367 2383 1536 2441; x_wconf 89' lang='lat' dir='ltr'>palatio</span> <span class='ocrx_word' id='word_1_276' title='bbox 1583 2384 1702 2443; x_wconf 88' lang='lat' dir='ltr'>regis</span> <span class='ocrx_word' id='word_1_277' title='bbox 1721 2402 1763 2436; x_wconf 80' lang='lat'>30</span> 
     </span>
     <span class='ocr_line' id='line_1_32' title="bbox 209 2453 1702 2512; baseline 0.001 -15"><span class='ocrx_word' id='word_1_278' title='bbox 209 2454 450 2498; x_wconf 91' lang='lat' dir='ltr'>Babilonis.</span> <span class='ocrx_word' id='word_1_279' title='bbox 495 2453 551 2497; x_wconf 91' lang='lat' dir='ltr'>In</span> <span class='ocrx_word' id='word_1_280' title='bbox 567 2455 800 2512; x_wconf 89' lang='lat' dir='ltr'>superficie</span> <span class='ocrx_word' id='word_1_281' title='bbox 817 2454 998 2512; x_wconf 91' lang='lat' dir='ltr'>quidem</span> <span class='ocrx_word' id='word_1_282' title='bbox 1013 2454 1229 2498; x_wconf 86' lang='lat' dir='ltr'>historiae</span> <span class='ocrx_word' id='word_1_283' title='bbox 1242 2454 1486 2497; x_wconf 90' lang='lat' dir='ltr'>secundum</span> <span class='ocrx_word' id='word_1_284' title='bbox 1501 2454 1702 2498; x_wconf 89' lang='lat' dir='ltr'>Hebreos</span> 
     </span>
     <span class='ocr_line' id='line_1_33' title="bbox 208 2524 1701 2582; baseline 0.001 -14"><span class='ocrx_word' id='word_1_285' title='bbox 208 2528 390 2569; x_wconf 87' lang='lat' dir='ltr'>auctore</span> <span class='ocrx_word' id='word_1_286' title='bbox 435 2525 661 2568; x_wconf 89' lang='lat' dir='ltr'>Ieronimo</span> <span class='ocrx_word' id='word_1_287' title='bbox 705 2525 875 2568; x_wconf 88' lang='lat' dir='ltr'>ueritas</span> <span class='ocrx_word' id='word_1_288' title='bbox 920 2525 1075 2582; x_wconf 90' lang='lat' dir='ltr'>liquet,</span> <span class='ocrx_word' id='word_1_289' title='bbox 1123 2539 1225 2568; x_wconf 91' lang='lat' dir='ltr'>cum</span> <span class='ocrx_word' id='word_1_290' title='bbox 1269 2525 1473 2567; x_wconf 85' lang='lat' dir='ltr'>Ananias</span> <span class='ocrx_word' id='word_1_291' title='bbox 1514 2524 1701 2569; x_wconf 86' lang='lat' dir='ltr'>Azarias</span> 
     </span>
     <span class='ocr_line' id='line_1_34' title="bbox 169 2594 1700 2652; baseline 0.003 -18"><span class='ocrx_word' id='word_1_292' title='bbox 169 2605 194 2634; x_wconf 92' lang='lat' dir='ltr'>c</span> <span class='ocrx_word' id='word_1_293' title='bbox 212 2594 367 2638; x_wconf 89' lang='lat' dir='ltr'>Misael</span> <span class='ocrx_word' id='word_1_294' title='bbox 401 2609 503 2638; x_wconf 92' lang='lat' dir='ltr'>cum</span> <span class='ocrx_word' id='word_1_295' title='bbox 538 2594 726 2638; x_wconf 86' lang='lat' dir='ltr'>Daniele</span> <span class='ocrx_word' id='word_1_296' title='bbox 765 2594 986 2652; x_wconf 87' lang='lat' dir='ltr'>captiuati</span> <span class='ocrx_word' id='word_1_297' title='bbox 1026 2597 1135 2638; x_wconf 90' lang='lat' dir='ltr'>sunt</span> <span class='ocrx_word' id='word_1_298' title='bbox 1169 2595 1217 2636; x_wconf 89' lang='lat' dir='ltr'>in</span> <span class='ocrx_word' id='word_1_299' title='bbox 1253 2594 1516 2637; x_wconf 90' lang='lat' dir='ltr'>Babilonem</span> <span class='ocrx_word' id='word_1_300' title='bbox 1548 2594 1700 2652; x_wconf 89' lang='lat' dir='ltr'>ibique</span> 
     </span>
    </p>
   </div>
   <div class='ocr_carea' id='block_1_3' title="bbox 209 2683 1699 2780">
    <p class='ocr_par' dir='ltr' id='par_1_3' title="bbox 209 2683 1699 2780">
     <span class='ocr_line' id='line_1_35' title="bbox 210 2683 1699 2731; baseline 0.001 -10"><span class='ocrx_word' id='word_1_301' title='bbox 210 2685 232 2721; x_wconf 92' lang='lat'>8</span> <span class='ocrx_word' id='word_1_302' title='bbox 257 2685 486 2723; x_wconf 84' lang='lat' dir='ltr'>iherusalem</span> <span class='ocrx_word' id='word_1_303' title='bbox 505 2685 529 2722; x_wconf 92' lang='lat' dir='ltr'>S</span> <span class='ocrx_word' id='word_1_304' title='bbox 663 2695 687 2730; x_wconf 90' lang='lat'>9</span> <span class='ocrx_word' id='word_1_305' title='bbox 711 2696 735 2721; x_wconf 86' lang='lat' dir='ltr'>a</span> <span class='ocrx_word' id='word_1_306' title='bbox 750 2697 818 2722; x_wconf 87' lang='lat' dir='ltr'>om.</span> <span class='ocrx_word' id='word_1_307' title='bbox 836 2685 877 2720; x_wconf 89' lang='lat' dir='ltr'>M</span> <span class='ocrx_word' id='word_1_308' title='bbox 1014 2695 1055 2720; x_wconf 86' lang='lat'>12</span> <span class='ocrx_word' id='word_1_309' title='bbox 1082 2683 1277 2721; x_wconf 87' lang='lat' dir='ltr'>baradach</span> <span class='ocrx_word' id='word_1_310' title='bbox 1295 2684 1328 2720; x_wconf 91' lang='lat' dir='ltr'>A</span> <span class='ocrx_word' id='word_1_311' title='bbox 1454 2695 1499 2731; x_wconf 88' lang='lat'>23</span> <span class='ocrx_word' id='word_1_312' title='bbox 1526 2685 1699 2723; x_wconf 80' lang='lat' dir='ltr'>eceohias</span> 
     </span>
     <span class='ocr_line' id='line_1_36' title="bbox 209 2731 1516 2780; baseline 0 -12"><span class='ocrx_word' id='word_1_313' title='bbox 209 2733 244 2768; x_wconf 90' lang='lat' dir='ltr'>A</span> <span class='ocrx_word' id='word_1_314' title='bbox 388 2744 408 2769; x_wconf 87' lang='lat'>2</span> <span class='ocrx_word' id='word_1_315' title='bbox 413 2743 431 2780; x_wconf 84' lang='lat'>5</span> <span class='ocrx_word' id='word_1_316' title='bbox 459 2733 642 2779; x_wconf 85' lang='lat' dir='ltr'>Dixitque</span> <span class='ocrx_word' id='word_1_317' title='bbox 660 2732 700 2768; x_wconf 89' lang='lat' dir='ltr'>M</span> <span class='ocrx_word' id='word_1_318' title='bbox 848 2743 894 2779; x_wconf 88' lang='lat'>29</span> <span class='ocrx_word' id='word_1_319' title='bbox 919 2731 1168 2780; x_wconf 85' lang='lat' dir='ltr'>egrediuntur</span> <span class='ocrx_word' id='word_1_320' title='bbox 1185 2733 1226 2769; x_wconf 91' lang='lat' dir='ltr'>M</span> <span class='ocrx_word' id='word_1_321' title='bbox 1324 2731 1387 2779; x_wconf 87' lang='lat' dir='ltr'>ex]</span> <span class='ocrx_word' id='word_1_322' title='bbox 1407 2732 1453 2770; x_wconf 90' lang='lat' dir='ltr'>de</span> <span class='ocrx_word' id='word_1_323' title='bbox 1475 2732 1516 2768; x_wconf 87' lang='grc' dir='ltr'>Μ</span> 
     </span>
    </p>
   </div>
   <div class='ocr_carea' id='block_1_4' title="bbox 210 2814 1698 2958">
    <p class='ocr_par' dir='ltr' id='par_1_4' title="bbox 210 2814 1698 2958">
     <span class='ocr_line' id='line_1_37' title="bbox 264 2814 1697 2861; baseline 0.001 -11"><span class='ocrx_word' id='word_1_324' title='bbox 264 2825 277 2850; x_wconf 86' lang='lat'>1</span> <span class='ocrx_word' id='word_1_325' title='bbox 308 2816 363 2851; x_wconf 86' lang='lat' dir='ltr'>De</span> <span class='ocrx_word' id='word_1_326' title='bbox 380 2816 439 2851; x_wconf 84' lang='lat' dir='ltr'>his</span> <span class='ocrx_word' id='word_1_327' title='bbox 455 2817 527 2852; x_wconf 87' lang='lat' dir='ltr'>etc.</span> <span class='ocrx_word' id='word_1_328' title='bbox 545 2828 554 2852; x_wconf 91' lang='lat'>:</span> <span class='ocrx_word' id='word_1_329' title='bbox 583 2828 614 2851; x_wconf 93' lang='lat' dir='ltr'>v.</span> <span class='ocrx_word' id='word_1_330' title='bbox 634 2815 707 2852; x_wconf 82' lang='lat' dir='ltr'>Isa.</span> <span class='ocrx_word' id='word_1_331' title='bbox 726 2814 829 2852; x_wconf 83' lang='lat' dir='ltr'>xxix.</span> <span class='ocrx_word' id='word_1_332' title='bbox 853 2826 894 2861; x_wconf 90' lang='lat'>13</span> <span class='ocrx_word' id='word_1_333' title='bbox 910 2828 918 2858; x_wconf 89' lang='grc'><strong>;</strong></span> <span class='ocrx_word' id='word_1_334' title='bbox 946 2815 1059 2851; x_wconf 90' lang='lat' dir='ltr'>Matt.</span> <span class='ocrx_word' id='word_1_335' title='bbox 1078 2826 1135 2850; x_wconf 86' lang='lat' dir='ltr'>xv.</span> <span class='ocrx_word' id='word_1_336' title='bbox 1155 2816 1187 2851; x_wconf 90' lang='lat'>8.</span> <span class='ocrx_word' id='word_1_337' title='bbox 1396 2824 1417 2860; x_wconf 93' lang='lat'><em>7</em></span> <span class='ocrx_word' id='word_1_338' title='bbox 1443 2816 1582 2861; x_wconf 60' lang='lat' dir='ltr'>Regum</span> <span class='ocrx_word' id='word_1_339' title='bbox 1597 2816 1697 2852; x_wconf 83' lang='lat' dir='ltr'>etc.:</span> 
     </span>
     <span class='ocr_line' id='line_1_38' title="bbox 210 2862 1698 2910; baseline 0.001 -13"><span class='ocrx_word' id='word_1_340' title='bbox 210 2874 242 2897; x_wconf 92' lang='lat' dir='ltr'>v.</span> <span class='ocrx_word' id='word_1_341' title='bbox 260 2873 282 2906; x_wconf 84' lang='lat'><strong>4</strong></span> <span class='ocrx_word' id='word_1_342' title='bbox 299 2862 390 2910; x_wconf 87' lang='lat' dir='ltr'>Reg.</span> <span class='ocrx_word' id='word_1_343' title='bbox 410 2875 470 2898; x_wconf 91' lang='lat' dir='ltr'>xx.</span> <span class='ocrx_word' id='word_1_344' title='bbox 617 2874 662 2909; x_wconf 89' lang='lat'>32</span> <span class='ocrx_word' id='word_1_345' title='bbox 688 2869 831 2900; x_wconf 79' lang='lat' dir='ltr'>auctore</span> <span class='ocrx_word' id='word_1_346' title='bbox 848 2865 1050 2900; x_wconf 82' lang='lat' dir='ltr'>leronimo:</span> <span class='ocrx_word' id='word_1_347' title='bbox 1077 2875 1109 2900; x_wconf 90' lang='lat' dir='ltr'>v.</span> <span class='ocrx_word' id='word_1_348' title='bbox 1130 2862 1287 2901; x_wconf 88' lang='lat' dir='ltr'>Hieron.</span> <span class='ocrx_word' id='word_1_349' title='bbox 1309 2864 1442 2900; x_wconf 86' lang='lat' dir='ltr'>Comm.</span> <span class='ocrx_word' id='word_1_350' title='bbox 1461 2865 1503 2899; x_wconf 78' lang='lat' dir='ltr'>in</span> <span class='ocrx_word' id='word_1_351' title='bbox 1523 2865 1620 2900; x_wconf 82' lang='lat' dir='ltr'>Dan.</span> <span class='ocrx_word' id='word_1_352' title='bbox 1637 2865 1662 2899; x_wconf 78' lang='lat' dir='ltr'>i.</span> <span class='ocrx_word' id='word_1_353' title='bbox 1676 2874 1698 2910; x_wconf 89' lang='lat'>3</span> 
     </span>
     <span class='ocr_line' id='line_1_39' title="bbox 211 2909 698 2958; baseline 0.008 -13"><span class='ocrx_word' id='word_1_354' title='bbox 211 2909 360 2956; x_wconf 85' lang='lat' dir='ltr'>(Migne</span> <span class='ocrx_word' id='word_1_355' title='bbox 379 2912 419 2947; x_wconf 90' lang='lat' dir='ltr'>P.</span> <span class='ocrx_word' id='word_1_356' title='bbox 433 2913 476 2947; x_wconf 89' lang='lat' dir='ltr'>L.</span> <span class='ocrx_word' id='word_1_357' title='bbox 495 2922 579 2947; x_wconf 85' lang='lat' dir='ltr'>xxv.</span> <span class='ocrx_word' id='word_1_358' title='bbox 598 2912 698 2958; x_wconf 85' lang='lat'>496).</span> 
     </span>
    </p>
   </div>
   <div class='ocr_carea' id='block_1_5' title="bbox 320 2985 385 3011">
    <p class='ocr_par' dir='ltr' id='par_1_5' title="bbox 320 2985 385 3011">
     <span class='ocr_line' id='line_1_40' title="bbox 320 2985 385 3011; baseline -0.015 0"><span class='ocrx_word' id='word_1_359' title='bbox 320 2985 385 3011; x_wconf 77' lang='lat'>202</span> 
     </span>
    </p>
   </div>
  </div>
 </body>
</html>
