1846 3262
147 196 250 230 OAP.
267 183 410 245 xvm]
680 184 1124 231 POLICRATICVS
1663 185 1744 226 616
1765 194 1794 224 a

148 306 324 351 uiribus
359 308 464 360 suis,
499 312 655 353 nostro
686 309 924 368 praecipue
960 308 1105 351 milite
1141 307 1384 351 nitebatur.
1457 304 1531 349 Ad
1563 304 1648 349 hoc

149 377 331 421 demum
364 379 651 437 exigentibus
686 381 829 438 culpis
861 379 1105 438 perductus
1140 381 1209 422 est
1241 378 1319 436 qui
1355 392 1545 435 regnum
1576 391 1647 419 oc-

149 451 407 506 cupauerat,
440 453 493 493 ut
525 454 760 509 cogeretur
792 451 1065 494 exheredare
1097 449 1242 492 filium
1276 451 1322 492 et
1357 447 1460 491 duci
1493 447 1648 491 cedere

149 519 278 578 regni
318 521 640 565 successionem
685 525 731 565 et
770 522 913 565 totius
948 520 1076 579 regni
1111 535 1314 579 proceres
1350 524 1396 564 et
1436 518 1648 562 militiam

113 608 133 644 5
149 590 370 634 fidelitate
399 592 619 649 praestita
648 593 859 651 obligare.

210 661 407 706 Transeo
446 663 505 706 ad
545 663 822 707 obsidionem
864 662 1095 713 Chinonis,
1136 661 1244 720 quia
1282 661 1347 704 ibi
1390 660 1563 719 Anglos
1603 663 1650 704 et

151 731 450 785 Normannos,
479 748 590 791 quos
617 734 708 777 iam
735 733 977 791 multiplex
1004 731 1310 776 confederatio
1334 731 1498 782 uniuit‚
1522 745 1649 789 prae-

151 803 306 861 cipuos
327 806 374 847 et
394 804 538 862 magis
559 807 766 863 strenuos
794 804 843 846 in
871 803 1079 860 captione
1100 802 1236 846 castri
1265 802 1470 845 extitisse
1497 801 1650 844 nullus

151 873 343 932 ignorat.
389 874 511 917 Nam
531 874 640 918 sileo
661 874 716 918 de
738 874 783 917 N
786 876 966 917 amneto
987 877 1033 916 et
1048 876 1146 916 toto
1166 872 1353 916 minoris
1374 871 1651 922 Britanniae,

93 964 136 992 10
153 944 362 1002 quamuis
388 944 574 1003 grandis
602 944 836 1002 prouincia
863 944 936 996 sit,
965 943 1194 994 comitatu,
1216 943 1294 1000 qui
1325 943 1503 986 rebellis
1535 944 1652 986 esset

152 1015 202 1058 in
251 1015 519 1059 hodiernum
570 1015 690 1058 diem
730 1014 819 1057 nisi
869 1014 1008 1057 robur
1050 1013 1200 1072 gentis
1241 1013 1495 1071 Anglorum
1536 1015 1652 1056 esset
1669 1014 1700 1054 b

152 1084 400 1129 formidini.
478 1085 577 1129 Hoc
607 1085 756 1144 ipsum
793 1086 874 1127 aut
903 1084 1078 1127 ueritus
1108 1087 1190 1127 aut
1220 1098 1372 1126 amore
1403 1087 1449 1127 et
1479 1083 1652 1127 uirtute

152 1155 340 1200 allectus
360 1156 602 1215 (incertum
630 1156 749 1199 enim
772 1155 871 1214 est),
892 1154 1083 1198 illustris
1108 1154 1389 1197 Blesensium
1417 1157 1463 1197 et
1484 1153 1654 1198 Carno-

153 1226 351 1270 tensium
371 1241 517 1271 comes
537 1230 696 1278 castra,
713 1241 828 1284 quae
848 1225 1085 1284 pupillaris
1106 1225 1242 1268 etatis
1267 1228 1468 1283 tempore
1489 1225 1656 1268 amissa

93 1314 137 1351 ¹5
156 1296 351 1349 fuerant,
371 1297 556 1341 ducatui
578 1298 945 1341 Normannorum
966 1296 1179 1340 restituit.

215 1367 422 1426 Longum
458 1371 526 1412 est
561 1368 599 1412 si
631 1368 789 1412 inclita
823 1370 954 1426 gesta
985 1367 1105 1411 tanti
1141 1366 1358 1424 principis
1393 1381 1656 1410 enumerare

154 1439 436 1491 contendam,
477 1454 603 1497 quae,
639 1439 757 1483 sicut
797 1453 951 1483 omnes
992 1437 1209 1481 admirari
1250 1452 1428 1481 necesse
1469 1434 1549 1489 est,
1590 1437 1658 1480 ita

155 1531 179 1560 2
205 1521 451 1569 exigentibus
468 1522 593 1570 culpis
609 1535 679 1560 om.
698 1521 781 1558 S¹M
928 1532 952 1569 9
976 1522 1150 1558 nanneto
1169 1520 1203 1557 A

208 1603 223 1630 1
251 1598 395 1630 nostro:
421 1593 446 1629 i.
457 1605 489 1630 e.
507 1593 745 1642 Anglorum;
771 1594 874 1641 quod
893 1606 971 1630 non
988 1594 1093 1641 apud
1118 1592 1239 1629 alium
1261 1604 1389 1631 rerum
1412 1592 1460 1629 ab
1484 1590 1656 1629 Henrieo

103 1683 107 1686 y
183 1642 353 1678 estarum
371 1641 601 1698 scriptorem
619 1645 821 1679 narratum
837 1642 981 1679 inveni.
1177 1652 1198 1687 3
1225 1646 1267 1677 ut
1283 1647 1467 1688 cogeretur
1482 1643 1578 1678 etc.:
1606 1639 1654 1676 cf.

191 1701 301 1736 ymer
316 1691 465 1727 Foeder.
484 1703 510 1727 1.
529 1703 594 1738 pp.
615 1702 669 1737 13,
691 1702 746 1738 14.
898 1693 921 1728 6
946 1692 1167 1728 obsidionem
1189 1691 1388 1726 Chinonis:
1418 1689 1466 1726 cf.
1486 1688 1592 1724 Will.
1610 1688 1658 1725 de

155 1737 388 1786 Novoburgo
410 1738 449 1775 ii.
474 1749 494 1784 7
515 1740 590 1786 (ed.
617 1740 787 1777 Howlett
803 1752 868 1787 pp.
889 1750 968 1785 113,
996 1739 1093 1785 114).
1157 1737 1373 1775 Chinonem
1393 1737 1435 1774 in
1461 1736 1659 1785 provincia

154 1786 372 1824 Turonensi
382 1785 548 1824 Galfridi
561 1787 691 1825 fratris
708 1788 762 1825 sui
783 1788 985 1825 castellum
998 1787 1236 1834 expugnavit
1249 1786 1440 1823 Henricus
1452 1786 1489 1822 11
1504 1798 1537 1822 a.
1553 1796 1566 1822 1
1579 1787 1656 1832 156.

155 1834 225 1872 Ait
241 1833 443 1872 Gervasius
460 1835 750 1874 Cantuariensis
762 1837 836 1882 (ed.
856 1836 998 1873 Stubbs
1014 1835 1039 1872 i.
1055 1848 1093 1882 p.
1110 1837 1193 1882 162)
1209 1848 1218 1871 ε
1244 1837 1325 1871 Rea:
1342 1837 1529 1871 Hem-icus
1541 1840 1659 1870 tran&

145 1885 321 1930 fretauit,
339 1889 372 1920 et
391 1885 548 1921 Tkomae
565 1887 777 1921 cancellarii
799 1887 861 1922 sui
885 1897 1016 1931 maqno
1030 1886 1158 1930 fretus
1178 1885 1322 1921 auxilio
1338 1890 1459 1920 eastra
1479 1883 1661 1929 Gausridi

146 1934 292 1979 fratris
305 1934 375 1976 eui,
395 1935 460 1979 qui
473 1934 647 1970 rebellare
668 1935 875 1980 temptabat,
893 1935 1019 1970 aalide
1034 1935 1208 1979 optinuit.
1371 1942 1394 1979 9
1418 1934 1461 1968 de
1479 1933 1659 1967 Namneto

157 1982 253 2018 eta:
282 1993 317 2016 v.
331 1981 428 2018 Rob.
446 1981 494 2018 de
512 1981 719 2030 Torigneio
741 1983 876 2019 chron.
889 1982 950 2020 ed.
968 1981 1138 2018 Howlett
1155 1994 1193 2027 p.
1215 1990 1293 2028 197.
1313 1980 1379 2027 qui
1396 1983 1528 2017 tamen
1546 1979 1659 2015 Nam-

157 2031 294 2066 netum
324 2029 454 2076 (hodie
484 2029 646 2076 Nautes)
679 2043 762 2067 cum
787 2036 858 2067 toto
887 2033 1061 2067 comitatu
1086 2030 1232 2066 Mediae
1259 2028 1331 2075 <La
1355 2029 1470 2075 Mee),
1497 2040 1585 2070 non,
1613 2029 1658 2064 ut

159 2077 323 2115 Ioannes
339 2079 479 2122 noster,
498 2091 581 2115 cum
605 2084 676 2116 toto
701 2081 856 2115 minoris
873 2080 1097 2115 Britanniae
1113 2080 1287 2115 comitatu
1313 2089 1346 2114 a.
1367 2086 1457 2124 1152
1481 2076 1657 2114 deditum

158 2137 239 2164 esse
271 2126 421 2163 asserit.
487 2126 535 2162 In
567 2127 732 2165 dioecesi
764 2126 1016 2164 Namnetensi
1049 2127 1125 2164 duo
1159 2128 1272 2163 erant
1310 2125 1657 2168 archidiaconatus,

158 2186 322 2221 quorum
338 2175 452 2219 alter,
468 2175 531 2212 cui
546 2187 685 2213 nomen
701 2178 785 2213 erat
803 2175 944 2219 Media,
958 2177 1089 2222 partes
1103 2174 1423 2222 septentrionales
1434 2173 1659 2220 complecte-

158 2222 285 2261 batur.
435 2234 478 2260 10
502 2225 644 2260 rebellis
664 2230 774 2260 esset:
802 2223 975 2261 Tandem
997 2224 1039 2260 in
1063 2235 1167 2260 anno
1185 2224 1273 2270 post
1291 2223 1378 2259 Chr.
1400 2223 1492 2268 1169
1510 2224 1550 2259 et
1571 2222 1659 2268 post

158 2273 417 2308 Polio-aticum
442 2271 591 2308 editum
614 2273 763 2309 decimo
787 2271 1034 2308 Britanniam
1060 2271 1252 2308 minorem
1278 2270 1321 2307 in
1344 2270 1532 2307 ditionem
1550 2281 1660 2306 suam

159 2319 313 2368 redegit
330 2319 520 2357 Henrieus
538 2321 588 2357 II.
690 2332 743 2367 13.
767 2331 810 2367 14
835 2322 1064 2357 Blesensium
1084 2326 1117 2356 et
1143 2321 1424 2356 Camotensium
1447 2331 1580 2355 comes:
1607 2330 1657 2355 sc.

158 2367 402 2405 Theobaldus
434 2368 491 2412 V;
533 2369 581 2406 ef.
614 2368 708 2406 Rob.
742 2369 789 2406 de
823 2368 1028 2416 Ton'gneio
1067 2368 1140 2413 (ed.
1173 2367 1344 2404 Howlett
1378 2379 1444 2414 pp.
1480 2367 1546 2411 198
1565 2367 1657 2412 seq.)

159 2417 284 2453 Mense
298 2418 490 2453 Decembri
502 2416 552 2464 (a.
570 2428 583 2454 1
595 2418 676 2464 158)
693 2419 902 2454 con-cordati
918 2422 1005 2453 sunt
1020 2428 1088 2452 rex
1100 2417 1285 2452 Henricus
1301 2421 1334 2452 et
1343 2427 1457 2452 comes
1466 2417 1659 2459 Blesensis,

159 2467 841 2550 fffffflississff’ssssga'ssfflrtzfflss
856 2466 1093 2558 13323‘320'52'25?
1109 2465 1500 2553 ..mffltffeziffssm
1515 2469 1664 2548 iffi

161 2563 259 2605 niae,
276 2563 441 2598 sororius
456 2563 535 2598 eius
545 2590 554 2599 .
568 2589 576 2598 .
590 2589 598 2597 .
611 2564 772 2597 reddidit
784 2562 946 2597 Hem-ico
959 2563 1038 2607 reyi
1050 2563 1122 2597 duo
1134 2566 1263 2603 castra,
1278 2562 1443 2598 Molinas
1456 2559 1659 2606 (Moulins)

162 2615 196 2647 et
206 2611 354 2647 Bonum
363 2612 548 2646 Molinum
561 2609 856 2657 (Bonmoulins)‚
869 2622 962 2657 quae
972 2615 1079 2645 erant
1089 2611 1256 2645 dominia
1268 2611 1372 2645 ducis
1383 2610 1637 2645 Nor-manniae
1647 2622 1662 2655 ;

161 2660 225 2695 sed
234 2664 320 2705 post
336 2664 486 2695 mortem
501 2660 597 2705 reyt‘s
611 2660 771 2694 Hem-ici
795 2657 858 2705 [I]
885 2659 1062 2694 Rotrocu8
1085 2669 1208 2712 comes3
1232 2662 1343 2712 pater
1363 2658 1477 2712 huia-3
1500 2658 1662 2703 Rotroci,

162 2712 418 2803 ἰέοὔῗιῗῖξέἒ,
436 2719 498 2792 ἵζ’,
522 2706 751 2791 Αἶαῗὲῐέἷῗὼ
757 2705 1664 2800 Ἶᾷὃὲῂῖῗὲθ>12ἓοπὶἓῖῗὲῖῗῖἓῧῗὲἳῗὲιῖἓῖ

165 2816 328 2852 quorum
369 2804 535 2841 alterum
575 2803 616 2840 in
655 2803 846 2840 Turonico
883 2802 1116 2850 (Touraine),
1153 2802 1321 2840 alterum
1362 2801 1406 2839 in
1439 2802 1660 2840 Vindocino

168 2853 396 2899 (Vendome)
426 2852 546 2889 situm
575 2854 644 2895 est.
673 2852 803 2899 potius
832 2851 1039 2889 comitatui
1062 2850 1333 2899 Andegavensi
1357 2863 1474 2898 quam
1499 2850 1662 2889 ducatui

165 2901 474 2940 Normannorum
491 2900 754 2948 pertinebant.

1510 2965 1554 3000 53
