1846 3262
99 232 176 273 810
192 241 223 272 a
550 228 815 275 IOANNIS
856 227 1373 273 SARESBERIENSIS
1505 226 1615 290 [Lm.
1631 238 1726 273 vnI

935 350 1138 394 Tantone
1156 365 1376 394 nouorum

358 413 580 468 prouentu
601 410 815 453 scelerum
836 411 1059 466 quaerunt
1079 413 1183 453 uter
1201 409 1390 467 imperet
1409 409 1506 453 orbi
1522 410 1541 458 ’ἒ

358 469 591 571 Χὲἶέἒῖἔιί.
610 468 760 513 fuerat
779 468 932 513 ciuilia
952 468 1069 511 bella
1088 483 1269 512 mouere

240 621 550 664 Rectissimam
571 621 794 665 eminendi
819 621 941 664 uiam
962 620 1115 664 docuit
1142 619 1362 672 Christus,
1382 620 1460 678 qui
1487 619 1727 677 discipulos
1744 640 1767 682 5

240 705 344 734 suos
364 691 545 748 regibus
568 691 773 749 gentium
800 690 947 734 noluit
974 689 1244 734 conformari
1274 692 1328 733 ut
1361 689 1650 733 dominentur
1677 689 1727 732 in

240 760 433 805 subditis
464 764 510 804 et
538 762 615 819 qui
639 764 909 819 potestatem
933 763 1143 803 exercent
1172 760 1358 804 benefici
1388 760 1620 813 dicantur;
1650 759 1728 803 sed

194 833 224 874 b
242 831 320 888 qui
343 831 486 874 maior
510 834 578 875 est
608 835 766 890 sponte
793 832 1043 875 minoretur
1069 834 1115 874 et
1145 830 1289 874 solum
1313 845 1420 888 prae
1447 830 1606 875 ceteris
1630 830 1729 874 iure

240 901 402 958 quiete,
422 902 596 945 uiribus
617 906 663 945 et
683 902 966 946 contentione
987 903 1171 954 remota,
1191 901 1277 944 sibi
1304 901 1511 944 uendicet
1534 900 1728 946 officium

239 971 539 1015 ministrandi.
601 972 665 1016 At
700 972 776 1015 isti
816 972 951 1015 aliam
991 971 1314 1028 praetulerunt,
1353 971 1640 1015 ascendentes
1670 985 1727 1014 ex
1747 986 1791 1014 xo

239 1041 428 1085 aduerso
449 1041 656 1094 fratrum,
672 1045 719 1085 et
738 1041 1026 1085 ministrandi
1047 1041 1304 1085 humilitate
1324 1041 1488 1085 reiecta
1507 1043 1729 1099 appetunt

240 1126 347 1168 prae
361 1112 540 1170 regibus
552 1112 757 1170 gentium
770 1112 1010 1166 dominari;
1037 1127 1118 1155 nec
1134 1111 1322 1155 dubium
1338 1111 1448 1169 quin
1460 1110 1728 1169 frigescente

239 1182 377 1226 immo
397 1182 599 1226 extincta
628 1182 816 1226 caritate
842 1182 991 1226 sedem
1012 1197 1139 1225 suam
1160 1184 1206 1225 et
1226 1181 1313 1239 ipsi
1333 1183 1505 1239 ponant
1523 1181 1582 1224 ad
1601 1180 1727 1238 aqui-

227 1253 386 1296 lonem
403 1267 413 1307 3
456 1253 675 1310 siquidem
716 1253 957 1311 productos
996 1252 1127 1296 odere
1162 1267 1303 1309 pares.
1365 1251 1550 1295 Vtinam
1585 1250 1727 1294 secuti

236 1326 387 1366 essent
408 1323 485 1380 qui
512 1338 565 1366 ea
584 1323 798 1367 uiderunt
821 1326 1023 1381 tempora
1043 1322 1277 1366 consilium
1298 1321 1442 1373 Bruti,
1468 1336 1496 1364 a
1515 1336 1604 1379 quo
1624 1335 1726 1364 eum
1747 1338 1788 1376 ¹⁵

239 1393 502 1436 imminente
528 1393 644 1437 bello
679 1394 802 1437 ciuili
839 1392 1024 1438 Catonis
1051 1393 1219 1436 auertit
1251 1392 1506 1436 auctoritas.
1566 1391 1726 1435 Decre-

241 1466 372 1506 uerat
391 1463 509 1506 enim
531 1479 690 1506 manus
711 1479 814 1507 suas
835 1464 893 1507 ab
913 1463 1050 1506 armis
1071 1463 1297 1507 continere
1318 1462 1538 1514 ciuilibus,
1564 1461 1727 1519 quibus

241 1536 411 1590 quanto
427 1533 613 1591 quisque
626 1534 840 1577 libentius
852 1537 899 1577 et
911 1533 1075 1577 fortius
1091 1533 1377 1585 immiscetur,
1390 1535 1519 1577 tanto
1531 1532 1728 1591 iniquior

240 1606 287 1647 et
306 1603 544 1647 immanior
564 1607 641 1647 est.
703 1604 784 1648 Ait
804 1619 933 1662 ergo:

358 1696 492 1739 Nunc
511 1711 655 1753 neque
675 1696 873 1754 Pompeii
894 1696 1088 1739 Brutum
1106 1710 1187 1741 nec
1207 1694 1384 1741 Cesaris
1403 1696 1577 1740 hostem
1740 1712 1790 1740 20

356 1758 459 1813 post
478 1755 643 1798 bellum
663 1755 848 1799 uictoris
867 1755 1015 1800 habes.

198 1858 225 1889 c
243 1847 293 1892 Si
313 1862 419 1906 ergo
442 1848 622 1905 sapiant
647 1847 696 1890 hi
722 1862 803 1905 pro
828 1862 1017 1905 quorum
1047 1847 1245 1891 dominio
1264 1847 1503 1892 scismatici
1529 1847 1726 1906 litigant,

241 1933 315 1962 eos
335 1919 450 1962 solos
470 1933 731 1962 concurrere
747 1918 992 1976 patiantur,
1007 1918 1215 1962 alterutri
1231 1921 1437 1962 metuant
1450 1933 1580 1984 opem
1595 1918 1726 1970 ferre,

239 1989 399 2032 incerti
420 1988 520 2046 quis
541 1989 687 2032 uictor
710 1988 894 2032 futurus
917 1988 989 2040 sit,
1008 1989 1207 2046 certique
1226 1991 1398 2046 quanta
1415 2003 1552 2047 quam
1570 1988 1726 2047 grauis

238 2060 371 2103 ruina
390 2059 524 2103 uictis
542 2059 787 2103 immineat.
1740 2070 1786 2106 ³5

244 2183 288 2218 13
313 2171 391 2209 imo
411 2171 435 2209 S
531 2171 695 2210 caritate
712 2171 831 2210 immo
848 2171 1024 2211 extincta
1040 2172 1074 2208 A
1216 2183 1260 2210 21
1287 2171 1392 2221 post]
1411 2171 1476 2210 sed
1493 2172 1534 2211 M
1676 2181 1723 2212 22

239 2220 298 2257 hii
313 2220 415 2256 ASM

291 2334 308 2360 1
340 2324 502 2359 Tantone
518 2325 589 2360 etc.
604 2335 614 2359 ε
639 2322 729 2360 Luc.
745 2323 876 2359 Phars.
894 2321 936 2359 ii.
953 2323 1048 2359 6o-6
1052 2333 1085 2368 3.
1247 2331 1278 2370 5,
1298 2323 1321 2359 6
1345 2324 1411 2370 qui
1427 2324 1625 2369 discipulos
1638 2334 1725 2360 euos

240 2372 315 2408 etc.
330 2383 338 2408 ε
358 2383 390 2407 ν.
405 2370 492 2408 Luc.
506 2369 598 2408 xxii.
609 2379 652 2417 25
665 2382 768 2417 seqq.
874 2381 918 2407 10
941 2373 992 2406 At
1005 2372 1067 2407 isti
1079 2372 1213 2407 aliam:
1239 2369 1360 2407 minio
1373 2370 1522 2408 notavit
1535 2370 1723 2408 Parkerus

236 2418 281 2455 in
298 2419 380 2456 cod.
399 2419 440 2455 C.
588 2429 602 2455 1
612 2429 641 2462 1,
663 2429 706 2455 12
730 2420 861 2454 reiecta
877 2423 1054 2465 appetunt
1066 2431 1158 2465 prae
1173 2420 1316 2464 reyibus
1333 2420 1498 2464 ,qentium
1513 2420 1722 2458 dominari:

239 2465 361 2504 minio
378 2466 530 2503 notavit
546 2466 732 2503 Parkerus
748 2466 790 2502 in
809 2466 889 2503 cod.
905 2466 945 2503 C.
1138 2477 1179 2503 12
1196 2469 1417 2514 friyescente
1432 2468 1506 2504 etc.
1521 2479 1531 2504 ε
1555 2479 1589 2504 v.
1606 2467 1720 2504 Matt-

239 2514 339 2551 xxiv.
356 2525 409 2551 12.
513 2525 554 2560 13
581 2520 612 2550 et
627 2516 701 2561 ipsi
715 2528 724 2551 ι
750 2517 794 2551 ut
810 2526 875 2551 rex
889 2513 1124 2560 Babyloniae
1142 2515 1350 2551 secundum
1364 2514 1435 2551 Isa.
1449 2514 1523 2552 xiv.
1538 2524 1590 2561 13,
1609 2526 1723 2561 quem

239 2561 366 2600 locum
384 2562 431 2599 de
447 2561 600 2599 diabolo
618 2561 921 2609 interpretantur
936 2564 981 2598 ut
996 2562 1115 2599 ceteri
1132 2563 1263 2599 Patres
1280 2562 1335 2599 sic
1353 2562 1470 2600 etiam
1487 2561 1545 2598 Au
1575 2590 1583 2598 .
1598 2564 1642 2600 in
1658 2564 1719 2600 Pe.

239 2612 305 2647 lix.
336 2621 380 2647 10
409 2610 558 2659 (Migne
586 2612 626 2646 P.
657 2612 700 2647 L.
728 2610 853 2646 xxxvi.
882 2614 979 2656 721),
1011 2622 1126 2656 quem
1151 2610 1224 2648 hoc
1253 2610 1337 2647 loco
1363 2609 1534 2656 sequitur
1579 2621 1722 2648 oannes

239 2660 381 2695 noster.
453 2657 521 2695 Ed.
551 2657 664 2705 Vulg.
693 2657 880 2695 hodierna
912 2658 1033 2695 habet
1067 2660 1190 2695 sedebo
1227 2660 1269 2694 in
1305 2660 1482 2694 lateribus
1512 2659 1720 2706 aquiloni-33

239 2706 480 2754 Augustinus
496 2708 624 2742 autem
640 2706 683 2742 in
698 2706 781 2743 loco
799 2718 913 2752 supra
927 2705 992 2742 cit.
1005 2718 1144 2752 ponam
1159 2708 1277 2743 sedem
1294 2719 1410 2742 meam
1426 2708 1476 2742 ad
1499 2707 1718 2761 aquilonem.

243 2764 287 2799 14
309 2756 503 2800 productos
517 2756 620 2791 odere
630 2765 764 2800 pares:
791 2753 880 2791 Luc.
898 2755 1028 2791 Phars.
1045 2753 1093 2790 iv.
1114 2765 1206 2799 7103
1227 2756 1422 2800 productos
1443 2754 1491 2792 de
1513 2753 1561 2790 iis
1584 2753 1652 2800 qui
1669 2754 1720 2790 ad

238 2801 467 2849 dignitatem
485 2801 654 2848 aliquam
667 2801 893 2848 ampliorem
911 2801 1030 2838 evecti
1045 2801 1125 2838 sint
1141 2801 1366 2849 intellegere
1384 2801 1534 2840 videtur
1545 2801 1720 2839 Ioannes.

242 2859 283 2896 15
311 2852 503 2887 consilium
520 2851 632 2886 Bruti
648 2851 747 2888 etc.:
773 2862 805 2886 v.
831 2849 920 2887 Luc.
944 2851 1076 2887 Phara
1099 2849 1140 2886 ii.
1166 2860 1237 2898 234
1247 2861 1350 2898 seqq.
1541 2860 1589 2887 20
1610 2851 1720 2888 Nunc

238 2909 353 2944 neque
367 2899 532 2945 Pompeii
548 2900 621 2935 etc.
636 2910 645 2934 ε
671 2897 760 2936 Luc.
778 2899 907 2936 Pham.
924 2897 965 2936 ii.
983 2899 1064 2945 283,
1083 2899 1165 2944 284.

350 2978 416 3012 40²
