1846 3262
162 206 317 270 raon]
675 209 1124 274 POLICRATICVS
1572 270 1574 272 p
1673 208 1760 259 635
1779 217 1807 248 0

161 330 317 385 officio,
342 347 472 376 rarus
504 336 573 377 est
603 333 846 377 admodum
877 333 954 391 qui
984 331 1305 391 philosophicis
1334 333 1382 376 et
1410 331 1656 376 curialibus

159 401 316 446 officiis
346 403 541 447 sufficiat
572 418 742 447 morem
783 418 950 462 gerere,
981 418 1084 448 cum
1125 403 1234 447 haec
1269 403 1355 447 sibi
1390 402 1655 461 plerumque

159 475 335 516 constet
354 473 600 531 plurimum
625 474 868 518 aduersari.
929 474 1059 518 Vnde
1083 489 1179 518 rem
1209 473 1304 518 fere
1334 473 1654 531 impossibilem
1673 481 1704 522 d

159 542 329 587 uideris
358 544 590 602 imperare,
621 545 886 603 praesertim
916 559 1019 589 cum
1049 559 1132 603 ego
1162 545 1295 589 homo
1319 544 1405 588 sub
1431 547 1656 602 potestate

120 629 141 665 5
159 614 434 658 constitutus
447 618 493 659 et
507 615 682 659 inuitus
698 615 862 660 faciam
877 616 1075 673 plurima
1089 615 1354 659 necessitate
1369 614 1655 672 obsequendi,

158 687 207 728 et
236 684 286 727 in
314 685 398 737 his,
419 700 534 743 quae
563 687 771 744 propriae
801 686 1053 730 uoluntatis
1082 690 1130 729 et
1158 685 1406 744 sapientiae
1434 685 1656 729 instinctu

157 755 357 812 gerenda
396 759 515 807 sunt,
550 757 688 800 michi
728 757 811 800 uix
851 760 1032 814 tempus
1071 756 1364 815 indulgeatur
1401 755 1460 799 ad
1499 770 1655 814 pauca.

157 824 268 869 Dies
288 830 335 870 et
354 841 447 870 nox
466 828 727 871 necessariis
747 830 794 871 et
814 827 975 871 alienis
999 827 1368 885 occupationibus
1393 827 1653 885 transigun-

157 898 238 939 tur
255 900 309 940 ut
328 911 409 940 nec
429 897 495 941 rei
517 897 733 941 familiari
763 913 918 942 curam
945 897 1204 955 impendere
1223 897 1379 951 liceat;
1410 901 1457 941 et
1476 901 1529 941 tu
1550 898 1654 941 hor-

99 985 143 1011 10
157 966 272 1010 caris
290 970 345 1010 ut
365 967 557 1011 scribam
573 969 592 1013 ’Β
654 968 803 1012 Homo
819 968 997 1025 quidem
1021 967 1258 1026 imperitus
1278 983 1379 1011 sum
1398 968 1587 1012 scientia
1606 972 1654 1012 et

156 1050 384 1090 sermone3
413 1040 460 1081 et
479 1052 621 1080 unum
643 1037 763 1095 quod
782 1052 877 1081 non
897 1037 1047 1096 accepi
1067 1038 1169 1081 aliis
1190 1038 1415 1096 erogabo'l

331 1129 511 1173 Nauem
541 1130 580 1174 si
610 1133 766 1188 poscat
795 1130 882 1174 sibi
912 1134 1158 1188 peronatus
1188 1134 1342 1174 arator
1670 1126 1759 1175 636
1780 1126 1809 1165 b

333 1189 532 1233 Luciferi
562 1189 701 1242 rudis,
731 1190 955 1234 exclamat
984 1190 1219 1234 Melicerta
1247 1190 1416 1248 perisse

332 1248 531 1292 frontem
561 1249 618 1292 de
647 1249 792 1293 rebus.

95 1344 138 1381 ¹5
156 1333 207 1379 Si
227 1335 382 1393 itaque
401 1335 473 1380 uis
503 1339 557 1380 ut
580 1336 785 1388 scribam,
806 1337 865 1380 da
891 1337 965 1382 uel
994 1337 1147 1396 potius
1173 1337 1232 1381 ab
1256 1351 1309 1381 eo
1336 1337 1415 1395 qui
1443 1336 1651 1380 scientia-

154 1420 256 1449 rum
291 1406 514 1450 Dominus
552 1410 622 1451 est
662 1408 896 1451 scientiam
936 1408 1131 1467 impetra
1170 1408 1290 1452 unde
1330 1407 1547 1460 scribam;
1591 1407 1651 1450 da

151 1478 333 1534 tempus
362 1477 625 1535 expeditum
656 1481 703 1522 et
731 1478 1051 1523 necessitatum
1081 1478 1429 1523 domesticarum
1462 1478 1650 1523 exclude

151 1547 403 1601 molestias3

329 1651 448 1687 nam,
477 1636 517 1680 si
547 1635 740 1695 Virgilio
770 1651 883 1695 puer
910 1640 959 1682 et
987 1637 1221 1682 tolerabile
1251 1636 1369 1681 desit

92 1709 138 1734 ιο
330 1695 590 1753 hospitium,
620 1696 832 1740 caderent
862 1711 1016 1741 omnes
1044 1712 1073 1740 a
1101 1697 1301 1741 crinibus
1330 1696 1449 1754 ydri.

152 1780 392 1826 Praeterea
420 1797 580 1827 uereor
605 1799 674 1835 ne,
694 1783 803 1827 dum
831 1784 891 1828 ad
917 1784 1183 1842 obsequium
1210 1784 1403 1828 deuotus
1429 1784 1649 1842 accingor,

150 1850 437 1910 dispendium
466 1854 652 1911 pudoris
682 1853 852 1899 faciens
882 1855 1162 1899 aemulomm
1192 1869 1430 1913 prouocem
1458 1854 1647 1912 linguas,

151 1923 230 1981 qui
250 1923 371 1967 mala
390 1924 539 1968 aliena
563 1923 778 1969 facillime
808 1928 1002 1984 carpunt
1032 1928 1080 1969 et
1109 1925 1228 1970 bona
1255 1924 1515 1968 difficillime
1546 1924 1648 1968 imi-

150 1996 322 2038 tantur.
383 1994 516 2048 Quod
535 1998 700 2047 autem,
720 1996 759 2039 si
779 1995 906 2039 aliud
924 2011 1016 2040 non
1036 1995 1153 2050 licet,
1173 1996 1245 2040 uis
1270 1999 1325 2040 ut
1351 1995 1407 2039 de
1434 1994 1646 2039 fortunae

90 2079 135 2114 η,
151 2063 322 2109 calculo
360 2065 498 2109 michi
538 2069 585 2109 et
617 2066 760 2110 Musis
795 2081 970 2125 querar,
1004 2066 1223 2110 suadente
1263 2066 1444 2124 quidem
1479 2066 1645 2110 mentis
1664 2080 1690 2110 c.

149 2136 364 2195 angustia
392 2136 659 2181 facillimum
690 2140 771 2190 est,
802 2153 906 2182 cum
937 2138 1070 2195 (teste
1104 2137 1323 2196 Gregorio
1358 2137 1644 2195 Nazanzeno)

148 2268 198 2295 20
221 2257 406 2305 ospitium
422 2258 457 2294 A
550 2257 666 2305 hydri
683 2257 725 2294 M
871 2268 916 2306 23
942 2257 1157 2296 dificillime
1174 2257 1210 2293 A

195 2379 233 2416 4,
250 2378 270 2416 5
298 2370 403 2406 homo
416 2370 484 2405 cub
495 2374 671 2416 potestate
688 2370 924 2405 constitutus:
948 2367 1066 2405 Matt.
1082 2367 1162 2404 viii.
1180 2376 1215 2414 9.
1381 2375 1427 2403 10
1449 2367 1645 2413 imperitus

148 2419 248 2456 etc.:
274 2429 305 2454 v.
323 2416 447 2455 2Gor.
466 2417 570 2454 ἠδ.
769 2426 808 2453 11
836 2418 932 2462 quod
954 2428 1030 2452 non
1054 2417 1178 2462 accepi
1200 2417 1294 2452 ete:
1320 2413 1368 2451 cf.
1394 2413 1510 2451 Matt.
1535 2425 1570 2451 x.
1597 2415 1642 2457 8;

152 2476 168 2504 1
189 2465 274 2502 Cor.
290 2465 341 2501 iv.
358 2475 392 2509 7.
558 2475 599 2501 12
624 2465 767 2500 Nauem
786 2465 860 2501 etc.
878 2476 887 2501 :
914 2463 1017 2502 Pers.
1035 2465 1113 2501 Sat.
1131 2476 1165 2500 v.
1185 2473 1360 2508 102-104.
1519 2471 1577 2509 15,
1598 2464 1643 2500 16

147 2515 387 2550 scientiarum
403 2514 610 2550 Dominus:
640 2522 655 2549 1
684 2512 778 2559 Reg.
802 2511 843 2548 ii.
870 2521 904 2557 3.
1115 2522 1160 2558 19
1183 2523 1283 2554 nam,
1309 2513 1345 2546 εἰ
1365 2511 1519 2556 Vir-,quio
1544 2512 1642 2547 etc.:

148 2561 230 2598 Iuv.
246 2563 322 2598 Sat.
341 2560 406 2598 vii.
423 2562 482 2607 69,
499 2570 557 2606 70.
661 2561 777 2596 desit:
803 2562 934 2596 deesset
951 2558 1032 2596 Iuv.
1188 2568 1232 2606 25
1259 2559 1372 2594 michi
1388 2564 1420 2595 et
1437 2559 1580 2594 Musis:
1607 2571 1640 2596 v.

146 2611 426 2694 {wem-
426 2656 526 2692 n-„m
563 2609 726 2693 ἓξὲξ
749 2609 922 2702 {3335}
942 2609 1236 2692 {zeraam
1230 2619 1265 2691 Y·
1284 2605 1425 2691 Q
1446 2606 1540 2701 ξεῖ·
1558 2607 1643 2701 ‚ffl-

146 2707 340 2752 θυμός-ερον
362 2705 400 2741 ἐν
423 2707 495 2741 τοῖς
510 2704 710 2751 ἀλλοτρίοις
726 2703 746 2748 ἦ
765 2707 840 2741 τοῖς
856 2704 991 2741 οἰκείοις
1007 2706 1278 2751 φιλοσοφοῦσιν
1292 2703 1480 2750 ἅνθρωποι.
1529 2702 1640 2742 Vnde

146 2753 249 2790 hanc
265 2752 465 2800 scriptoris
482 2752 618 2789 Graeci
643 2751 871 2789 sententiam
895 2751 1075 2788 didicerit
1091 2751 1266 2794 Ioannes,
1282 2751 1459 2788 conicere
1474 2761 1638 2797 nequeo.

148 2801 336 2838 Exstabat
358 2801 514 2848 quidem
536 2800 579 2836 in
602 2799 733 2837 Nostri
754 2799 905 2837 saeculo
922 2799 1193 2847 opusculorum
1211 2799 1389 2847 Gregorii
1411 2798 1641 2836 Nazianzeni

146 2849 386 2897 quorundam
404 2848 525 2887 versio
549 2848 686 2886 Latine
710 2860 735 2885 a
759 2848 895 2886 Rufino
911 2848 1067 2896 scripta,
1086 2859 1184 2895 quae
1202 2850 1336 2885 tamen
1354 2846 1546 2895 Epistolas
1561 2859 1641 2885 non

147 2897 332 2937 continet.

1481 2978 1525 3014 91
