1846 3262
68 208 155 257 689
174 217 200 248 c
551 204 814 250 IOANNIS
855 203 1374 248 SARESBERIENSIS
1501 198 1612 264 [ΗΒ.
1626 211 1698 246 vt1

216 329 340 372 sione
390 328 699 378 committeret,
745 326 845 384 quis
894 326 1109 369 aduersus
1160 325 1401 370 Ecclesiam
1451 326 1698 369 Romanam

218 400 389 443 diutius
411 402 456 442 et
476 397 768 456 perniciosius
788 396 1068 449 intumuerit,
1095 396 1194 453 quis
1216 396 1366 439 omnia
1385 411 1475 439 non
1495 398 1590 439 tam
1617 409 1700 438 sua

219 484 353 526 quam
385 483 595 526 peruersa
626 467 724 525 lege
758 466 1034 518 tractauerit‚
1070 467 1170 524 quis
1202 466 1384 509 tandem
1419 465 1701 510 consueuerit

217 540 346 583 libito
371 539 544 582 licitum
571 552 827 594 coaequare.
890 536 940 580 Si
964 537 1065 594 quis
1089 540 1241 580 autem
1268 537 1316 579 in
1343 536 1413 580 his
1437 549 1698 580 commemo-

217 610 370 653 randis
383 609 600 667 copiosior
615 610 684 651 est
697 611 743 651 et
755 608 803 650 in
819 607 1040 665 explenda
1052 607 1228 651 malitia
1240 606 1437 664 nequior,
1450 605 1701 650 sincerioris
1721 620 1739 657 5

217 683 285 723 est
318 679 421 722 fidei
458 682 503 722 et
535 678 790 722 efficacioris
821 678 1083 721 industriae.
1141 677 1230 731 Qui
1262 692 1370 721 uero
1398 692 1480 734 pro
1509 677 1703 720 ueritate

216 751 321 793 fidei
342 753 422 793 aut
442 749 699 793 sinceritate
719 764 894 792 morum
915 748 970 792 de
997 748 1094 792 iure
1121 748 1276 792 diuino
1302 748 1473 805 aliquid
1492 747 1704 805 loquitur,

218 824 298 864 aut
333 820 669 878 superstitiosus
700 822 768 863 est
797 821 878 862 aut
907 819 1090 862 inuidus
1119 822 1200 863 aut
1230 818 1367 877 (quod
1396 818 1587 876 capitale
1616 820 1700 874 est)

171 889 199 930 d
218 891 432 949 principis
454 890 672 934 inimicus.
735 889 786 933 Si
804 890 926 933 dicas
947 889 1052 946 quia
1072 889 1201 947 ignis,
1218 889 1295 947 qui
1315 904 1396 947 per
1415 889 1704 946 septuaginta

218 976 359 1005 annos
400 961 685 1004 Babilonicae
725 960 1006 1018 captiuitatis
1037 960 1121 1003 sub
1155 974 1273 1017 aqua
1303 959 1494 1010 uixerat,
1524 959 1703 1002 demum
1724 973 1767 998 10

217 1032 444 1075 extinctus
475 1034 543 1074 est
573 1030 796 1074 Antiocho
826 1030 1049 1073 uendente
1081 1029 1233 1073 Iasoni
1265 1029 1589 1082 sacerdotium3
1623 1031 1705 1072 aut

219 1102 355 1160 (quod
380 1102 538 1145 beatus
563 1101 805 1159 Gregorius
824 1099 1038 1158 testatur)
1059 1101 1165 1158 quia
1184 1100 1465 1158 pestilentiae
1486 1102 1532 1143 et
1551 1099 1705 1150 fames,

217 1172 524 1216 concussiones
544 1172 760 1230 gentium,
779 1171 1027 1214 collisiones
1049 1185 1288 1229 regnorum
1309 1173 1355 1214 et
1375 1169 1706 1228 quamplurima

220 1242 409 1286 aduersa
436 1242 569 1285 terris
597 1241 871 1299 proueniunt
898 1256 955 1284 ex
983 1256 1033 1284 eo
1062 1241 1180 1298 quod
1204 1241 1393 1285 honores
1421 1240 1705 1284 ecclesiastici

222 1313 280 1356 ad
316 1312 512 1370 pretium
548 1312 622 1355 uel
656 1312 901 1355 humanam
936 1311 1132 1369 gratiam
1171 1310 1466 1355 conferuntur
1505 1310 1705 1368 personis
1725 1322 1765 1358 15

220 1398 311 1427 non
338 1383 535 1436 meritis3
565 1382 604 1426 si
630 1382 754 1425 dicas
781 1382 920 1425 Ozam
946 1396 1205 1439 percussum
1232 1397 1260 1425 a
1286 1381 1480 1425 Domino
1507 1396 1559 1425 eo
1586 1381 1705 1439 quod

222 1454 401 1497 archam
432 1455 671 1495 nutantem
703 1452 1017 1510 praesumebat
1053 1452 1246 1510 erigere3
1278 1452 1317 1495 si
1346 1455 1563 1510 regnante
1593 1452 1705 1495 Ozia

220 1539 324 1581 rege
360 1523 533 1581 leproso
568 1522 743 1566 siluisse
773 1522 941 1565 dixeris
972 1522 1151 1565 Esaiam
1182 1525 1228 1566 et
1253 1537 1305 1566 eo
1335 1525 1512 1565 mortuo
1538 1522 1705 1565 uidisse

221 1593 465 1637 Dominum
480 1592 708 1636 sedentem
724 1607 860 1650 super
875 1592 1035 1635 solium
1051 1593 1274 1636 excelsum
1289 1607 1298 1645 3
1328 1592 1366 1635 si
1386 1592 1554 1635 dixeris
1569 1606 1706 1635 onera

61 1662 153 1712 690
174 1671 204 1700 a
222 1663 500 1707 tabernaculi
529 1662 726 1706 humeris
752 1665 800 1706 et
827 1663 1041 1720 plaustris
1069 1662 1330 1706 Leuitarum
1356 1662 1596 1705 dumtaxat
1621 1662 1702 1704 im-
1724 1677 1769 1701 πο

222 1734 404 1785 minere,
423 1735 470 1776 et
490 1733 528 1776 si
550 1748 638 1790 qua
658 1736 765 1776 sunt
780 1732 828 1775 in
844 1733 941 1790 lege
962 1732 1047 1776 Dei
1068 1732 1244 1784 similia,
1259 1732 1371 1776 bene
1384 1735 1544 1792 agetur
1556 1735 1704 1776 tecum

221 1805 259 1848 si
292 1819 383 1848 non
422 1803 658 1847 mutilatus
698 1803 946 1846 retrudaris
982 1803 1030 1845 in
1061 1818 1282 1847 carcerem
1323 1807 1403 1846 aut
1436 1803 1484 1845 in
1519 1802 1706 1846 exilium

222 1874 500 1932 propellaris.
562 1873 771 1931 Vndique
788 1873 1133 1917 conclamaberis
1148 1876 1195 1917 et
1209 1877 1303 1916 tam
1323 1872 1549 1916 ambitiosi
1571 1888 1706 1930 quam

222 1946 423 1988 fautores
443 1959 596 1987 eorum
618 1947 844 1987 extremae
865 1943 1167 1987 damnationis
1187 1944 1235 1986 in
1254 1946 1301 1986 te
1320 1957 1411 1986 non
1431 1943 1707 1986 uerebuntur

223 2015 342 2060 ferre
378 2014 659 2058 sententiam.
719 2014 870 2057 Vnum
904 2017 1057 2058 tamen
1089 2014 1334 2058 remedium
1365 2013 1451 2058 tibi
1485 2013 1707 2059 Dominus
1726 2035 1767 2070 25

226 2151 265 2178 11
294 2140 475 2178 anthioco
493 2140 534 2176 M
681 2149 723 2186 17
749 2151 877 2176 arcam
894 2139 928 2176 A
1080 2150 1127 2186 24
1151 2139 1341 2177 sanctores
1356 2139 1390 2176 A
1496 2140 1539 2177 in
1556 2139 1610 2188 te]
1627 2139 1707 2177 uite

223 2189 315 2226 (ΓΒ1
460 2198 503 2236 25
530 2187 603 2226 tibi
621 2187 833 2226 remedium
852 2187 885 2223 A

273 2316 288 2342 1
316 2307 399 2353 quis
424 2307 603 2341 aduersus
625 2306 828 2342 Ecclesiam
848 2306 944 2342 etc.:
983 2303 1032 2341 cf.
1058 2305 1154 2341 Hist.
1179 2305 1316 2350 Pontis.
1343 2315 1376 2341 c.
1403 2313 1424 2340 2
1456 2303 1582 2350 (Pertz
1605 2306 1706 2342 Mon.

221 2355 319 2390 Hist.
340 2355 458 2390 Germ.
477 2355 550 2397 SS„
566 2364 630 2389 xx.
653 2366 717 2400 pp.
738 2355 817 2401 518,
837 2355 934 2400 519).
1065 2362 1088 2399 9
1113 2353 1212 2398 iynis
1234 2353 1307 2389 etc.
1333 2363 1454 2398 usque
1478 2352 1527 2388 ad
1551 2355 1709 2390 sacerdo-

222 2404 333 2438 tium:
360 2403 405 2438 ut
415 2413 463 2439 ex
473 2401 686 2449 Augustino
699 2401 870 2438 citantur
882 2412 944 2447 ap.
962 2399 1065 2437 Grat.
1084 2401 1223 2436 Decret.
1241 2400 1270 2436 Ι.
1284 2399 1310 2436 i.
1327 2411 1340 2436 1
1361 2412 1392 2436 c.
1406 2410 1453 2447 29
1473 2400 1704 2449 (Friedberg.

221 2449 246 2486 i.
259 2450 344 2496 371)
359 2462 368 2495 ;
394 2462 428 2485 v.
442 2460 463 2486 2
478 2449 650 2486 Machab.
662 2449 688 2486 i.
707 2459 750 2496 19
763 2461 867 2495 seqq.
984 2459 998 2486 1
1009 2458 1024 2485 1
1052 2449 1230 2484 Antiocho
1244 2449 1339 2485 etc.:
1365 2448 1498 2485 Iasone
1514 2449 1708 2487 sacerdote

223 2497 456 2535 exstinctum
496 2509 575 2535 esse
606 2497 736 2545 ignem
776 2509 934 2541 sacrum,
970 2496 1072 2543 quod
1105 2507 1185 2533 non
1219 2496 1382 2533 totidem
1416 2496 1538 2533 verbis
1570 2497 1708 2535 asserit

224 2556 244 2582 2
271 2546 447 2583 Machab.
471 2548 616 2590 auctor,
636 2544 768 2593 colligi
792 2545 921 2592 potuit
946 2556 993 2581 ex
1011 2544 1177 2581 eiusdem
1194 2543 1284 2580 libri
1307 2556 1342 2581 x.
1361 2555 1394 2590 3,
1411 2543 1479 2580 ubi
1499 2544 1546 2582 de
1565 2545 1707 2592 templi

222 2593 451 2641 purgatione
477 2595 565 2641 post
589 2596 750 2630 mortem
774 2592 958 2630 Antiochi
987 2593 1092 2629 facta
1114 2591 1263 2640 agitur:
1300 2595 1344 2629 de
1368 2594 1496 2638 iynitis
1523 2594 1709 2639 lapidibus

223 2644 306 2688 iyne
332 2647 497 2688 concepto
528 2644 711 2687 sacrificia
743 2643 950 2678 obtulerunt
966 2646 1050 2687 post
1074 2641 1271 2676 biennium.
1396 2650 1439 2677 12
1462 2643 1557 2687 quod
1585 2642 1709 2678 beatus

228 2691 424 2735 Greyorius
448 2695 624 2726 testatur:
658 2702 690 2726 v.
717 2688 831 2736 Greg.
857 2689 909 2725 M.
933 2690 1040 2726 Hom.
1065 2690 1115 2724 ad
1138 2690 1280 2734 Evany.
1305 2686 1394 2724 xvii.
1424 2689 1477 2731 16,
1499 2690 1570 2735 Ep.
1595 2688 1635 2724 xi
1657 2689 1707 2726 ad

225 2737 517 2774 Brunichildam
542 2737 717 2785 reginam
739 2739 779 2774 et
800 2739 874 2784 Ep.
900 2748 947 2774 cx
970 2736 1020 2772 ad
1044 2736 1321 2773 Theodericum
1345 2739 1386 2772 et
1408 2735 1707 2774 Tbeodibertum

223 2797 332 2832 reges
342 2785 573 2822 Francorum
580 2786 762 2832 scriptam
772 2785 921 2832 (Migne
932 2786 974 2822 P.
981 2786 1024 2821 L.
1031 2783 1145 2820 lxxvi.
1157 2795 1171 2820 1
1181 2794 1258 2829 147,
1267 2783 1483 2830 lxxvii.953,
1491 2785 1609 2830 1040).
1663 2786 1707 2821 16

227 2834 337 2869 Ozam
348 2835 441 2870 etc.:
468 2846 499 2869 v.
511 2844 532 2870 2
546 2834 637 2882 Reg.
648 2833 695 2870 vi.
710 2835 743 2878 6,
756 2842 789 2878 7.
865 2842 906 2878 17
932 2838 1107 2879 reynante
1119 2833 1208 2868 Θεία
1218 2835 1311 2870 etc.:
1337 2844 1372 2867 v.
1384 2843 1416 2868 2.
1429 2831 1595 2878 Paralip.
1605 2832 1706 2868 xxvi.

227 2883 271 2918 16
282 2892 397 2927 seqq„
407 2881 478 2920 Isa.
488 2881 536 2918 vi.
551 2892 582 2919 1.
681 2891 738 2928 19,
755 2892 802 2918 20
825 2893 937 2919 onera
949 2881 1176 2918 tabernaculi
1188 2882 1284 2918 etc.:
1309 2892 1343 2918 v,
1362 2879 1474 2917 Num.
1490 2879 1553 2916 vii.
1569 2888 1588 2924 5
1603 2891 1706 2927 seqq.

336 2954 400 2987 188
