1846 3262
143 243 244 276 cAr.
258 230 365 292 xix]
654 232 1094 279 POLICRATICVS
1634 232 1720 283 684
1739 247 1764 275 ο

142 352 332 398 Interim
351 353 763 411 philosophantium
783 354 934 398 studia
953 353 1213 398 deridentur
1219 367 1230 406 ;
1253 352 1291 396 si
1312 351 1420 410 quid
1434 350 1620 395 auditur

139 423 431 482 incognitum,
460 424 588 482 quasi
623 425 904 483 prophanum
939 425 1000 468 sit
1033 424 1384 481 condempnatur
1396 437 1407 475 ;
1457 424 1550 474 aut,
1579 421 1618 465 si

139 493 326 537 minoris
346 498 425 546 est,
444 495 788 552 contempnitur.
847 495 967 538 Nam
986 498 1040 539 ut
1059 494 1231 538 ratione
1251 496 1332 537 aut
1350 492 1618 537 auctoritate

139 563 403 621 reprobetur
441 564 612 608 frustm
651 568 870 623 expectas.
930 564 980 609 Si
1020 564 1193 608 ratione
1231 566 1313 608 aut
1352 562 1618 607 auctoritate

101 651 122 686 5
139 633 310 685 niteris,
341 634 717 687 consuetudinem,
750 650 839 693 qua
868 635 1120 679 abutuntur
1154 637 1200 679 et
1234 648 1369 691 quam
1404 632 1618 683 fecerunt,

140 703 357 758 obicient;
387 705 583 763 dicitque
602 720 834 763 procerum
854 705 970 749 alter
987 705 1046 749 ad
1065 705 1280 749 alterum:

256 779 355 824 Hoc
385 783 453 824 est
481 795 561 825 cur
589 780 758 838 pallet?
786 796 867 825 cur
895 781 996 838 quis
1025 795 1115 824 non
1145 779 1364 838 prandeat
1392 780 1475 825 hoc
1505 779 1605 824 est?

258 839 547 897 doctoresque
577 843 679 883 tuos
708 843 836 884 curto
865 843 1068 884 centusse
1097 839 1280 892 licetur3
1634 856 1663 897 d

140 917 188 958 et
220 915 421 973 psallunt
449 915 497 958 in
526 915 696 959 sobrios
729 915 777 958 hi
813 915 890 972 qui
921 915 1084 959 bibunt
1112 915 1282 958 uinum.
1343 914 1438 959 Nec
1467 918 1618 958 tamen

81 997 125 1023 ιο
140 984 384 1028 ambitione
402 988 533 1028 tanta
551 985 811 1043 episcopalis
829 985 1028 1043 dignitas
1056 985 1296 1028 dumtaxat
1320 987 1619 1043 oppugnatur,

139 1069 192 1099 eo
231 1055 351 1112 quod
388 1055 479 1098 iam
517 1055 703 1099 summis
742 1058 789 1099 et
827 1055 1025 1099 minimis
1064 1054 1218 1098 eadem
1256 1057 1326 1098 est
1359 1054 1619 1098 dominandi

137 1125 507 1184 praesidendique
545 1125 697 1171 libido.
757 1125 846 1179 Qui
876 1125 995 1169 enim
1029 1125 1228 1185 aspirare
1267 1139 1358 1169 non
1390 1125 1527 1169 audet
1560 1125 1619 1168 ad

137 1195 408 1248 cathedram,
430 1195 530 1252 pari
556 1195 775 1239 auiditate
802 1198 848 1239 et
879 1195 1044 1239 eisdem
1065 1195 1283 1239 machinis
1303 1194 1617 1253 praefecturas,

137 1265 523 1309 archidiaconatus
547 1268 594 1309 et
618 1266 731 1310 alias
756 1265 1020 1325 aggreditur
1048 1265 1306 1324 dignitates.
1366 1265 1556 1324 Indulge
1577 1266 1617 1310 ei

78 1346 122 1382 15
137 1335 372 1388 modicum,
391 1335 576 1381 audebit
602 1336 832 1395 ampliora,
852 1336 1062 1395 procedet
1086 1335 1306 1394 paulatim
1332 1335 1618 1381 reminiscens

169 1406 259 1451 uod

139 1421 169 1465 q
578 1465 794 1510 audentes
824 1464 1010 1510 fortuna
1038 1465 1179 1516 iuuat,

138 1544 186 1586 et
208 1541 345 1585 timor
371 1541 543 1585 animos
571 1542 799 1586 conuincit
827 1557 922 1586 esse
951 1541 1201 1599 degeneres.
1261 1540 1406 1585 Nemo
1435 1543 1617 1599 repente

137 1611 425 1670 turpissimus
464 1611 567 1656 fuit.
637 1611 687 1656 Si
718 1612 951 1670 paululum
981 1611 1241 1656 successerit
1274 1611 1350 1662 eis,
1379 1611 1518 1655 nichil
1550 1614 1618 1656 est
1633 1608 1718 1658 685
1737 1620 1768 1648 a

79 1697 124 1722 ιο
138 1682 259 1740 quod
297 1697 344 1726 se
382 1682 481 1726 fieri
518 1696 648 1740 posse
686 1697 777 1726 non
817 1685 1009 1740 sperent.
1068 1681 1266 1725 Tandem
1305 1681 1459 1739 itaque
1497 1682 1618 1740 quod

137 1752 310 1811 petitur
326 1751 568 1810 optinetur,
588 1752 678 1806 sed,
698 1754 752 1796 ut
772 1752 860 1796 dici
881 1753 1004 1806 solet,
1024 1751 1121 1796 Deo
1140 1752 1269 1796 irato.

281 1828 407 1872 Tunc
434 1842 605 1872 crassos
633 1828 846 1872 transisse
875 1828 970 1872 dies
999 1828 1230 1885 lucemque
1259 1826 1504 1885 palustrem

283 1890 331 1932 et
359 1886 446 1931 sibi
474 1887 566 1930 iam
590 1887 742 1931 miseri
771 1887 916 1931 uitam
945 1901 1152 1945 gemuere
1182 1886 1397 1931 relictam.

136 1962 315 2008 Nouam
350 1978 457 2022 ergo
490 1963 747 2021 concipiunt
779 1962 1124 2007 sollicitudinem
1154 1966 1201 2007 et
1229 1978 1385 2015 seram,
1416 1977 1468 2006 eo
1497 1963 1616 2021 quod

79 2056 120 2090 ²5
136 2033 350 2092 temporis
368 2033 543 2078 iactura
560 2033 759 2091 reparari
775 2048 866 2077 non
885 2035 1044 2090 potest.
1096 2032 1226 2086 Quod
1246 2033 1295 2075 in
1309 2033 1616 2077 claustralium

135 2104 302 2162 pluteis
329 2103 584 2147 continetur
610 2103 857 2155 excutiunt,
876 2103 1179 2146 litteratorum
1208 2103 1412 2160 expilant
1441 2103 1615 2155 scrinia,

135 2177 374 2233 corrogant
399 2173 611 2227 scedulas,
627 2173 866 2217 uerborum
895 2172 1100 2216 flosculos
1124 2172 1293 2230 legunt,
1313 2172 1616 2217 oratiunculas

136 2243 418 2301 conquirunt,
438 2245 485 2287 et
509 2243 653 2287 modis
675 2242 883 2286 omnibus
907 2242 1138 2286 elaborant
1160 2244 1215 2284 ut
1243 2241 1484 2285 uideantur
1502 2242 1615 2286 scire

137 2313 256 2371 quod
293 2313 499 2357 nesciunt
511 2326 521 2365 ;
561 2327 667 2356 nam
705 2315 759 2356 ut
789 2312 934 2356 sciant
964 2314 1046 2355 aut
1078 2312 1127 2354 in
1158 2311 1330 2354 uirtute
1368 2312 1615 2368 proficiant,

139 2417 156 2445 1
184 2405 602 2460 phylosophantiumhd
685 2416 710 2440 2
734 2403 1050 2459 condemnaturc
1066 2451 1074 2458 ·
1145 2415 1167 2450 3
1192 2403 1276 2451 aut]
1291 2405 1331 2441 et
1344 2403 1385 2440 M
1430 2451 1438 2459 .
1481 2415 1505 2449 4
1528 2404 1612 2451 aut]

136 2455 200 2550 12131
208 2453 371 2550 geunnen
388 2464 432 2538 11}
454 2452 777 2546 agrecgtuczgfflu
793 2462 882 2538 ogs
894 2451 1019 2498 iuuat]
1036 2453 1147 2489 uiuat
1164 2451 1189 2489 S
1287 2461 1331 2488 21
1358 2452 1558 2490 obtmetur
1573 2453 1614 2489 M

184 2595 206 2631 7
231 2587 478 2622 Hocestetc.:
502 2597 536 2621 v,
548 2583 650 2621 Pers.
660 2585 735 2620 Sat.
745 2595 801 2619 m
812 2584 871 2630 85.
975 2583 997 2619 8
1021 2583 1245 2629 doctoresque
1254 2587 1333 2619 tuos
1348 2584 1442 2619 etc.:
1467 2595 1498 2619 v.
1508 2582 1613 2621 Pers.

135 2635 214 2671 Sat.
228 2646 263 2670 v.
284 2643 347 2679 191
372 2638 405 2668 et
428 2638 572 2669 eentum
598 2633 755 2668 Graecos
778 2630 818 2679 (i.
829 2643 862 2669 e.
886 2629 1145 2678 philosophos)
1170 2635 1271 2667 curto
1294 2635 1453 2667 centusse
1476 2632 1614 2669 licetur.

136 2692 160 2728 9
171 2683 340 2728 psallunt
356 2682 448 2718 ete:
474 2693 507 2717 v.
525 2680 586 2716 Pa.
604 2678 724 2716 lxviii.
744 2688 798 2724 13.
955 2687 997 2723 17
1023 2679 1198 2714 audentes
1213 2680 1287 2715 etc.
1303 2689 1312 2712 z
1335 2678 1448 2726 Verg.
1466 2681 1558 2715 Aen.
1576 2692 1613 2716 x.

136 2732 221 2775 284.
350 2730 393 2767 18
417 2731 528 2765 timor
541 2729 635 2765 etc.:
660 2739 692 2763 v.
706 2726 924 2774 Verg.Aen.
938 2726 988 2764 iv.
1005 2736 1059 2772 13.
1153 2727 1266 2762 Nemo
1282 2728 1353 2763 etc.
1367 2739 1377 2763 ε
1401 2739 1434 2764 v.
1446 2726 1525 2764 Iuv.
1536 2729 1612 2764 Sat.

134 2778 177 2814 ii.
195 2779 254 2823 83.
396 2786 440 2813 21
468 2777 543 2813 Deo
558 2778 672 2812 irato:
697 2787 731 2811 v.
748 2773 832 2811 Ter.
847 2776 994 2812 Phor-m.
1010 2773 1037 2810 i.
1055 2783 1089 2810 2.
1107 2784 1176 2819 245
1199 2775 1248 2810 cf.
1267 2774 1358 2810 Hor.
1375 2776 1451 2812 Sat.
1466 2775 1506 2812 ii.
1525 2785 1559 2822 3.
1578 2777 1612 2818 8,

136 2825 236 2862 Pers.
254 2826 333 2862 Sat.
349 2823 397 2860 iv.
414 2834 472 2869 27.
592 2833 639 2860 22
668 2825 769 2859 Tunc
784 2834 922 2859 crassos
938 2824 1032 2859 etc.:
1058 2821 1161 2858 Pers.
1177 2823 1254 2859 Sat.
1268 2835 1301 2859 v.
1318 2823 1377 2866 60,
1391 2823 1451 2860 61.
1564 2834 1609 2870 23

136 2875 262 2911 miseri
271 2886 280 2909 ι
303 2875 377 2909 seri
392 2872 493 2909 Pers.
646 2880 692 2915 27
715 2872 901 2907 scedulas:
926 2869 950 2907 i.
964 2882 997 2908 e.
1014 2870 1233 2916 schedulas;
1260 2870 1311 2908 cf.
1327 2869 1482 2908 Hieron.
1497 2872 1608 2920 Apol.

134 2924 215 2960 ado.
233 2923 358 2967 Βιαὶη.
375 2920 432 2957 iii.
450 2931 486 2967 4,
504 2928 523 2968 5
543 2918 691 2968 (Migne
703 2920 747 2956 P.
763 2920 808 2957 L.
825 2917 931 2956 xxiii.
949 2927 1032 2966 459,
1049 2917 1148 2964 460).
1435 2980 1499 3018 ²⁷9
