1846 3262
98 200 181 250 786
201 200 230 240 b
579 196 845 241 IOANNIS
885 196 1405 241 SARESBERIENSIS
1508 197 1736 259 [mavnr

248 319 436 362 molesta
483 321 635 362 tamen
684 317 742 361 ad
791 317 1014 362 modicum
1059 318 1274 375 temporis
1313 320 1391 361 est.
1470 318 1590 362 Nam
1630 335 1728 363 eam

247 389 450 446 utrisque
477 388 734 445 contingere
760 387 1051 431 manifestum
1079 391 1159 439 est,
1185 388 1290 431 licet
1311 388 1535 446 (exigente
1554 389 1730 432 malitia

248 458 461 515 temporis
480 458 623 500 nostri
652 458 729 515 qui
757 458 805 500 in
833 473 913 501 nos
934 458 1160 515 flagellum
1181 457 1363 501 Domini
1383 458 1550 516 iugiter
1569 473 1727 516 prouo-

248 529 416 581 camus)
431 527 572 578 malis,
593 527 640 570 id
661 530 729 571 est
749 527 1076 585 insipientibus,
1097 527 1246 585 sepius
1266 528 1547 572 concedatur.
1609 529 1730 583 Quid

249 598 368 640 enim
399 598 447 639 in
477 598 609 640 rebus
638 598 847 641 humanis
878 598 1079 641 Romano
1109 598 1296 655 imperio
1325 599 1553 656 potentius
1582 601 1731 657 potest
1749 612 1774 646 5·

248 667 342 710 ulla
380 667 594 710 memoria
634 667 889 712 recordariz
967 667 1018 711 Si
1058 670 1310 725 temporum
1349 669 1484 712 series
1523 669 1581 712 ab
1620 668 1731 712 urbe

248 737 429 780 condita
449 737 721 788 reuoluatur,
741 737 854 780 illud
875 737 1171 782 inueniuntur
1188 739 1296 781 mali
1315 739 1504 796 gessisse
1523 738 1740 796 frequen·>

249 807 351 850 tius.
413 807 525 861 Quis
556 808 675 851 enim
706 808 818 852 Gaio
849 807 1057 866 Caligula
1086 808 1282 866 Augusti
1318 808 1454 852 tertio
1483 823 1732 852 successore

247 877 408 920 tetrior
431 881 512 921 aut
538 877 777 921 immanior
802 880 981 935 praeter
1000 878 1237 930 Neronem,
1258 878 1336 936 qui
1361 882 1660 923 antecessores
1684 882 1732 924 et

249 962 518 991 successores
553 963 705 991 omnes
740 947 1023 1005 turpitudine
1064 947 1186 991 uitae
1218 951 1264 991 et
1296 948 1513 1001 inauditis
1547 949 1732 1007 flagitiis
1753 959 1797 984 ¹0

250 1018 511 1075 superauit?
573 1017 661 1061 Hic
701 1018 852 1060 autem
885 1016 1092 1075 Caligula
1126 1019 1326 1062 omnium
1358 1019 1733 1076 flagitiosissimus

250 1091 431 1131 tantum
452 1087 570 1130 rexit
597 1089 678 1130 aut
701 1086 851 1144 potius
878 1087 1011 1131 torsit
1030 1087 1280 1146 imperium,
1301 1103 1354 1132 ea
1374 1089 1554 1146 quidem
1577 1090 1732 1134 crude-

209 1165 234 1195 c
251 1158 381 1201 litate
408 1160 461 1200 ut
487 1156 693 1214 propriae
722 1157 930 1200 inuidens
958 1156 1167 1201 felicitati
1192 1158 1248 1202 de
1276 1159 1530 1203 conditione
1550 1174 1734 1204 suorum

251 1231 503 1285 temporum
525 1230 786 1284 quereretur
806 1241 857 1270 eo
885 1227 1005 1284 quod
1031 1228 1167 1271 nullis
1198 1228 1523 1286 insignirentur
1552 1230 1732 1274 calami-

251 1298 422 1341 tatibus
452 1297 653 1355 publicis.
713 1296 797 1340 Ille
828 1297 1048 1354 siquidem
1078 1301 1181 1342 ortu
1211 1313 1292 1342 suo
1315 1302 1556 1356 pacauerat
1585 1299 1733 1343 secula
1753 1312 1794 1345 15

251 1367 329 1424 qui
370 1367 515 1409 delere
555 1369 742 1409 uenerat
785 1367 1150 1411 contradictionis
1192 1371 1238 1411 et
1276 1368 1434 1412 mortis
1477 1369 1732 1426 imperium.

253 1436 377 1479 Licet
412 1436 531 1479 enim
563 1436 671 1479 haec
703 1436 981 1480 immensitas
1015 1437 1136 1494 pacis
1168 1439 1487 1482 asscriberetur
1516 1439 1735 1498 Augusto,

255 1505 435 1549 Christo
465 1508 617 1548 tamen
651 1505 801 1562 potius
837 1506 1118 1550 asscribenda
1153 1510 1232 1558 est,
1257 1508 1334 1565 qui
1367 1509 1478 1552 ciuis
1507 1509 1736 1553 Romanus

253 1575 497 1618 indictione
517 1590 674 1618 census
694 1575 937 1632 asscriptus
965 1579 1033 1619 est
1060 1580 1276 1634 regnante
1303 1577 1523 1636 Augusto.
1584 1579 1733 1637 Siqui-

253 1645 355 1688 dem
376 1645 710 1703 euangeliorum
730 1648 776 1688 et
796 1645 1086 1689 historiarum
1107 1647 1303 1691 ueridica
1323 1648 1538 1693 relatione
1558 1652 1735 1693 constat
1755 1661 1799 1686 20

254 1715 359 1772 quia
395 1715 478 1758 sub
514 1730 565 1758 eo
599 1718 734 1759 natus
774 1718 843 1758 est
874 1719 1031 1759 auctor
1070 1717 1227 1761 unicus
1262 1718 1396 1775 pacis,
1428 1718 1551 1763 Deus
1589 1720 1734 1772 homo,

253 1785 444 1842 uirginis
473 1785 593 1828 filius
624 1784 844 1841 Christus,
879 1786 1006 1829 cuius
1036 1790 1191 1830 eterna
1220 1787 1453 1845 dispositio
1488 1789 1546 1832 ad
1580 1804 1735 1833 ueram

254 1870 407 1913 pacem
434 1857 480 1899 et
504 1854 749 1898 felicissimi
770 1856 897 1913 regni
924 1856 1248 1900 beatitudinem
1279 1859 1541 1916 conscripsit
1560 1859 1733 1911 electos,

253 1926 379 1969 cuius
419 1925 641 1968 aduentus
680 1925 836 1968 multis
883 1927 1228 1984 praenuntiatus
1267 1931 1336 1972 est
1385 1931 1431 1972 et
1479 1929 1733 1986 patefactus

207 1995 235 2036 d
253 1995 440 2039 indiciis.
491 1995 623 2047 Nam,
634 1998 688 2038 ut
709 1995 893 2039 Orosius
913 1996 1064 2048 refert,
1084 2012 1186 2041 cum
1206 1997 1343 2042 Cesar
1361 1998 1479 2043 Iulio
1498 1999 1736 2043 interfecto
1755 2014 1796 2048 25

255 2081 311 2109 ex
331 2065 570 2122 Apollonia
585 2065 760 2109 rediens
779 2066 936 2109 urbem
951 2067 1272 2125 ingrederetur,
1285 2069 1396 2112 hora
1409 2068 1586 2113 circiter
1600 2070 1737 2114 tertia

255 2138 438 2194 repente
464 2135 635 2192 liquido
662 2150 714 2179 ac
740 2150 854 2194 puro
882 2151 1036 2180 sereno
1063 2137 1254 2181 circulus
1274 2138 1332 2181 ad
1352 2139 1542 2196 speciem
1563 2139 1737 2184 celestis

256 2221 384 2249 arcus
415 2206 566 2249 orbem
595 2206 701 2249 solis
727 2206 912 2260 ambiit3
943 2210 990 2250 et
1013 2208 1096 2251 hoc
1122 2211 1281 2252 octauo
1312 2209 1421 2252 Idus
1441 2209 1643 2253 Ianuarii
1664 2210 1738 2254 die

257 2276 334 2333 qui
374 2276 540 2319 dicitur
578 2275 931 2333 Epiphaniorum
971 2278 1169 2322 creditur
1206 2278 1428 2331 accidisse,
1471 2294 1559 2336 quo
1601 2279 1739 2325 Cesar

257 2420 305 2445 20
327 2409 643 2457 euuangeliorum
659 2408 717 2446 A:
744 2410 1042 2459 ewangeliorum
1061 2410 1085 2448 S
1193 2410 1452 2458 hystoriarum
1469 2411 1510 2448 M

307 2540 347 2566 11
377 2531 539 2565 omnium
547 2531 885 2576 flayitiosissimus:
911 2529 1017 2567 Oros.
1036 2529 1098 2567 vii.
1117 2539 1135 2578 5
1157 2529 1175 2577 ξ
1199 2540 1229 2567 1.
1410 2541 1452 2577 13
1477 2533 1521 2568 de
1536 2534 1740 2569 conditione

259 2579 330 2614 etc.
350 2590 358 2613 :
385 2576 490 2613 Oros.
508 2576 572 2614 vii.
593 2587 610 2624 5
639 2578 657 2625 ξ
678 2589 698 2614 2
723 2589 769 2614 ex
794 2577 897 2614 Suet.
920 2579 1033 2624 Caliy.
1059 2589 1117 2624 31.
1167 2577 1223 2615 De
1250 2578 1467 2616 auctoribus
1493 2591 1587 2626 quos
1612 2580 1653 2616 in
1678 2580 1740 2617 his

259 2623 441 2671 capitulis
475 2628 630 2662 secutus
661 2627 717 2662 est
746 2625 899 2662 Orosius
925 2638 957 2662 v.
989 2626 1287 2673 Zangemeisteri
1315 2639 1402 2674 app.
1436 2626 1521 2664 crit.
1557 2627 1599 2664 in
1630 2629 1740 2674 Corp.

258 2674 392 2718 Script.
410 2674 543 2709 Ecclea
564 2675 647 2710 Lat.
662 2673 948 2711 Vindobonensi
965 2675 1057 2710 tom.
1075 2686 1108 2710 v.
1303 2684 1343 2721 15
1370 2676 1462 2712 Ille:
1490 2687 1540 2712 sc.
1559 2675 1742 2714 Chn'stus.

253 2725 456 2766 pacauerat
484 2723 628 2758 secula:
663 2720 750 2758 Iani
776 2721 897 2776 portis
925 2721 973 2757 ab
999 2721 1170 2769 Augusto
1196 2733 1266 2768 per
1290 2722 1490 2760 duodecim
1515 2723 1596 2760 fere
1622 2735 1741 2761 annos

260 2767 418 2813 clausis3
446 2781 478 2804 v.
495 2768 602 2806 Oros.
618 2768 665 2807 vi.
683 2779 728 2806 22
747 2767 789 2817 ἐξ
814 2779 827 2805 1
845 2781 948 2815 seqq.
1121 2772 1164 2806 18
1189 2772 1252 2816 qui
1269 2773 1362 2807 ciuis
1379 2772 1451 2807 etc.
1468 2783 1478 2807 :
1504 2770 1551 2806 cf.
1571 2770 1675 2807 Oros.
1691 2771 1739 2808 vi.

260 2826 305 2851 22
340 2815 382 2862 §§
413 2817 437 2852 6
462 2828 566 2863 seqq.
784 2825 826 2864 25
870 2819 977 2862 Nam,
1011 2822 1054 2854 ut
1087 2819 1236 2855 Orosius
1268 2820 1366 2856 etc.:
1410 2830 1443 2855 v.
1479 2817 1581 2855 Oros.
1611 2817 1659 2855 vi.
1695 2829 1742 2856 20

261 2861 304 2909 ἐξ
327 2872 403 2909 1-5-

375 2934 443 2976 360
