1846 3262
68 216 153 265 653
172 214 201 254 b

176 562 201 591 C

171 1611 200 1651 d

547 210 813 257 IOANNIS
855 209 1377 255 SARESBERIENSIS
1510 208 1624 271 [Lm.
1639 220 1711 254 vu

220 335 513 379 structionem
543 336 829 392 acceperant3
869 347 1094 376 summum
1124 332 1293 376 bonum
1328 333 1376 376 in
1406 334 1578 377 uirtute
1608 347 1711 376 con-

219 406 468 450 stituerunt
509 421 597 463 quo
637 405 770 462 plane
810 403 949 447 nichil
989 403 1150 446 melius
1190 406 1258 446 est
1293 403 1381 446 nisi
1416 403 1509 446 frui
1545 418 1596 447 eo
1633 402 1711 460 qui

219 491 391 520 summe
411 477 555 520 bonus
576 479 622 519 et
641 489 866 519 summum
894 474 1062 517 bonum
1087 476 1167 517 est.
1229 474 1348 517 Vsus
1375 474 1496 517 enim
1521 473 1708 517 uirtutis

219 548 417 605 optimus
449 550 527 598 est,
557 550 603 590 et
634 546 793 589 utendi
824 546 947 589 Deus
978 546 1073 603 ipse
1106 548 1175 589 est
1207 545 1394 589 fructus.
1455 545 1572 589 Cum
1602 559 1709 602 ergo

218 618 366 660 uirtus
396 618 491 660 sola
520 617 703 660 beatum
734 616 886 668 faciat,
907 616 965 659 ad
997 617 1212 660 thronum
1243 617 1351 668 eius,
1375 619 1556 674 sumpta
1586 629 1710 659 occa·
1728 627 1748 662 5

217 688 340 731 sione
362 703 419 731 ex
439 687 760 731 traditionibus
780 687 1042 739 doctiorum,
1060 702 1140 745 per
1155 687 1305 730 uarios
1320 687 1454 731 calles
1474 685 1711 730 ascendere

216 758 365 802 conati
396 761 515 802 sunt.
578 757 757 801 Stoicus
787 757 919 809 enim,
940 760 994 801 ut
1024 773 1175 801 rerum
1205 760 1514 815 contemptum
1543 756 1712 808 doceat,

217 828 265 870 in
295 828 454 872 mortis
480 827 773 871 meditatione
798 830 1030 881 uersatur3
1059 827 1416 885 Peripatheticus
1446 827 1494 870 in
1524 826 1711 885 inquisi-

217 899 340 942 tione
361 899 458 942 ueri
475 913 485 952 3
515 898 751 942 uolutatur
771 899 819 941 in
840 898 1152 956 uoluptatibus
1175 898 1418 956 Epicurus;
1449 901 1507 951 et,
1528 898 1633 942 licet
1653 897 1712 941 ad

217 983 360 1012 unum
392 968 595 1020 tendant,
628 968 779 1011 uarias
819 968 1066 1011 sententias
1108 968 1237 1026 quasi
1276 968 1375 1011 uias
1415 967 1712 1012 beatitudinis
1731 981 1773 1006 10

218 1039 500 1082 auditoribus
521 1039 614 1082 suis
641 1039 866 1096 aperiunt.
926 1038 995 1082 De
1016 1038 1178 1096 quibus
1199 1039 1407 1082 dubitare
1428 1040 1475 1082 et
1498 1052 1712 1096 quaerere

217 1110 409 1153 liberum
450 1112 529 1161 est,
570 1109 710 1153 donec
751 1124 809 1152 ex
848 1109 1085 1153 collatione
1124 1109 1456 1167 propositorum
1489 1108 1618 1166 quasi
1653 1124 1711 1152 ex

218 1179 412 1237 quadam
439 1179 666 1223 rationum
687 1179 914 1223 collisione
937 1179 1107 1223 ueritas
1137 1180 1378 1223 illucescat.
1441 1179 1530 1223 Sed
1557 1179 1613 1222 de
1639 1179 1711 1222 his

217 1250 356 1293 latius
376 1250 424 1292 in
445 1250 734 1307 sequentibus
763 1250 949 1295 dicetur.
1008 1250 1142 1294 Nunc
1173 1250 1365 1294 sufficiat
1392 1249 1638 1294 ostendisse
1661 1249 1708 1292 in'

219 1321 382 1378 quibus
402 1320 723 1364 Achademicos
743 1320 1008 1364 uacillantes
1027 1320 1160 1364 liceat
1180 1320 1362 1364 imitari.
1730 1334 1772 1369 15

218 1463 326 1522 Cap.
349 1480 387 1522 9.
419 1465 483 1508 De
503 1463 780 1521 arroya‘ntia
799 1463 1128 1508 multitudinis
1147 1463 1390 1521 imperitae
1402 1480 1421 1513 ;
1453 1468 1492 1508 et
1511 1464 1712 1521 qualiter

335 1534 524 1591 Zeyenda
554 1538 664 1578 sunt
695 1549 748 1578 ea
776 1548 893 1590 quae
914 1533 1121 1591 prodesse
1146 1538 1368 1591 poterunt
1396 1537 1435 1579 et
1465 1534 1600 1579 obesse
1612 1554 1632 1586 ;
1670 1539 1710 1579 et

337 1604 459 1662 quod
487 1604 678 1660 inyenio
707 1604 785 1648 uel
815 1604 1022 1648 exercitio
1052 1604 1152 1648 sine
1178 1605 1336 1662 qratia
1355 1605 1591 1661 sapientia
1613 1620 1710 1649 non

337 1674 574 1732 continyit.

276 1767 413 1811 Pauci
449 1770 601 1811 tamen
633 1769 741 1810 sunt
772 1767 850 1824 qui
885 1766 1285 1811 Achademicorum
1324 1767 1575 1811 imitatores
1615 1784 1709 1813 esse
1729 1783 1773 1807 20

218 1838 474 1896 dignentur,
494 1852 596 1882 cum
616 1837 923 1895 unusquisque
943 1853 1025 1895 pro
1045 1838 1180 1881 libitu
1207 1837 1358 1895 potius
1379 1853 1515 1895 quam
1534 1839 1710 1883 ratione

219 1908 358 1967 eligat
388 1908 498 1966 quid
527 1911 754 1965 sequatur.
816 1908 909 1951 Alii
930 1924 1124 1966 namque
1151 1908 1357 1966 propriis,
1378 1909 1456 1951 alii
1477 1909 1711 1953 doctorum

218 1978 515 2036 opinionibus,
536 1978 614 2021 alii
634 1978 941 2022 multitudinis
960 1979 1182 2023 consortio
1202 1979 1531 2025 distrahuntur.
1591 1980 1712 2034 Quid

219 2046 339 2090 enim
360 2045 541 2089 dubitat
561 2046 638 2103 qui
663 2045 839 2089 iuratus
858 2046 907 2089 in
931 2047 1071 2090 uerba
1096 2046 1303 2104 magistri
1327 2061 1417 2090 non
1445 2047 1554 2104 quid
1580 2048 1658 2091 sed
1683 2063 1712 2091 a

219 2130 308 2173 quo
329 2115 438 2173 quid
459 2115 636 2158 dicatur
655 2116 884 2160 attendit?
945 2116 1137 2170 Quiduis
1157 2117 1276 2160 enim
1297 2116 1461 2160 elatrat
1481 2117 1644 2161 acriter
1663 2120 1710 2162 et
1729 2137 1771 2171 25

219 2200 308 2243 quo
328 2185 504 2228 imbuta
524 2189 593 2228 est
612 2185 797 2243 puerilis
818 2189 926 2237 etas,
946 2187 1001 2230 de
1021 2187 1194 2230 intimis
1215 2187 1523 2244 philosophiae
1542 2187 1711 2231 abditis

220 2258 399 2299 erutum
445 2257 589 2313 putat.
650 2255 841 2299 Paratus
881 2259 927 2299 et
967 2256 1021 2300 de
1063 2256 1168 2300 lana
1208 2257 1391 2314 caprina
1430 2258 1710 2311 contendere,

219 2326 403 2371 credens
423 2325 698 2383 inopinabile
722 2326 760 2369 si
789 2327 899 2384 quid
927 2327 1134 2385 ignotum
1164 2327 1350 2371 auribus
1377 2328 1472 2371 eius
1499 2328 1713 2382 insonuit,

219 2412 301 2441 nec
328 2397 580 2440 rationibus
606 2397 856 2454 adquiescit
883 2412 1016 2455 quem
1047 2398 1241 2442 doctoris
1268 2398 1520 2456 captiuauit
1547 2399 1712 2458 opinio.

221 2539 238 2577 5
267 2532 422 2567 tronum
441 2529 502 2567 As
670 2540 691 2576 7
719 2530 879 2578 Stoycus
896 2530 929 2567 A
1098 2532 1120 2568 8
1146 2530 1429 2578 Peripateticus
1447 2531 1560 2569 GBS:
1585 2532 1712 2570 Perhi-

217 2578 410 2625 pateticus
425 2578 459 2615 A
606 2589 646 2616 11
675 2590 837 2626 querere
857 2580 896 2616 et
913 2578 1091 2616 dubitare
1109 2578 1156 2615 Α1
1302 2580 1349 2616 26
1373 2580 1651 2628 phylosophiae
1669 2580 1711 2617 M

268 2707 289 2742 3
315 2709 452 2732 summe
481 2697 597 2732 bonus
624 2700 658 2731 et
683 2707 866 2731 summum
892 2695 1049 2731 bonum:
1089 2694 1137 2731 cf.
1165 2693 1261 2741 Aug.
1292 2700 1419 2732 contra
1443 2697 1518 2743 Ep.
1544 2698 1708 2735 Manioh.

219 2756 250 2781 c.
269 2753 313 2790 37
335 2745 351 2789 ᾗ
371 2755 419 2789 42
440 2743 589 2791 (Migne
606 2745 647 2780 P.
667 2744 711 2778 L.
727 2741 810 2779 xlii.
829 2743 926 2788 202).
1025 2745 1046 2779 8
1073 2744 1115 2778 in
1132 2747 1260 2778 mortis
1271 2745 1505 2780 meditatione
1515 2751 1708 2783 uersatur:

219 2804 251 2828 v.
271 2791 358 2828 Sen.
379 2793 450 2838 Ep.
469 2801 516 2837 70
533 2790 552 2840 §
572 2793 614 2828 18
628 2790 733 2828 alibi.
928 2800 974 2835 24
999 2792 1148 2826 iuratus
1163 2793 1205 2826 in
1221 2792 1334 2827 uerba
1350 2794 1518 2838 mayistri
1529 2803 1539 2829 ε
1565 2806 1598 2830 v.
1617 2793 1710 2831 Hor.

219 2841 290 2885 Ep.
311 2839 336 2875 i.
359 2850 388 2876 1.
410 2851 464 2884 14.
613 2849 657 2886 25
685 2840 818 2875 elatrat
834 2840 988 2875 acriter:
1015 2850 1049 2875 v.
1071 2839 1163 2875 Hor.
1181 2840 1254 2885 Ep.
1270 2837 1296 2876 i.
1319 2840 1373 2877 18.
1396 2841 1450 2878 18.
1595 2850 1641 2888 27
1667 2843 1712 2878 de

220 2890 310 2924 tana
327 2890 506 2933 caprina:
531 2888 621 2925 Hor.
640 2889 711 2934 Ep.
728 2886 754 2923 i.
776 2889 829 2924 18.
853 2895 906 2934 15.

335 2969 398 2993 122
