1846 3262
64 229 144 270 616
163 229 194 269 b
548 224 811 271 IOANNIS
842 220 1365 268 SARESBERIENSIS
1439 216 1441 219 ’
1516 219 1698 277 [navt

212 349 342 407 plene
363 349 608 393 describere
628 345 912 404 impossibile.
974 344 1069 387 Nec
1092 359 1174 402 ego
1201 343 1376 387 uiribus
1396 341 1508 385 meis
1529 354 1701 398 arrogo,

212 420 260 462 in
292 434 390 476 quo,
418 419 455 462 si
484 419 614 461 iuxta
640 416 944 475 praecedentis
972 414 1145 473 gratiae
1173 428 1354 457 cursum
1382 411 1468 455 sibi
1496 411 1576 454 diu
1603 424 1700 454 suc·
1730 460 1736 466 ,

213 490 426 533 cesserint
455 503 677 546 prospera,
708 487 869 530 sudare
901 488 1116 543 poterunt
1153 484 1340 528 Orosius
1374 482 1625 540 Egesippus
1656 483 1702 524 et

214 560 397 617 Trogus.
459 558 669 603 Ceterum
690 556 1013 600 adolescentiae
1034 555 1185 598 exitus
1213 553 1440 612 aliquibus
1467 554 1701 610 suspectus

214 632 292 680 est,
313 632 359 672 et
378 629 552 672 utinam
577 628 748 671 frustra
768 643 795 670 a
815 627 944 670 bonis
964 627 1193 670 timeatur.
1720 637 1741 672 5

171 726 196 756 c
215 716 324 774 Cap.
347 729 411 772 19.
441 716 505 759 De
534 714 698 758 honore
724 713 959 758 militibus
988 712 1242 763 emhibewdo,
1263 714 1301 756 et
1328 709 1550 754 modestia
1569 708 1701 753 inoli-

328 786 471 830 cenda
486 802 505 835 ;
535 789 574 829 et
595 786 679 842 qui
699 785 898 828 militiae
919 788 1065 828 artem
1086 782 1385 834 tradiderint,
1405 785 1444 826 et
1464 779 1703 838 yeneralia

329 857 555 913 quaedam
570 859 812 912 praecepta
837 870 1009 899 eorum.

272 932 391 985 Quid
421 946 570 975 moror
598 932 646 974 in
681 930 1065 974 commendatione
1095 929 1244 988 gentis
1276 943 1411 986 quam
1447 927 1503 971 de
1535 929 1703 970 natura

213 1005 389 1045 constat
416 1016 509 1045 esse
530 1001 832 1045 laudabilem?
893 1001 1060 1044 Beatus
1082 999 1311 1058 Eugenius
1339 1013 1450 1050 eam,
1481 997 1539 1041 ad
1568 1011 1702 1054 quae·
1725 1013 1767 1038 ιο

214 1087 402 1129 cumque
417 1072 554 1115 uellet
575 1071 802 1129 applicari,
816 1071 935 1114 dixit
956 1086 1049 1114 esse
1066 1071 1272 1114 idoneam
1294 1073 1340 1113 et
1361 1067 1704 1128 praeferendam

215 1143 315 1186 aliis
346 1143 431 1186 nisi
463 1143 625 1185 leuitas
655 1142 904 1200 impediret.
965 1141 1067 1194 Sed,
1099 1141 1216 1184 sicut
1245 1139 1477 1183 Hannibal
1507 1138 1705 1198 negabat

215 1228 342 1270 posse
371 1213 492 1256 uinci
524 1213 746 1256 Romanos
775 1213 863 1255 nisi
894 1212 942 1255 in
971 1212 1121 1270 patria
1151 1227 1244 1263 sua,
1272 1211 1338 1254 ita
1369 1213 1415 1254 et
1444 1211 1565 1261 haec,
1594 1209 1704 1252 dum

215 1283 540 1341 peregrinatur,
560 1283 835 1327 inuincibilis
863 1286 954 1336 est3
983 1298 1089 1325 nam
1117 1282 1165 1325 in
1193 1282 1373 1326 sedibus
1404 1281 1497 1325 suis
1524 1280 1703 1324 facilius

216 1356 514 1410 expugnatur.
594 1353 691 1396 Hoc
741 1355 892 1396 autem
943 1352 1060 1396 forte
1101 1367 1334 1396 commune
1381 1351 1551 1394 habent
1599 1365 1702 1394 cum
1724 1365 1765 1401 15

216 1423 374 1466 ceteris
408 1422 618 1480 gentibus
651 1423 820 1466 incolae
856 1423 1196 1466 Britanniarum
1234 1425 1369 1479 atque
1405 1420 1578 1464 Italiae.
1653 1420 1703 1464 Si

216 1507 324 1536 uero
365 1496 484 1536 recte
524 1492 697 1536 fuerint
746 1493 948 1537 instituti
997 1496 1042 1536 et
1092 1492 1342 1536 doctrinam
1383 1487 1704 1535 exercitatione

217 1562 509 1614 firmauerint,
522 1563 728 1606 honorati
744 1563 967 1617 incedant,
980 1564 1232 1606 habeantur
1246 1562 1421 1620 patriae
1437 1561 1705 1613 defensores,

171 1631 200 1671 d
218 1633 394 1676 niteant
415 1634 539 1677 cultu
567 1634 644 1691 qui
671 1637 823 1678 tamen
845 1635 966 1678 uiros
990 1635 1171 1687 deceat3
1201 1649 1306 1677 nam
1327 1633 1475 1678 cultus
1494 1633 1705 1677 lasciuior

217 1718 298 1746 nec
318 1703 365 1745 in
386 1704 593 1747 muliebri
613 1720 725 1748 sexu
744 1705 858 1748 uitio
879 1708 1001 1749 caret
1021 1708 1102 1748 aut
1121 1708 1241 1749 nota.
1723 1720 1767 1744 20

279 1772 446 1817 Crebro
466 1789 658 1832 namque
671 1778 947 1832 compertum
962 1779 1029 1818 est
1050 1775 1097 1817 in
1112 1774 1241 1818 bellis
1261 1774 1450 1818 militiae
1470 1774 1704 1818 lasciuien-

218 1846 310 1886 tem
350 1846 413 1888 et,
436 1844 717 1902 splendidum
748 1849 1016 1902 apparatum
1047 1860 1138 1888 non
1172 1847 1267 1888 tam
1297 1844 1472 1888 ciuibus
1502 1843 1705 1888 conferre

218 1913 453 1956 uictoriam
494 1929 628 1971 quam
671 1915 821 1958 hostes
861 1915 1057 1958 inuitare
1094 1914 1151 1958 ad
1194 1914 1418 1972 praedam.
1494 1914 1624 1958 Vnde
1659 1917 1706 1958 et

220 1983 462 2035 Hannibal,
493 1999 594 2027 cum
634 1985 755 2043 apud
795 2001 944 2043 regem
977 1985 1250 2028 Antiochum
1286 1988 1538 2030 moraretur
1571 1999 1706 2028 causa

218 2053 708 2111 profugii,facetissime
723 2055 961 2099 cauillatus
978 2060 1056 2107 est,
1065 2070 1169 2113 rege
1185 2058 1440 2099 ostentante
1457 2055 1704 2099 exercitum
1725 2072 1742 2096 2
1748 2072 1767 2108 5

218 2123 470 2182 insignibus
490 2125 638 2168 aureis
659 2129 704 2169 et
724 2126 949 2183 argenteis
969 2126 1215 2178 florentem,
1235 2126 1521 2169 inducentem
1547 2141 1706 2175 currus

219 2208 320 2237 cum
341 2194 532 2238 falcibus
553 2198 599 2238 et
618 2210 720 2239 cum
748 2196 949 2239 turribus
974 2196 1234 2254 elephantos
1262 2198 1308 2239 et
1334 2211 1511 2240 omnem
1533 2196 1704 2254 equita-

219 2266 317 2307 tum
359 2264 500 2308 frenis
536 2265 728 2323 epiphiis
768 2266 1010 2310 monilibus
1050 2281 1102 2309 ac
1138 2266 1292 2310 faleris
1332 2266 1704 2325 praefulgentem.

220 2333 334 2378 Cum
357 2349 463 2392 ergo
483 2350 564 2378 rex
585 2336 960 2393 contemplatione
981 2337 1100 2380 tanti
1122 2351 1172 2380 ac
1197 2339 1290 2379 tam
1312 2337 1460 2380 ornati
1482 2337 1706 2381 exercitus

218 2403 542 2460 gloriabundus
563 2405 864 2449 Hannibalem
886 2406 1133 2464 aspexisset
1150 2422 1159 2450 ε
1190 2407 1397 2458 Putasne,
1413 2408 1574 2465 inquit,
1595 2407 1705 2452 satis
1724 2426 1767 2460 30

77 2480 153 2530 617
171 2490 201 2519 a
220 2487 313 2516 esse
334 2473 547 2517 Romanis
568 2475 676 2519 haec
696 2476 877 2520 omnia?
939 2475 1063 2520 Tunc
1085 2476 1231 2519 Penus
1255 2477 1448 2521 illudens
1474 2478 1705 2536 ignauiam

219 2543 550 2601 imbelliamque
589 2545 786 2588 militum
826 2545 922 2589 eius
962 2546 1156 2604 pretiose
1196 2551 1503 2590 armatorum:
1555 2548 1706 2601 Plane,

218 2612 837 2679 mparatum
854 2632 879 2669 S
954 2644 1002 2680 30
1018 2633 1277 2681 conspexisset
1293 2634 1327 2670 A
1400 2646 1441 2682 31
1464 2634 1622 2673 eludens
1636 2635 1704 2674 sM

274 2719 316 2744 10
339 2710 550 2754 Euyenius.
576 2709 616 2746 id
635 2711 705 2755 est,
696 2708 919 2795 ,Eugenius
937 2709 995 2745 III
1013 2722 1125 2757 papa,
1145 2723 1231 2748 cum
1249 2723 1325 2757 quo
1351 2715 1595 2750 conversatus
1620 2716 1705 2752 erat

221 2754 302 2802 ipse
321 2756 481 2794 Ioannes
503 2760 655 2802 noster:
680 2770 713 2794 v.
739 2770 782 2794 in
801 2770 844 2794 ra
870 2770 890 2796 0
929 2769 975 2803 24
995 2759 1134 2805 (6243)
1153 2762 1193 2796 et
1218 2758 1338 2804 alibi;
1377 2761 1426 2798 cf.
1452 2762 1495 2799 R.
1522 2762 1562 2799 L.
1588 2762 1704 2800 Poole

221 2805 318 2841 Dict
337 2806 421 2840 Nat.
441 2806 544 2851 Bioy.
564 2806 669 2842 xxix.
686 2816 770 2851 440,
788 2816 855 2851 441
876 2818 903 2842 s.
917 2818 950 2843 v.
966 2808 1067 2843 John
1085 2809 1130 2853 of
1147 2808 1347 2855 Salisbury.
1545 2821 1586 2847 12
1610 2813 1707 2848 sicut

218 2853 413 2888 Hannibal
430 2855 524 2890 eto.:
552 2866 583 2890 v.
601 2853 737 2890 Iustin.
756 2854 858 2890 xxxi.
879 2865 900 2900 3
920 2853 938 2900 ξ
959 2864 991 2899 7.
1188 2866 1243 2902 23,
1264 2867 1310 2902 24
1341 2858 1441 2894 Vnde
1458 2862 1491 2894 et
1511 2859 1707 2896 Hannibal

219 2902 315 2936 eta:
342 2912 373 2937 v.
393 2899 488 2938 Gell.
505 2913 538 2938 v.
559 2911 590 2948 5.
737 2903 783 2939 28
809 2903 989 2949 epiphiis·
1014 2901 1040 2940 i.
1054 2914 1086 2941 e.
1105 2902 1315 2952 ephippiis.

330 2973 376 3007 54
