1846 3262
97 217 185 269 760
204 218 235 258 b
585 213 848 260 IOANNIS
888 213 1406 259 SARESBERIENSIS
1515 213 1626 275 [ΗΒ.
1640 223 1733 258 VIII

256 338 442 396 expellit
461 338 751 387 honestatem,
772 335 1001 379 sordidum
1022 337 1090 379 est
1110 338 1156 378 et
1174 335 1429 379 habendum
1449 335 1498 378 in
1517 335 1735 379 sordibus.

256 408 361 452 Non
390 410 541 451 tamen
571 406 779 465 arguitur
807 405 927 463 quod
955 404 1195 448 necessitas
1223 404 1481 457 introducit,
1509 405 1616 462 quia
1643 420 1736 448 non

214 492 241 523 c
257 493 408 523 omnes
429 477 579 522 omnia
598 479 797 534 possunt,
818 479 865 519 et
885 479 954 519 est
973 475 1099 519 cuius
1125 477 1291 518 natura
1320 475 1463 533 exigit
1481 475 1601 518 unde
1620 475 1736 519 alius

256 549 501 592 honeratur
520 549 602 590 aut
630 546 749 604 quod
768 546 949 589 omnino
977 545 1096 589 ferre
1122 559 1213 588 non
1240 547 1399 603 potest.
1460 544 1558 590 Hoc
1584 547 1736 588 autem

256 616 539 675 philosophia
586 616 805 674 praecipit
844 615 1084 667 obseruari,
1123 618 1177 659 ut
1217 615 1404 672 quisque
1443 615 1492 657 in
1529 614 1737 658 omnibus
1755 624 1775 660 5

257 687 406 745 fugiat
435 690 601 738 notam,
631 686 831 730 indicens
860 685 1026 729 actioni
1065 684 1381 729 rectitudinem
1410 699 1468 728 ne
1497 684 1559 728 sit
1587 699 1736 742 repre·-

257 757 501 810 hensibilis,
531 756 723 800 sermoni
754 756 975 800 cautelam
1004 770 1061 798 ne
1091 755 1152 799 sit
1181 754 1541 812 contemptibilis,
1561 754 1738 798 habitui

256 827 521 871 modestiam
547 841 605 870 ne
634 826 695 869 sit
718 826 957 880 notabilis;
988 825 1382 882 intemperantiam
1410 839 1604 882 namque
1629 826 1740 867 nota

257 897 496 944 conuincit.
554 896 612 940 In
631 896 896 940 hodiernum
921 895 1040 938 diem
1068 894 1276 952 arguitur
1305 894 1592 953 intemperies
1622 894 1739 937 Hor·

258 967 404 1018 tensfi,
424 982 452 1010 a
473 981 560 1025 quo
580 966 657 1010 isti
687 965 883 1010 dealbati
904 965 1050 1008 adhuc
1080 965 1292 1008 dicuntur
1322 964 1628 1017 Hortensiani,
1648 978 1740 1007 non
1759 976 1802 1002 10

260 1037 379 1095 quod
408 1037 579 1094 primus
609 1036 687 1080 sed
715 1035 835 1094 quod
873 1035 1138 1093 praecipuus
1172 1035 1332 1078 talium
1362 1034 1514 1086 fuerit,
1543 1034 1654 1078 adeo
1686 1036 1742 1078 ut

260 1107 483 1151 suffecerit
503 1107 561 1150 ad
580 1109 734 1150 notam
764 1106 900 1149 seculi
928 1106 1023 1158 sui3
1051 1105 1125 1148 uir
1149 1105 1307 1162 utique
1334 1105 1529 1162 alloquio
1555 1119 1613 1148 ex
1638 1117 1740 1162 pro-

260 1176 378 1220 fesso
397 1176 543 1220 mollis
564 1179 610 1220 et
635 1177 684 1219 in
709 1176 966 1234 praecinctu
986 1189 1155 1232 ponens
1174 1189 1351 1218 omnem
1375 1174 1577 1218 decorem
1597 1188 1740 1218 suum.

261 1246 369 1289 Fuit
408 1246 527 1289 enim
567 1247 738 1290 uestitu
778 1246 835 1289 ad
874 1244 1205 1288 immunditiem
1244 1244 1417 1288 curioso
1457 1247 1513 1296 et,
1543 1247 1597 1288 ut
1629 1244 1742 1288 bene

263 1316 453 1360 amictus
473 1316 571 1367 iret,
591 1316 752 1360 faciem
773 1314 1015 1373 quaerebat
1041 1314 1090 1357 in
1109 1314 1298 1371 speculo.
1358 1314 1447 1358 Vbi
1475 1329 1522 1358 se
1548 1314 1741 1367 intuens,
1763 1325 1803 1360 15

219 1390 251 1432 d
265 1388 416 1444 togam
436 1385 609 1444 corpori
629 1386 691 1429 sic
710 1385 965 1443 applicabat
984 1386 1037 1427 ut
1056 1398 1192 1442 rugas
1207 1398 1263 1427 ne
1284 1383 1402 1427 forte
1422 1384 1500 1428 sed
1518 1383 1743 1428 industria

263 1456 430 1499 locatas
465 1455 633 1499 artifex
663 1454 807 1498 nodus
846 1453 1115 1512 astringeret
1154 1455 1201 1496 et
1239 1453 1364 1497 sinus
1403 1468 1460 1497 ex
1499 1453 1742 1511 composito

263 1526 462 1569 defluens
500 1525 681 1568 modum
715 1524 869 1567 lateris
909 1523 1112 1567 ambiret.
1175 1523 1224 1566 Is
1264 1523 1501 1580 quondam,
1531 1537 1632 1566 cum
1673 1522 1742 1566 in-

262 1595 438 1642 cederet
470 1595 723 1638 elaboratus
755 1593 812 1637 ad
847 1593 1048 1651 speciem,
1080 1592 1274 1651 collegae
1313 1592 1368 1636 de
1407 1592 1586 1636 iniuriis
1620 1592 1740 1636 diem

264 1665 383 1709 dixit
403 1664 522 1722 quod
541 1664 627 1707 sibi
656 1664 705 1706 in
724 1662 945 1721 angustiis
966 1662 1124 1706 obuius
1144 1663 1315 1705 offensu
1335 1661 1525 1706 fortuito
1545 1665 1740 1706 structu·
1761 1675 1805 1700 πο

264 1750 361 1778 ram
380 1738 513 1792 togae
532 1734 839 1785 destruxerat3
870 1735 915 1776 et
935 1731 1126 1790 capitale
1144 1731 1327 1790 putauit
1347 1732 1465 1789 quod
1486 1732 1535 1774 in
1554 1732 1741 1775 humero

263 1817 345 1849 suo
363 1805 509 1848 locum
528 1818 643 1861 ruga
668 1805 899 1846 mutasset.
960 1801 1113 1845 Nichil
1139 1801 1229 1844 tale
1250 1801 1497 1859 sapientem
1517 1801 1644 1845 decet
1663 1803 1745 1845 aut

264 1874 414 1918 uirum
447 1873 664 1931 probum3
704 1872 841 1914 immo
876 1873 922 1914 et
952 1873 1182 1914 matronae
1217 1871 1429 1915 honestae
1463 1874 1510 1915 et
1544 1870 1744 1929 uirgines

265 1948 490 2002 nupturae
510 1943 686 1987 facilius
707 1944 753 1985 et
774 1940 947 1984 felicius
967 1941 1025 1984 ob
1045 1941 1195 1984 dotem
1215 1940 1386 1984 formae
1401 1943 1576 1985 tantam
1596 1941 1744 1985 cultus

266 2014 338 2059 sui
364 2013 708 2057 sollicitudinem
735 2011 1014 2055 erubescunt.
1076 2011 1243 2054 Mirum
1267 2010 1421 2069 itaque
1443 2013 1512 2054 est
1541 2025 1631 2069 qua
1659 2010 1744 2055 im·
1765 2016 1807 2052 ²5

265 2084 482 2142 pudentia
501 2083 634 2127 etatis
653 2084 833 2125 nostrae

851 2162 999 2206 cultus
1028 2164 1204 2220 gestare
1233 2161 1412 2206 decoros

560 2222 642 2266 uix
670 2222 858 2265 nuribus
887 2235 1075 2278 rapuere
1103 2235 1261 2264 mares.

125 2327 206 2379 761
225 2336 256 2366 a
273 2317 392 2371 Quid
421 2331 528 2374 ergo
556 2315 677 2374 quod
705 2315 904 2359 milites?
964 2313 1084 2367 Quid
1114 2313 1233 2370 quod
1262 2313 1442 2358 clerici?
1517 2312 1748 2371 Siquidem

271 2387 379 2431 haec
395 2386 545 2430 omnia
560 2385 763 2428 fallacem
778 2383 1023 2427 meretricis
1040 2382 1191 2426 fucum
1205 2385 1251 2426 et
1266 2382 1484 2425 malitiam
1500 2382 1747 2427 imitantur.
1767 2393 1810 2428 30

271 2457 390 2511 Quid
425 2471 531 2514 ergo
564 2455 664 2498 uiro
695 2468 796 2499 cum
837 2453 1026 2511 speculo,
1057 2452 1145 2495 nisi
1185 2452 1233 2495 in
1273 2467 1324 2496 eo
1363 2467 1469 2496 casu
1509 2467 1597 2509 quo
1635 2452 1749 2496 illud

270 2527 500 2570 Platonem
535 2527 730 2582 gestasse
762 2523 892 2568 testis
927 2525 996 2567 est
1027 2521 1284 2574 Flauianus,
1315 2524 1369 2567 ut
1403 2522 1579 2567 uideret
1613 2522 1662 2566 in
1696 2536 1748 2568 eo

272 2631 316 2666 13
341 2619 518 2667 precintu
536 2618 561 2654 S

318 2709 351 2742 2,
367 2710 386 2744 3
413 2710 490 2734 non
505 2709 627 2734 omnes
643 2698 716 2734 etc.
731 2708 740 2732 ε
764 2707 797 2733 v.
812 2695 925 2742 Verg.
939 2695 1018 2731 Ecl.
1032 2693 1111 2731 viii.
1129 2695 1187 2740 63.
1264 2703 1318 2738 11,
1337 2703 1378 2731 12
1405 2695 1493 2730 adeo
1507 2698 1550 2730 ut
1570 2694 1750 2739 sufficerit

272 2748 344 2784 etc.
360 2758 477 2792 usque
505 2746 554 2782 ad
578 2749 775 2781 mutasset:
801 2755 835 2780 v.
853 2742 1020 2779 Macrob.
1039 2741 1094 2778 iii.
1116 2752 1157 2788 13
1178 2740 1219 2788 §Z
1238 2751 1272 2787 4,
1293 2750 1325 2788 5.
1446 2750 1491 2786 27
1515 2743 1635 2778 cultus
1649 2742 1746 2778 etc.:

271 2794 360 2830 Luc.
376 2795 506 2830 Phara.
524 2792 548 2829 i.
571 2794 650 2836 164,
674 2793 752 2838 165.
873 2801 918 2835 32
942 2792 1152 2826 Platonem:
1179 2781 1289 2826 Hanc
1315 2788 1515 2826 historiam
1533 2800 1580 2825 ex
1601 2788 1746 2826 Ioanne

270 2843 400 2924 ἓοῗίιτο
426 2841 523 2878 citat
531 2839 742 2933 fvlraugms
766 2837 909 2884 Butley
932 2840 975 2875 de
1005 2839 1089 2874 Vita
1111 2843 1144 2874 et
1166 2838 1332 2874 Moribus
1354 2835 1746 2883 Philosophoncmoed.

300 2900 401 2925 oon.
424 2898 514 2934 1472
549 2898 640 2932 0.4
683 2913 691 2923 .

380 2969 449 3004 3¹⁴
