1846 3262
118 204 204 244 820
220 214 246 245 c
591 205 796 250 IOANN
798 205 857 250 IS
901 199 1417 251 SARESBERIENSIS
1509 203 1626 269 [ΠΒ.
1641 218 1738 253 VIII

262 325 517 370 diuinitatis
538 327 837 385 corporaliter,
853 328 1055 371 extraxit
1077 328 1278 386 (inscissa
1296 330 1449 372 tamen
1469 325 1739 385 substantia)

262 399 309 440 et
323 397 538 454 produxit
553 397 601 440 in
616 401 783 441 terram
804 398 1175 456 peregrinationis
1190 401 1368 442 nostrae
1389 402 1435 443 et
1450 397 1675 457 plantauit
1690 397 1739 439 in

260 467 408 510 medio
425 467 657 520 Ecclesiae,
672 470 726 511 ut
741 467 798 510 ab
813 482 865 511 eo
880 467 1132 511 illustretur
1151 483 1231 526 per
1250 469 1493 521 scientiam,
1506 468 1740 511 roboretur

262 552 343 595 per
367 537 596 590 uirtutem,
618 541 664 581 et
694 538 868 581 exultet
896 538 944 580 in
971 538 1273 582 misericordia
1295 539 1435 591 uberi,
1454 541 1502 583 et
1524 537 1740 597 gaudium

217 607 246 648 d
263 606 358 649 eius
377 607 559 664 plenum
579 607 651 657 sit,
678 607 894 665 gaudium
926 622 954 650 a
983 607 1079 651 Deo
1109 610 1155 651 et
1184 607 1233 650 in
1260 607 1367 661 Deo,
1386 608 1601 666 gaudium
1621 606 1740 664 quod
1759 611 1778 647 5

261 691 391 719 nemo
425 677 554 720 tollet
586 677 644 720 ab
679 677 789 735 ipsa.
847 676 1044 733 Accedat
1078 691 1184 735 ergo
1216 677 1274 720 ad
1305 678 1521 730 arborem,
1551 677 1740 721 ducente

259 746 422 804 gratia,
441 747 531 804 qui,
552 747 800 791 abducente
827 747 1193 804 concupiscentia,
1215 747 1405 805 deliquit
1434 748 1483 790 in
1512 748 1742 799 arborem3

259 816 471 873 quoniam
492 817 611 860 salus
630 820 785 861 nostra
804 817 862 860 ab
882 817 1036 860 eadem
1055 820 1293 874 procurata
1320 819 1388 861 est
1406 818 1454 860 in
1479 818 1616 876 ligno,
1636 817 1743 875 quia

261 901 380 930 mors
415 890 520 930 ante
554 887 769 945 processit
800 902 828 931 a
862 887 996 945 ligno.
1067 887 1263 931 Accedat
1302 887 1379 931 sed
1418 888 1467 931 in
1506 887 1742 932 contrariis

259 957 489 1014 passibus;
518 957 729 1015 quoniam
749 957 985 1002 contrariis
1005 957 1187 1015 expedit
1205 958 1351 1001 curari
1372 957 1608 1002 contraria.
1671 957 1742 1009 Et,
1761 971 1801 996 10

259 1027 368 1083 quia
405 1042 496 1071 non
536 1026 688 1071 fuerat
726 1027 953 1071 hominem
992 1027 1245 1071 deiecturus
1283 1030 1540 1086 temptator,
1571 1027 1659 1071 nisi
1693 1027 1743 1070 in

260 1099 456 1140 mentem
486 1097 582 1141 eius
609 1097 747 1141 elatio
776 1097 1096 1155 praecessisset,
1126 1112 1155 1140 a
1183 1097 1342 1141 timore
1372 1098 1593 1156 concipiat
1623 1097 1743 1141 unde

260 1166 525 1210 humilietur
543 1167 628 1210 sub
647 1167 821 1225 potenti
848 1182 985 1210 manu
1016 1167 1101 1210 Dei
1132 1167 1210 1225 qui
1234 1168 1425 1211 exaltari
1452 1167 1676 1212 desiderat
1695 1167 1744 1210 in

260 1236 333 1279 die
353 1237 639 1281 uisitationis.
697 1237 938 1281 Abstineat
957 1252 985 1280 a
1004 1237 1139 1281 licitis
1154 1237 1232 1294 qui
1253 1238 1552 1295 praesumpsit
1570 1237 1740 1290 illicita,

259 1309 307 1349 et
345 1306 599 1350 incendium
649 1307 1030 1365 concupiscentiae
1079 1307 1287 1351 ordinata
1325 1307 1505 1366 mitiget
1543 1307 1741 1352 caritate.
1762 1324 1802 1358 15

258 1375 519 1420 Delectetur
547 1377 596 1420 in
625 1377 707 1431 his,
738 1377 892 1420 uideat
922 1380 968 1421 et
996 1391 1115 1421 nunc
1148 1378 1254 1435 quia
1291 1377 1465 1435 lignum
1504 1378 1742 1436 pulchrum

258 1448 328 1490 est
347 1446 450 1490 uisu
475 1449 521 1490 et
539 1447 598 1490 ad
618 1446 886 1491 uescendum
913 1461 1051 1490 suaue
1082 1449 1129 1491 et
1158 1447 1357 1491 fructum
1386 1462 1520 1491 uerae
1549 1448 1742 1492 beatitu-

120 1518 198 1557 821
211 1527 242 1556 a
260 1516 378 1560 dinis
408 1520 454 1560 et
482 1532 655 1575 semper
684 1517 853 1560 laetum
883 1517 1152 1575 tranquillae
1183 1517 1305 1561 uitae
1335 1520 1506 1562 statum
1538 1518 1664 1562 dabit
1694 1518 1744 1561 in

258 1590 458 1644 tempore
477 1602 568 1630 suo.
620 1587 757 1631 Porro
777 1587 993 1631 iocundus
1013 1588 1160 1640 timor,
1182 1588 1260 1645 qui
1279 1588 1328 1631 in
1348 1588 1597 1632 dilectionis
1617 1603 1742 1632 reue-

257 1657 451 1700 rentiam
471 1657 603 1709 cadit,
623 1672 713 1701 non
732 1657 862 1701 nouit
889 1657 1021 1701 otiari
1050 1660 1132 1701 aut
1158 1658 1477 1716 praescriptam
1503 1658 1590 1702 sibi
1615 1673 1744 1716 prae·
1762 1671 1805 1696 20

258 1727 450 1771 uaricari
471 1727 626 1786 legem,
646 1728 725 1771 sed
746 1728 920 1771 timoris
941 1727 1063 1771 foras
1089 1728 1234 1772 mittit
1254 1728 1429 1772 aculeos
1450 1730 1496 1772 et
1517 1743 1574 1772 ex
1593 1743 1743 1772 amore

259 1797 372 1841 facit
397 1797 526 1850 bona,
556 1800 714 1855 sponte
743 1812 825 1841 sua
849 1797 1067 1841 adherens
1096 1798 1318 1851 iustitiae;
1348 1800 1394 1841 et
1418 1798 1545 1855 quasi
1571 1798 1745 1842 uiribus

258 1867 539 1910 obedientiae
584 1882 686 1911 cum
734 1867 883 1926 gratia
938 1867 1263 1925 quodammodo
1311 1868 1533 1912 uiolenter
1579 1868 1745 1912 nititur

260 1937 495 1995 adquirere
521 1937 665 1980 uitam
694 1938 771 1995 qui
801 1952 882 1995 per
910 1937 1259 1981 inobedientiam
1284 1952 1342 1981 ex
1362 1937 1548 1981 leuitate
1567 1938 1745 1982 arbitrii

257 2008 458 2052 cucurrit
495 2007 545 2050 in
575 2011 777 2051 mortem.
857 2008 1009 2051 Timor
1034 2008 1335 2052 innocentiam
1365 2008 1497 2066 parit,
1523 2008 1745 2052 iustitiam
1764 2029 1804 2063 ²5

259 2077 567 2121 benefaciendi
606 2078 920 2122 mandatorum
955 2078 1209 2121 obedientia
1247 2079 1492 2136 promouet,
1537 2081 1745 2136 rectoque

257 2148 368 2192 calle
390 2148 447 2191 ad
466 2162 620 2191 ueram
640 2147 964 2191 beatitudinem
988 2148 1134 2192 iustus
1154 2147 1424 2206 perducitur.
1483 2147 1604 2191 Nam
1634 2151 1680 2192 et
1706 2149 1745 2193 is

258 2221 328 2261 est
348 2233 479 2275 quem
498 2218 689 2261 deduxit
702 2218 922 2262 Dominus
940 2233 1020 2276 per
1038 2218 1137 2262 uias
1151 2220 1306 2270 rectas,
1321 2218 1434 2262 dans
1453 2218 1495 2262 ei
1514 2219 1746 2263 seientiam

258 2291 526 2340 sanctorum,
548 2289 789 2332 honestans
809 2303 911 2332 eum
931 2289 979 2331 in
1005 2288 1244 2341 laboribus,
1264 2291 1311 2331 et
1334 2287 1383 2331 in
1402 2288 1609 2333 omnibus
1628 2304 1744 2334 com-

212 2370 241 2409 ι)
261 2358 388 2416 plens
409 2358 450 2401 ei
470 2358 796 2402 beatitudinem
815 2373 898 2417 pro
918 2373 1008 2416 qua
1026 2358 1220 2402 fideliter
1239 2361 1286 2402 et
1304 2358 1480 2402 utiliter
1502 2360 1744 2404 laboratur.
1764 2384 1807 2419 30

259 2473 370 2558 fi'inA
370 2486 438 2511 om.
456 2473 524 2510 SM
695 2475 739 2512 16
764 2474 942 2523 pulcrum
957 2472 1017 2510 As
1194 2484 1243 2511 20
1265 2472 1407 2511 occiari
1423 2472 1449 2511 S
1626 2484 1672 2522 27
1696 2475 1746 2524 is]

288 2534 321 2558 ιε

311 2640 328 2667 1
357 2633 538 2667 extraxit:
565 2643 614 2668 sc.
631 2631 769 2687 gratia.
953 2643 976 2678 4
1000 2634 1178 2679 ,wadium
1194 2633 1292 2670 etc.:
1318 2644 1350 2669 V.
1367 2631 1499 2670 Ioann.
1516 2630 1589 2669 xvi.
1608 2642 1664 2677 24,
1685 2642 1743 2670 22.

263 2687 282 2725 5
310 2680 409 2715 eius:
435 2691 486 2716 sc.
503 2678 708 2719 Ecclesme.
876 2681 898 2717 8
922 2681 966 2716 in
981 2682 1105 2727 liyno:
1131 2692 1179 2717 sc.
1196 2679 1239 2716 in
1256 2692 1378 2718 cruce.
1564 2689 1607 2727 13
1631 2681 1748 2717 humi-

262 2728 375 2762 lietur
389 2728 461 2763 etc.
477 2740 486 2763 z
510 2739 543 2763 v.
564 2738 579 2764 1
600 2727 702 2765 Petr.
720 2740 753 2765 v.
770 2728 805 2765 6.
1041 2729 1084 2765 16
1108 2730 1252 2775 liynum
1263 2729 1463 2775 pulchrum
1478 2729 1573 2766 etc.:
1599 2741 1631 2766 v.
1651 2727 1746 2766 Gen.

263 2773 319 2809 iii.
337 2775 361 2810 6
377 2777 418 2811 et
434 2774 491 2811 Ps.
510 2774 536 2812 i.
554 2786 591 2823 3.
738 2785 793 2822 17,
817 2777 859 2813 18
884 2776 1122 2813 beatitudinis
1138 2778 1210 2815 etc.
1226 2789 1236 2814 ε
1260 2788 1293 2812 v.
1310 2788 1426 2822 supra
1442 2778 1510 2813 818
1523 2786 1560 2813 c.
1699 2786 1743 2814 21

262 2823 325 2857 sed
340 2824 482 2859 timoris
488 2825 599 2869 foras
614 2824 711 2862 etc.:
736 2836 769 2862 ν.
793 2834 808 2863 1
828 2824 961 2862 Ioann.
978 2823 1027 2862 iv.
1048 2826 1103 2864 18.
1243 2824 1290 2862 28
1315 2826 1467 2862 deduxit
1483 2825 1581 2862 etc.:
1606 2835 1639 2861 v.
1657 2823 1745 2872 Sap.

263 2879 304 2905 x.
324 2879 378 2907 10.

373 2945 441 2981 4²²
