1846 3262
100 225 174 263 818
195 225 224 264 b

191 1590 221 1630 d

574 217 838 264 IOANNIS
878 214 1398 262 SARESBERIENSIS
1502 213 1614 276 [mn.
1630 224 1727 260 v111

241 344 298 387 ad
328 344 485 387 fletum
515 341 755 392 oculorum,
782 339 1019 384 stridorem
1050 338 1267 389 dentium,
1292 337 1511 381 tinnitum
1535 335 1723 386 aurium,

240 418 286 458 et
316 413 466 456 uarias
495 426 726 469 pressuras
756 413 802 454 et
830 424 968 468 penas
997 408 1259 460 inferorum,
1289 407 1410 466 apud
1433 421 1545 465 quos
1575 405 1726 450 nullus

242 484 352 528 ordo
372 483 449 527 sed
469 481 766 539 sempiternus
786 481 944 524 horror
963 479 1202 523 inhabitat.

242 646 351 704 Cap.
390 656 457 703 25.
489 645 614 700 Quae
652 644 729 688 via
755 644 1032 702 fidelissima
1070 644 1131 688 sit
1171 643 1235 688 ad
1277 643 1557 702 sequendum
1607 640 1728 700 quod

531 715 756 773 Epicurei
785 718 1007 772 appetunt
1036 714 1102 758 vel
1125 714 1423 772 pollicentur.
1745 732 1764 767 5

300 816 562 861 Sententiae
594 820 746 860 tamen
777 831 868 860 non
900 819 1025 860 struo
1055 815 1355 874 calumpniam
1387 830 1501 874 quae
1532 815 1734 859 beatitu-v

239 888 389 930 dinem
423 902 516 930 esse
547 887 713 930 diffinit
746 886 915 930 laetum
946 901 1120 944 semper
1150 889 1196 930 et
1225 886 1427 944 quietum
1457 885 1726 943 tranquillae

239 958 362 1001 uitae
386 960 578 1010 statum;
609 957 687 1001 sed
714 956 1085 1015 interpretatione
1112 957 1296 1000 sinistra
1319 959 1365 1001 et
1384 956 1550 1000 uitiosa
1568 969 1724 1000 execu-

240 1028 363 1071 tione
395 1028 590 1071 arbitror
618 1027 916 1080 infamatam3
946 1027 1057 1070 adeo
1085 1027 1265 1084 quidem
1295 1029 1359 1080 ut,
1389 1042 1490 1071 cum
1518 1026 1725 1084 Epicurei

240 1098 332 1141 sint
361 1098 556 1155 plurimi,
587 1097 634 1140 id
665 1101 733 1141 est
762 1097 870 1140 uani
900 1099 1141 1141 sectatores
1169 1097 1428 1155 uoluptatis,
1454 1111 1616 1141 nomen
1642 1096 1725 1140 hoc
1745 1117 1786 1142 ro

239 1168 370 1224 pauci
402 1169 712 1225 profiteantur.
787 1167 1068 1211 Erubescunt
1103 1167 1222 1211 enim
1262 1167 1350 1211 dici
1390 1167 1509 1225 quod
1541 1169 1648 1210 sunt
1679 1169 1725 1210 et

238 1238 465 1295 propriam
494 1238 823 1295 turpitudinem
859 1237 1080 1281 occultare
1110 1238 1322 1281 nituntur
1355 1237 1534 1281 nomine
1569 1236 1726 1287 alieno,

239 1308 347 1350 dum
379 1323 484 1351 nom
516 1311 610 1351 tam
642 1308 749 1351 boni
784 1323 878 1351 esse
913 1308 1102 1366 cupiunt
1134 1323 1268 1366 quam
1308 1308 1465 1351 uideri.
1525 1307 1576 1351 Si
1615 1321 1723 1350 uero

240 1377 497 1421 diffinitioni
526 1378 670 1421 fidelis
700 1378 834 1421 detur
862 1378 1083 1435 interpres
1113 1382 1159 1421 et
1188 1378 1436 1422 sententiae
1467 1377 1723 1422 commodus

240 1451 451 1491 executor
478 1448 555 1506 qui
589 1463 773 1491 manum
805 1451 1002 1506 apponat
1036 1448 1115 1499 ori,
1145 1449 1191 1491 id
1222 1451 1290 1492 est
1320 1449 1397 1506 qui
1428 1447 1567 1492 faciat
1602 1447 1722 1505 quod
1742 1465 1784 1501 ¹5

237 1522 458 1575 loquetur,
478 1518 617 1561 nichil
636 1518 788 1562 uerius
801 1522 847 1562 et
861 1519 1027 1563 rectius
1042 1519 1161 1576 apud
1184 1518 1385 1563 Stoicum
1399 1521 1444 1562 et
1464 1518 1721 1576 Peripathe-

239 1589 378 1632 ticum
406 1603 511 1639 esse,
532 1588 766 1632 conuinces
787 1603 897 1646 quos
917 1588 975 1631 ad
1004 1591 1050 1632 te
1074 1589 1263 1632 iocundo
1282 1589 1466 1647 grandis
1484 1589 1586 1632 uiae
1606 1603 1721 1633 com-

237 1658 414 1716 pendio,
435 1673 536 1701 cum
555 1659 843 1715 praeceperis,
862 1658 1155 1702 introducam.
1215 1658 1287 1702 Ne
1316 1662 1468 1702 tamen
1493 1659 1633 1702 ullam
1660 1674 1722 1711 eo,

239 1743 327 1785 quo
349 1728 555 1785 Epicurei
575 1727 784 1771 diffinitio
804 1728 962 1780 tendit,
983 1729 1105 1772 uiam
1127 1732 1270 1786 putes,
1291 1743 1388 1772 eam
1418 1729 1503 1772 tibi
1526 1729 1576 1772 in
1604 1729 1722 1773 calce

236 1798 342 1841 libri
363 1798 491 1855 quasi
511 1798 559 1840 in
579 1798 668 1841 fine
691 1798 793 1841 uiae
826 1799 1018 1842 conabor
1048 1799 1232 1856 aperire.
1293 1798 1375 1842 Est
1404 1802 1555 1843 autem
1579 1800 1721 1843 ardua
1740 1818 1783 1843 πο

239 1872 284 1912 et
300 1871 411 1919 arta,
426 1868 561 1925 plana
573 1870 725 1912 tamen
741 1871 787 1912 et
801 1871 923 1912 recta
938 1869 1230 1927 diligentibus
1246 1869 1403 1921 Deum,
1424 1882 1514 1927 quo
1532 1869 1722 1915 ducente

238 1939 423 1983 docente
444 1941 490 1981 et
509 1939 786 1982 subuehente
805 1954 896 1982 non
914 1939 1101 1983 offendit
1130 1940 1230 1997 quis
1259 1939 1317 1983 ad
1347 1939 1541 1997 lapidem
1563 1941 1722 1998 pedem

237 2024 383 2052 suum.
444 2008 546 2066 Ipse
566 2023 759 2066 namque
779 2009 894 2066 lapis
913 2010 1167 2053 offensionis
1188 2012 1234 2053 et
1253 2012 1382 2067 petra
1401 2010 1598 2054 scandali
1618 2026 1720 2069 gra-

238 2080 412 2122 dientes
432 2079 480 2121 in
501 2093 548 2122 se
569 2093 678 2135 quos
698 2079 860 2136 accipit
887 2079 1022 2137 erigit
1051 2082 1097 2123 et
1121 2079 1389 2136 corroborat,
1411 2082 1464 2124 ut
1492 2080 1719 2124 humiliati

237 2150 285 2191 in
306 2164 365 2201 se,
386 2149 434 2191 in
455 2163 506 2192 eo
525 2148 783 2206 gloriantes,
804 2149 1017 2193 audacter
1036 2152 1082 2193 et
1101 2150 1239 2193 libere
1258 2152 1593 2208 praeconentur,
1613 2151 1720 2208 quia
1738 2167 1781 2202 ²5

236 2271 259 2304 4
285 2260 334 2296 ad
351 2260 625 2305 assequendum
644 2259 684 2297 8²
699 2261 742 2296 in
759 2262 878 2297 indice
1063 2269 1081 2308 5
1109 2262 1274 2307 apetunt
1292 2259 1380 2297 GBS
1526 2259 1606 2308 uel]
1624 2262 1668 2298 ut
1685 2261 1716 2297 B

234 2310 258 2345 6
283 2307 516 2345 calumniam
534 2307 562 2343 O
706 2318 730 2354 9
754 2307 933 2354 epycurei
949 2308 984 2343 A
1117 2310 1160 2346 16
1185 2311 1358 2355 stoycum
1376 2307 1473 2346 CBA
1596 2309 1653 2354 16,
1674 2318 1716 2354 17

234 2355 545 2402 perypateticum
571 2355 620 2392 C:
657 2356 942 2403 perpateticum
970 2355 1051 2393 BS:
1074 2356 1412 2404 perhypateticum
1436 2357 1472 2392 A
1674 2367 1718 2404 19

236 2403 416 2450 epycurei
434 2403 461 2439 C
607 2413 650 2439 21
678 2405 718 2441 et
735 2406 842 2441 recta
859 2417 928 2441 om.
946 2405 978 2440 A
1123 2413 1164 2452 25
1192 2405 1399 2443 aucdacter
1415 2404 1449 2440 A
1764 2402 1766 2405 ’

286 2512 301 2538 1
331 2504 508 2538 tinnitum
525 2504 700 2539 aurium:
724 2515 757 2538 v.
777 2503 912 2540 Ierem.
932 2502 1007 2539 xix.
1028 2513 1060 2548 3.
1269 2514 1304 2549 2,
1323 2514 1343 2549 3
1369 2505 1498 2540 nullus
1513 2505 1600 2541 ordo
1617 2507 1714 2542 etc.:

233 2549 302 2586 Iob
319 2562 358 2585 x.
378 2560 435 2586 22.
607 2551 630 2587 6
655 2551 860 2587 Sententiae
875 2554 970 2589 etc.:
997 2551 1107 2587 Hanc
1126 2550 1394 2589 definitionem
1409 2551 1575 2588 totidem
1591 2551 1715 2589 verbis

234 2597 421 2644 scriptam
445 2609 630 2643 nusquam
657 2597 812 2642 inveni;
838 2599 885 2635 cf.
913 2599 997 2635 Sen.
1023 2601 1124 2635 Dial.
1152 2599 1215 2635 vii.
1245 2607 1286 2645 15
1313 2598 1332 2647 §
1357 2610 1391 2636 2.
1584 2609 1624 2646 15
1652 2602 1717 2647 qui

234 2659 386 2682 manum
411 2647 506 2682 etc.:
531 2659 565 2682 v.
591 2645 658 2682 Iob
682 2646 811 2683 xxxix.
833 2658 878 2694 34
901 2660 1053 2683 manum
1075 2660 1191 2683 meam
1212 2659 1350 2693 ponam
1374 2658 1486 2693 super
1509 2659 1549 2683 οε
1572 2659 1712 2692 meum3

234 2706 347 2739 quem
362 2694 489 2730 locum
502 2695 635 2730 tamen
650 2693 764 2731 aliter
777 2695 1055 2742 interpretatur
1067 2695 1090 2731 J
1093 2707 1235 2732 oannes
1248 2707 1363 2741 quam
1377 2694 1592 2742 Gregorius,
1605 2694 1718 2732 cuius¹

233 2741 347 2777 verba
374 2741 659 2787 subiungimus:
701 2744 860 2778 Manum
886 2756 998 2788 super
1020 2755 1058 2779 os
1084 2755 1222 2789 pone-re
1247 2748 1298 2779 est
1322 2745 1459 2779 uirtute
1484 2743 1570 2779 boni
1595 2747 1716 2790 operis

234 2791 362 2834 culpas
378 2794 490 2834 teyere
505 2791 675 2826 incautae
691 2791 884 2828 locutionis
903 2790 1051 2838 (Migne
1067 2792 1108 2826 P.
1127 2792 1172 2827 L.
1191 2789 1305 2827 lxxvi.
1325 2790 1424 2835 634).
1568 2801 1614 2827 22
1639 2802 1713 2827 non

234 2838 383 2880 offendit
399 2838 495 2874 etc.:
519 2850 552 2874 v.
570 2837 629 2874 Ps.
648 2849 706 2874 xc.
732 2848 786 2874 12.
959 2849 1003 2885 23
1029 2840 1114 2886 Ipse
1131 2840 1228 2876 etc.:
1253 2850 1302 2877 sc.
1324 2837 1520 2883 Christum
1545 2837 1618 2876 Isa.
1636 2838 1714 2876 viii.

238 2894 281 2928 14
298 2897 306 2927 ;
332 2884 439 2921 Rom.
457 2884 508 2923 ix.
526 2895 595 2932 333
625 2896 640 2924 1
662 2885 761 2923 Petr.
780 2885 821 2924 ii.
841 2887 874 2924 8.

344 2956 411 2999 418
