1846 3262
94 230 196 265 οΑΡ.
209 218 304 281 vn]
611 219 1054 266 POLICRATICVS
1598 227 1672 269 731
1691 218 1721 262 b

93 342 237 387 bonae
257 358 314 387 ex
334 343 464 387 malis
484 343 683 386 moribus
702 346 1005 399 procreantur.
1065 341 1159 386 Lex
1181 357 1356 400 quoque
1369 341 1579 387 Cornelia

94 414 376 472 sumptuaria
406 417 474 458 est
503 414 677 456 adiecta
706 414 941 471 prioribus,
962 414 1011 457 in
1037 428 1127 471 qua
1154 428 1245 457 non
1268 413 1580 457 conuiuiorum

93 484 429 542 magnificentia
467 483 695 542 prohibita
729 487 797 527 est
828 498 910 527 nec
944 483 1076 541 gulae
1111 483 1270 526 modus
1306 483 1465 534 factus,
1501 483 1579 526 sed

93 554 270 598 minora
288 555 434 612 pretia
455 554 587 597 rebus
607 554 831 611 imposita.
891 553 980 597 Sed
1006 554 1170 611 quibus
1202 554 1370 599 rebus?
1432 553 1578 606 Quam

55 634 78 672 ⁸
95 624 332 682 exquisitis
359 628 405 668 et
432 639 544 682 pene
571 624 812 682 incognitis
841 624 1080 682 generibus
1105 624 1397 668 deliciarum?
1456 623 1580 677 Quos

94 694 187 738 illic
216 694 358 752 pisces
388 709 586 752 quasque
615 694 774 738 offulas
807 694 1023 746 nominat,
1053 697 1099 738 et
1131 697 1282 737 tamen
1312 694 1459 752 pretia
1488 694 1579 738 illis

93 763 269 808 minora
288 764 549 808 eonstituit!
595 764 754 807 Ausim
775 763 933 817 dicere,
949 767 1002 807 ut
1018 763 1171 807 uilitas
1187 764 1386 807 edulium
1406 764 1579 808 animos
1595 773 1619 802 c

94 834 327 878 hominum
348 834 406 878 ad
429 834 652 892 parandas
672 834 956 878 obsoniorum
976 834 1126 891 copias
1152 834 1362 878 incitaret
1381 838 1427 878 et
1446 834 1579 893 gulae

94 904 264 948 seruire
283 905 420 948 etiam
441 905 519 962 qui
539 905 692 962 paruis
713 907 861 947 essent
888 904 1183 947 facultatibus
1206 907 1399 962 possent.
1459 905 1580 962 Ergo

35 987 81 1014 10
94 973 298 1032 adprime
317 974 574 1018 luxuriosus
594 978 641 1018 et
659 974 875 1033 prodigus
894 973 1040 1017 uideri
1059 976 1209 1031 potest
1229 974 1300 1018 cui
1321 975 1430 1018 haec
1450 978 1581 1018 tanta

93 1044 144 1088 in
174 1045 318 1102 epulis
351 1045 425 1088 uel
458 1045 662 1102 gratuita
692 1047 932 1102 ponantur.
985 1044 1221 1087 Praeterea
1255 1044 1419 1087 Lucius
1456 1045 1580 1097 Silla,

93 1114 292 1172 Lepidus
303 1114 469 1167 consul,
478 1114 623 1158 Anius
634 1114 787 1157 Restio
802 1114 923 1171 leges
939 1113 1185 1157 traduntur
1199 1114 1356 1157 tulisse
1371 1114 1578 1168 cibarias;

91 1184 157 1229 sic
176 1185 295 1228 enim
315 1184 618 1242 sumptuarias
638 1184 759 1242 leges
775 1183 890 1227 Cato
906 1183 1115 1241 appellat.
1175 1183 1405 1227 Differunt
1424 1187 1576 1228 tamen

93 1253 214 1312 quod
236 1254 431 1298 cibariae
456 1253 609 1311 gulam
634 1253 854 1311 iugulant,
875 1253 1180 1311 sumptuariae
1204 1253 1500 1304 altrimodam,
1525 1256 1579 1297 ut

32 1334 77 1373 13
93 1323 162 1368 ait
191 1323 504 1375 Portunianus‚
533 1323 761 1366 luxuriam
793 1324 1015 1367 cohibent.
1077 1324 1176 1367 Hoc
1206 1327 1358 1367 autem
1388 1339 1578 1381 magnae

92 1393 316 1438 libertatis
334 1393 543 1437 laudibus
564 1394 692 1436 effert
715 1393 846 1450 quod,
866 1408 967 1437 cum
987 1393 1156 1437 multae
1176 1394 1296 1452 leges
1316 1393 1371 1437 de
1392 1394 1512 1437 cenis
1532 1397 1579 1437 et

92 1463 347 1522 sumptibus
354 1462 583 1507 ferrentur
594 1462 651 1506 ad
662 1462 890 1520 populum,
898 1463 1302 1521 castigantissimae
1314 1463 1436 1506 illius
1447 1463 1580 1520 uigor

2 1555 5 1557 *
91 1532 173 1576 diu
190 1532 390 1591 optinuit
410 1547 524 1589 quae
543 1532 609 1574 nil
630 1532 870 1576 obscenum
886 1532 1023 1576 habet
1039 1532 1146 1589 quia
1166 1532 1232 1575 nil
1252 1532 1414 1590 probat
1434 1532 1577 1576 occul-

3 1652 7 1654 ,
91 1604 205 1648 tum.
263 1603 494 1660 Praecepit
517 1603 636 1646 enim
657 1604 711 1645 ut
729 1603 990 1660 patentibus
1014 1603 1163 1646 ianuis
1182 1603 1512 1660 pransitaretur
1532 1604 1578 1646 et
1595 1605 1625 1646 d

33 1686 79 1713 ao
92 1673 378 1723 cenitaretm,
396 1674 451 1715 ut
485 1669 548 1715 sic
582 1672 723 1715 oculis
762 1672 932 1716 ciuium
972 1672 1165 1716 testibus
1206 1672 1338 1716 factis
1370 1672 1577 1716 luxuriae

92 1742 252 1787 modus
285 1743 425 1786 fieret.
491 1742 589 1785 Hoc
622 1745 772 1785 autem
806 1743 907 1786 ideo
938 1745 1040 1786 tuto
1071 1743 1234 1800 probat
1262 1743 1577 1794 Portunianus,

92 1812 201 1871 quia
249 1812 370 1870 apud
409 1811 625 1869 populum
669 1812 940 1869 castigatum
981 1815 1028 1855 et
1066 1812 1326 1870 posterioris
1373 1815 1578 1870 respectu

90 1897 277 1927 aureum
296 1881 420 1925 laudi
441 1885 539 1925 erat
559 1881 811 1939 frugalitas,
828 1885 874 1925 et
895 1884 1139 1939 paupertas
1158 1897 1249 1925 non
1273 1885 1452 1939 poterat
1479 1897 1574 1926 esse

92 1952 371 2011 contemptui
404 1951 478 1994 uel
510 1952 690 2005 rubori3
723 1967 804 1995 nec
836 1952 1082 1995 uerendum
1119 1955 1217 1995 erat
1248 1954 1301 1995 ut
1332 1952 1391 1995 ad
1421 1967 1576 1995 cenam

28 2034 79 2072 23
93 2022 287 2067 alienam
322 2021 543 2079 quispiam
577 2021 792 2065 incitatus
822 2022 1107 2079 impudenter
1137 2022 1338 2065 irrueret.
1411 2021 1576 2079 Super-

93 2092 250 2136 uenire
289 2092 408 2134 enim
449 2091 616 2135 fabulis
655 2106 745 2134 non
785 2095 991 2135 euocatos
1035 2092 1158 2135 haud
1197 2092 1403 2149 equidem
1442 2094 1575 2149 turpe

93 2160 534 2219 W
600 2179 642 2217 15
668 2170 944 2217 portunianus
959 2170 1001 2207 M
1188 2171 1230 2206 18
1256 2169 1428 2217 optinuit
1445 2170 1512 2223 diu
1526 2169 1575 2206 A¹

92 2263 143 2337 {4
165 2250 392 2337 qefflnsssum]
410 2251 670 2288 uerecundum
688 2251 729 2288 M
873 2261 917 2299 25
944 2251 1134 2289 inuitatus
1149 2251 1184 2288 A
1319 2253 1366 2289 26
1390 2218 1530 2288 {buxis
1542 2251 1576 2288 A

121 2313 171 2337 au

146 2379 188 2415 13
214 2369 400 2414 Differam
416 2373 537 2403 tamen
555 2368 627 2403 etc.
646 2377 656 2402 ε
683 2365 802 2404 Plane
815 2365 934 2404 etiam
945 2366 1044 2403 haec
1056 2377 1103 2403 ex
1117 2365 1302 2404 Macrobii
1314 2367 1575 2404 Saturnalibus

93 2417 295 2463 desumpta
324 2416 426 2458 sunt,
455 2414 559 2451 haud
585 2416 715 2451 tamen
741 2414 784 2450 in
812 2414 1096 2461 exemplaribus
1128 2414 1268 2451 nostris
1300 2413 1572 2460 inveniuntur;

93 2477 129 2501 v.
151 2465 328 2500 Classical
345 2465 481 2498 Rem‘ew
497 2462 547 2498 xi.
566 2474 605 2508 p.
622 2472 706 2506 441.
901 2473 945 2507 14
970 2463 1222 2498 altrimodam:
1250 2462 1331 2498 Hoc
1347 2462 1572 2498 vocabulum

93 2511 137 2548 in
160 2510 308 2548 Lexicis
333 2511 461 2552 deest;
492 2511 690 2545 altrimoda
715 2511 869 2545 lua-uria
893 2512 952 2546 est
973 2521 1104 2547 eorum
1121 2510 1187 2555 qui
1205 2511 1318 2545 altero
1334 2511 1437 2545 modo
1457 2522 1574 2555 quam

163 2559 231 2603 osi,
247 2559 347 2595 sicut
364 2559 579 2594 multimoda
596 2568 727 2594 eorum
744 2557 810 2603 qui
828 2559 953 2593 multis
968 2559 1084 2594 modis
1099 2557 1353 2594 luxuriantur.
1402 2557 1481 2593 Aut
1497 2558 1572 2594 duo

112 2606 271 2644 uxuriae
282 2617 430 2652 genera
443 2616 557 2652 supra
566 2604 800 2641 distinxerat
813 2604 1047 2647 Macrobius;
1073 2607 1143 2641 aut
1161 2607 1256 2641 alter
1269 2604 1333 2640 hic
1350 2603 1453 2641 idem
1470 2605 1573 2651 quod

94 2657 195 2692 aliu-s
210 2654 411 2700 significat.
523 2663 566 2698 ¹9
590 2654 779 2698 Praecepit
796 2655 892 2688 enim
909 2655 1003 2689 etc.:
1029 2665 1062 2688 v.
1081 2653 1248 2689 Maerob.
1266 2655 1341 2689 Sat.
1359 2651 1415 2689 iii.
1436 2662 1478 2696 17
1498 2652 1516 2700 §
1541 2664 1570 2690 1.

96 2713 139 2740 21
166 2704 246 2738 Hoc
255 2707 377 2737 autem
387 2702 467 2736 ideo
478 2701 568 2737 etc.:
588 2698 716 2736 Etiam
727 2700 799 2736 hoc
809 2700 911 2746 apud
923 2700 1161 2738 Macrobium
1172 2699 1285 2737 hodie
1299 2712 1377 2736 non
1390 2699 1572 2746 legimus;

93 2763 130 2786 v.
144 2751 319 2786 OEaaeioal
334 2750 473 2784 Review
487 2747 561 2784 loc.
580 2759 694 2793 supra
710 2747 775 2784 cit.
913 2757 957 2794 25
984 2751 1177 2784 incitatus:
1203 2748 1264 2784 Ita
1281 2759 1328 2785 ex
1343 2748 1574 2786 auctoritate

95 2796 251 2834 maioris
266 2796 440 2833 codicum
456 2795 576 2842 partis
591 2795 735 2842 scripsi.
783 2795 886 2831 Olim
905 2797 1100 2842 (Classical
1114 2798 1254 2832 Review
1268 2795 1340 2833 loc.
1358 2807 1473 2842 supra
1490 2796 1572 2843 cit.)

93 2846 198 2882 haud
211 2847 391 2880 inuitatus
402 2854 473 2890 pro
485 2845 668 2878 inuitatus
678 2843 788 2890 posui
800 2857 809 2886 ;
830 2855 905 2890 qua
917 2843 1137 2881 coniectura
1149 2855 1244 2892 opus
1255 2856 1333 2881 non
1347 2845 1417 2880 est.
1513 2853 1572 2892 25,

96 2893 144 2931 26
166 2893 410 2939 Super-uenire
422 2893 518 2928 etc.:
544 2890 712 2928 Macrob.
729 2892 805 2927 Sat.
821 2890 847 2928 i.
865 2901 885 2937 7
905 2890 923 2939 §
946 2902 1001 2929 10.

1391 2946 1459 2995 ²⁶3
