1846 3262
68 233 151 274 702
171 234 199 265 c
547 221 810 267 IOANNIS
851 220 1370 266 SARESBERIENSIS
1497 185 1610 283 [mn.
1624 232 1695 266 vn

171 358 198 388 c
215 345 333 388 idem
363 345 568 402 proximo
597 344 750 387 abesse
782 343 1007 386 desiderat
1036 345 1092 394 et,
1118 342 1156 385 si
1182 357 1274 386 non
1304 343 1433 395 absit,
1457 343 1698 388 infeliciter

214 415 451 466 cruciatur,
483 417 528 457 et
563 429 693 471 saepe
724 414 772 456 in
809 429 860 457 eo
896 413 1015 470 quod
1050 428 1141 456 non
1176 413 1412 464 desiderat,
1443 413 1551 456 dum
1582 413 1696 456 illud

213 486 418 543 proximo
451 484 576 527 uidet
617 484 781 535 adesse,
813 486 1060 541 torquetur.
1123 483 1258 526 Recte
1291 483 1483 540 quidem,
1517 498 1619 527 cum
1652 486 1698 527 et

212 556 385 599 ethicus
415 555 536 598 dicat
566 554 692 611 quiav

331 653 494 696 iustius
525 652 698 695 inuidia
727 652 866 696 nichil
897 655 965 696 est
996 667 1109 709 quae
1140 652 1345 709 protinus
1375 652 1523 709 ipsum
1719 672 1738 706 5

356 719 359 721 “
390 715 615 755 auctorem
647 711 778 762 rodit,
808 711 1067 755 excrucians
1097 711 1308 754 animum.

213 812 308 855 Nec
328 812 427 855 leue
451 813 726 854 tormentum
751 811 906 854 credas
931 825 1018 868 quo
1044 810 1220 853 nullum
1244 811 1429 868 grauius
1454 809 1701 868 potuerunt

213 882 353 926 Siculi
384 882 639 939 excogitare
666 881 848 924 tiranni.
910 881 1085 924 Pestem
1110 881 1237 932 hanc,
1261 881 1365 924 licet
1391 881 1555 938 poetici
1581 881 1700 925 nube

212 953 429 1011 figmenti,
451 953 574 996 Naso
595 952 803 1010 depinxit
822 952 1050 1010 eleganter
1070 952 1252 1010 quidem
1272 955 1318 995 et
1338 967 1465 995 uere:

332 1052 482 1095 Pallor
511 1052 559 1094 in
589 1066 665 1094 ore
695 1051 831 1103 sedet,
862 1051 1025 1094 macies
1055 1051 1103 1093 in
1134 1065 1315 1108 corpore
1345 1054 1442 1095 toto
1456 1065 1466 1104 ;
1721 1070 1763 1094 10

330 1126 551 1168 nusquam
582 1113 705 1154 recta
735 1111 862 1161 acies,
892 1110 1036 1153 liuent
1066 1110 1272 1168 rubigine
1303 1110 1471 1162 dentes,

331 1173 513 1227 pectora
543 1169 647 1212 felle
677 1169 841 1221 uirent,
871 1170 1040 1212 suffusa
1070 1172 1139 1212 est
1168 1169 1324 1227 lingua
1353 1185 1537 1213 ueneno.

333 1229 468 1272 Risus
498 1229 636 1279 abest,
667 1228 755 1271 nisi
786 1243 918 1285 quem
949 1228 1037 1271 uisi
1067 1228 1211 1271 fecere
1242 1228 1426 1281 dolores,

333 1288 502 1344 uixque
533 1290 658 1330 tenet
686 1287 892 1330 lacrimas
924 1287 1029 1344 quia
1059 1287 1124 1329 nil
1155 1287 1427 1331 lacrimabile
1457 1287 1611 1331 cernit.

336 1346 431 1389 Nec
462 1346 633 1389 fruitur
662 1360 847 1403 sompno
878 1346 1173 1403 uigilantibus
1203 1346 1350 1389 excita
1379 1347 1508 1398 curis,
1720 1365 1760 1399 15

170 1412 199 1452 d
335 1405 412 1448 sed
443 1405 568 1447 uidet
598 1405 799 1462 ingratos
829 1405 1154 1462 intabescitque
1184 1405 1378 1448 uidendo

335 1478 561 1507 successus
591 1463 837 1516 hominum,
868 1463 1100 1521 carpitque
1130 1465 1176 1506 et
1206 1464 1407 1521 carpitur
1436 1479 1539 1516 una,

333 1523 688 1580 suppliciumque
718 1537 849 1565 suum
879 1526 958 1565 est.

214 1620 320 1665 Non
348 1624 416 1664 est
442 1624 594 1664 autem
624 1621 774 1664 minus
797 1635 906 1664 uera
932 1620 1184 1679 descriptio,
1204 1622 1309 1666 licet
1336 1622 1400 1666 rei
1430 1622 1698 1680 incorporali

215 1691 411 1749 corporis
442 1691 807 1749 compositionem
828 1693 984 1735 auctor
1003 1692 1240 1746 adscribat,
1261 1707 1362 1736 cum
1387 1692 1435 1735 in
1457 1707 1508 1736 eo
1527 1693 1699 1751 figurae
1719 1714 1763 1739 20

217 1776 331 1818 quae
358 1761 606 1820 sarcofegia
629 1762 702 1804 uel
727 1761 1043 1819 sarcographia
1069 1762 1235 1806 dicitur
1254 1763 1325 1806 uis
1345 1763 1561 1807 consistat
1581 1763 1701 1821 quod

216 1832 350 1875 rebus
377 1831 729 1889 incorporalibus
753 1832 949 1889 corporis
969 1832 1240 1876 lineamenta
1264 1832 1450 1877 licenter
1469 1834 1701 1877 adtribuit.

217 1901 315 1945 Hoc
346 1902 525 1959 quidem
555 1902 706 1960 potius
733 1902 1066 1946 adtendendum
1097 1904 1216 1961 quod
1245 1904 1371 1947 nulla
1399 1905 1470 1948 uis
1499 1904 1702 1948 beneficii

215 1974 295 2015 aut
315 1975 506 2015 naturae
525 1972 752 2015 flammam
768 1972 1011 2030 restinguit
1031 1973 1241 2017 inuidiae.
1300 1973 1420 2017 Nam
1440 1977 1486 2019 et
1507 1974 1703 2019 Palladis

214 2042 389 2085 uiribus
430 2045 476 2086 et
515 2042 662 2086 forma
700 2045 870 2086 motam
910 2043 1123 2087 describit
1157 2044 1408 2098 Inuidiam3
1449 2047 1496 2089 et
1538 2046 1701 2090 sororis
1721 2068 1737 2091 2
1744 2067 1763 2102 5

218 2111 369 2156 felices
409 2112 631 2156 thalamos
672 2128 797 2156 soror
835 2113 1068 2158 stimulata
1108 2113 1227 2158 ferre
1258 2129 1349 2159 non
1385 2115 1536 2173 potuit
1569 2119 1616 2160 et
1649 2118 1703 2160 ut

216 2253 237 2279 2
259 2249 344 2289 post
359 2242 459 2279 illud
475 2245 559 2280 add.
576 2243 618 2279 in
634 2243 668 2279 A
763 2254 784 2290 3
810 2244 942 2283 abesse
958 2245 991 2281 A
1138 2254 1179 2293 15
1206 2256 1339 2283 somno
1358 2245 1387 2283 C
1516 2257 1560 2286 21
1588 2259 1707 2286 sarco-

213 2292 335 2339 grafia
352 2290 377 2328 S
523 2302 570 2337 24
594 2292 748 2328 flamam
765 2291 821 2329 OS

267 2418 286 2456 5
314 2411 449 2446 iustius
465 2412 559 2447 etc.:
586 2409 666 2447 Hos
681 2409 884 2448 versiculos
901 2410 997 2448 citat
1014 2411 1173 2449 Hieron.
1197 2412 1270 2450 loc.
1295 2425 1411 2460 supra
1436 2413 1519 2460 cit„
1535 2414 1604 2452 ubi
1627 2414 1707 2453 ait:

217 2458 373 2494 Pulchre
387 2460 539 2505 quidam
555 2460 599 2494 de
613 2461 812 2502 neotericis,
833 2461 1014 2496 Graecum
1030 2472 1169 2496 versum
1181 2464 1416 2507 transferens,
1429 2464 1583 2509 eleyiaco
1595 2470 1709 2501 metro

217 2507 261 2542 de
277 2508 420 2542 invidia
437 2508 536 2550 lusit,
554 2508 700 2543 dicens:
724 2508 866 2543 Iustius
883 2509 956 2544 etc.
1151 2517 1172 2554 7
1198 2514 1416 2546 tormentum
1432 2512 1506 2548 etc.
1522 2522 1532 2547 :
1558 2523 1591 2549 v.
1614 2512 1704 2551 Hor.

217 2555 290 2599 Ep.
310 2553 335 2590 i.
353 2564 385 2590 2.
408 2556 462 2600 58,
484 2563 540 2601 59.
717 2565 762 2592 ιο
784 2557 914 2592 Pallor
928 2557 1026 2592 eta:
1052 2554 1120 2592 Ov.
1137 2558 1223 2593 Met.
1241 2556 1281 2593 ii,
1300 2567 1344 2603 77
1350 2559 1478 2605 5—782.
1663 2571 1706 2606 14

218 2604 354 2648 uimque
370 2607 465 2638 tenet
481 2604 579 2639 etc.:
607 2602 718 2639 Hunc
734 2615 882 2640 versum
904 2605 974 2650 796
999 2606 1086 2650 post
1111 2613 1180 2650 773
1206 2604 1342 2652 legisse
1359 2605 1509 2643 videtur
1533 2607 1706 2646 Ioannes.

220 2659 263 2685 21
290 2651 493 2696 sarcofeqia
509 2651 568 2686 uel
583 2653 863 2696 sarcoyraphia:
888 2651 994 2688 Haec
1011 2652 1194 2689 vocabula
1202 2653 1276 2690 hoc
1292 2653 1376 2691 loco
1387 2656 1540 2691 tantum
1557 2657 1707 2694 exstare

218 2696 416 2740 videntur;
443 2697 535 2744 quid
551 2697 787 2745 significent,
805 2698 898 2735 satis
915 2699 1083 2746 explicat
1101 2700 1265 2738 Ioannes
1281 2700 1361 2748 ipse
1377 2714 1386 2747 ;
1412 2702 1519 2739 cuius
1529 2715 1576 2740 ex
1593 2703 1708 2742 inter-

218 2744 436 2791 pretatione
454 2745 569 2783 facile
588 2745 720 2794 colligi
736 2748 862 2793 potest
878 2749 1176 2794 sarcoymphiam
1192 2748 1319 2795 potius
1337 2761 1450 2796 quam
1466 2754 1707 2799 sarcoseyiam

221 2792 335 2829 scribi
360 2793 580 2839 oportuisse.
733 2804 776 2841 25
803 2797 995 2832 describit:
1027 2807 1077 2832 sc.
1097 2796 1272 2833 Ovidius:
1308 2810 1341 2834 v.
1358 2799 1442 2834 Met.
1460 2798 1502 2837 ii.
1521 2808 1602 2845 773,
1622 2809 1703 2845 774.

218 2842 354 2876 sororis
383 2844 478 2878 eta:
517 2841 578 2877 Ad
600 2841 773 2878 fabulam
792 2843 955 2889 Aglauri
973 2843 1116 2880 Hersae
1142 2845 1263 2882 sorori
1286 2857 1310 2883 a
1335 2845 1526 2884 Mercurio
1551 2849 1704 2885 amatae

219 2887 430 2925 invidentis
446 2889 618 2936 respicit;
644 2902 679 2927 v.
697 2890 762 2928 Ov.
779 2892 865 2927 Met.
885 2890 926 2927 ii.
947 2893 1015 2937 708
1027 2903 1129 2939 seqq.

335 2969 398 2993 212
