1846 3262
85 211 175 252 602
193 210 223 251 b
575 205 839 252 IOANNIS
881 201 1407 250 SARESBERIENSIS
1558 199 1669 263 [Lm.
1686 212 1739 246 VI

304 333 470 378 Fidelis
490 347 634 377 sermo
654 334 700 377 et
719 330 841 375 omni
863 328 1118 387 acceptione
1140 327 1319 386 dignm,
1336 326 1414 385 qui
1435 325 1591 370 deceat
1610 338 1741 384 prae·

245 405 475 448 ambulum
502 404 686 463 gratiae,
716 416 979 461 praeconem
1010 398 1231 450 ueritatis,
1262 397 1448 442 Domini
1478 410 1739 456 praecurso-

244 490 350 518 rem.
411 473 614 518 Nouerat
648 475 766 518 enim
798 487 983 516 manum
1016 469 1261 513 militarem
1293 470 1551 527 promptam
1582 466 1642 511 ad
1670 466 1741 509 in-

244 545 395 596 iurias,
416 545 585 603 rapinis
606 547 829 588 assuetam
851 546 897 587 et
918 542 991 586 cui
1012 555 1261 599 numquam
1281 541 1364 583 aut
1385 553 1488 583 raro
1509 537 1742 583 sufficiunt

244 630 326 659 sua
362 616 470 673 quin
501 618 684 674 appetat
714 615 871 658 aliena.
933 611 1234 657 Concussione
1265 625 1373 668 ergo
1402 609 1634 668 prohibita
1662 622 1741 652 ex-
1762 618 1781 654 5

246 686 379 729 clusit
419 686 617 738 iniurias,
658 685 839 743 rapinas
879 682 1204 728 exterminauit
1245 681 1428 725 exclusa
1467 678 1740 738 calumpnia.

204 768 229 798 c
247 756 500 799 Auaritiam
536 771 711 814 quoque
743 755 1011 814 dampnauit
1041 754 1149 797 dum
1180 752 1409 811 praecepit
1438 764 1740 808 unumquem-

247 842 333 884 que
372 830 632 871 contentum
673 842 766 871 esse
807 825 1044 884 stipendiis
1084 824 1188 868 suis.
1249 823 1379 867 Sicut
1414 821 1535 866 enim
1567 820 1742 865 dictum

247 900 325 949 est,
346 897 535 941 militem
557 913 686 956 egere
710 913 800 941 non
820 898 938 949 licet,
966 896 1050 948 eui,
1071 895 1179 939 dum
1207 894 1391 947 militat,
1410 892 1602 937 militiae
1631 905 1742 936 suae

246 971 533 1025 praestantur
553 968 777 1026 stipendia
797 970 854 1020 et,
875 983 977 1011 cum
1004 967 1217 1010 emeritus
1244 968 1324 1017 est,
1344 964 1531 1023 praedia
1557 962 1631 1007 uel
1658 961 1741 1007 ali-
1761 976 1810 1016 ¹9>

246 1041 411 1090 menta,
431 1039 578 1096 quoad
598 1039 838 1083 necessitas
858 1038 1013 1096 exigit,
1033 1037 1089 1081 de
1109 1036 1287 1095 publico
1307 1035 1619 1095 prouidentur.

249 1180 357 1239 Cap.
383 1195 450 1226 11.
482 1182 611 1236 Quod
636 1182 808 1226 milites
835 1181 1007 1227 durius
1033 1180 1297 1239 eastiyamzi
1320 1185 1444 1234 sum,
1465 1181 1507 1227 ei
1535 1181 1740 1227 ‘militiae

524 1252 612 1310 leye
632 1257 886 1310 contempta
900 1252 1175 1310 priuileyiis
1193 1251 1473 1299 abutuntur.

311 1355 360 1399 Si
400 1370 508 1400 uero
548 1363 704 1401 contra
751 1358 1100 1415 prohibitionem
1150 1358 1368 1403 Iohannis
1417 1362 1464 1403 et
1513 1359 1740 1418 legitimas

251 1426 502 1470 sanctiones
522 1428 570 1470 in
590 1427 716 1471 furta
736 1428 954 1472 dilabitur
974 1432 1020 1473 et
1049 1429 1241 1487 rapinas,
1262 1429 1421 1474 durius
1449 1430 1740 1489 castigandus
1763 1443 1802 1479 15

251 1499 320 1540 est
349 1501 401 1541 ut
431 1498 508 1555 qui
535 1512 708 1555 semper
732 1498 903 1542 ferrum
931 1499 1132 1557 duraque
1163 1499 1407 1554 tractauit3
1447 1503 1494 1544 et
1522 1500 1590 1544 ita
1619 1501 1740 1545 cohi-

250 1566 397 1610 benda
431 1570 499 1611 est
533 1567 721 1611 audacia
755 1569 851 1612 eius
880 1571 934 1612 ut
964 1570 1011 1612 in
1044 1570 1190 1627 seipso
1219 1570 1364 1614 discat
1395 1574 1567 1629 quanta
1596 1571 1740 1615 anim-

250 1637 512 1681 aduersione
543 1637 733 1681 feriendi
768 1639 860 1682 sint
893 1640 970 1696 qui
1000 1640 1144 1698 legem
1175 1640 1446 1699 impugnant
1476 1657 1612 1700 quam
1642 1656 1738 1687 sus-

203 1712 232 1752 d
250 1711 459 1764 ceperant
486 1707 824 1751 defendendam.
887 1709 1016 1753 Sicut
1045 1710 1163 1753 enim
1191 1711 1347 1755 multis
1374 1711 1739 1757 immunitatibus

250 1781 296 1820 et
317 1777 682 1821 eminentioribus
702 1779 951 1838 priuilegiis
971 1780 1136 1824 militia
1155 1781 1335 1839 gaudet,
1349 1782 1416 1825 ita
1436 1783 1738 1828 acerbioribus
1758 1796 1802 1821 20

248 1846 375 1903 penis
396 1847 626 1891 subdenda
656 1851 735 1899 est,
756 1849 794 1891 si
822 1864 905 1892 sua
934 1850 1204 1895 demeruisse
1235 1852 1475 1910 priuilegia
1501 1853 1738 1898 conuinca-

248 1919 337 1959 tur.
400 1917 494 1961 Nec
524 1917 572 1960 in
606 1932 658 1960 ea
687 1918 772 1961 sibi
807 1922 936 1976 parte
971 1920 1154 1978 prodest
1188 1921 1447 1980 ignorantia
1481 1923 1607 1976 iuris,
1637 1939 1739 1969 cum

249 1987 333 2030 etsi
368 1987 468 2030 iura
499 1988 678 2045 publica
709 1989 1012 2046 permittatur,
1048 2006 1180 2035 suum
1221 1995 1374 2036 tamen
1413 1994 1608 2038 officium
1647 2011 1739 2040 non

247 2056 380 2100 liceat
399 2058 616 2115 ignorare.
677 2058 802 2103 Licet
823 2061 942 2103 enim
963 2062 1167 2106 sacerdos
1192 2062 1240 2106 in
1261 2063 1544 2109 ordinatione
1568 2066 1740 2111 ordinis

247 2127 317 2170 sui
347 2127 655 2171 difficultatem
685 2129 874 2187 ignoret,
905 2145 956 2174 eo
986 2131 1083 2189 ipso
1114 2133 1234 2190 quod
1259 2134 1355 2178 sine
1385 2135 1738 2182 contradictione
1759 2152 1799 2187 ²5

246 2211 432 2241 oneroso
472 2199 669 2242 succedit
701 2199 853 2252 officio,
890 2202 1085 2260 suscepti
1121 2205 1358 2248 sacerdotii
1391 2221 1527 2250 onera
1561 2209 1740 2267 cogitur

245 2268 478 2313 sustinere.
553 2268 602 2312 Si
649 2284 757 2314 uero
806 2272 998 2330 negligit
1047 2277 1129 2317 aut
1168 2275 1457 2333 malignatur,
1496 2278 1740 2337 corripitur

245 2338 453 2395 grauius3
496 2353 548 2382 eo
583 2340 701 2396 quod
733 2342 891 2385 maiori
923 2358 1041 2400 pena
1070 2344 1198 2403 digni
1228 2348 1338 2390 sunt
1373 2347 1406 2390 ii
1442 2348 1607 2406 quibus
1635 2365 1738 2394 cum

245 2407 439 2450 multum
460 2408 677 2461 debeatur
706 2411 886 2456 honoris
913 2416 995 2458 aut
1023 2415 1196 2460 occulto
1226 2419 1308 2460 aut
1336 2418 1580 2464 manifesto
1609 2420 1738 2466 inue-

245 2477 435 2521 niuntur
453 2479 502 2521 in
522 2480 719 2525 crimine.
769 2482 917 2527 Aliter
936 2487 1089 2529 tamen
1109 2486 1310 2539 crimina,
1331 2488 1465 2533 aliter
1483 2490 1740 2548 puniuntur
1757 2509 1802 2544 30

93 2549 180 2597 603
199 2559 229 2588 a
246 2562 460 2600 excessus,
474 2551 685 2606 quoniam
705 2551 784 2596 illa
804 2554 1065 2613 plerumque
1086 2571 1249 2615 penam
1269 2558 1475 2618 irrogant
1490 2562 1738 2621 sanguinis,

245 2659 268 2695 6
292 2659 473 2705 calupnia
487 2659 521 2695 A
656 2672 700 2707 14
724 2661 938 2711 legittimas
954 2664 1059 2703 BSM
1196 2669 1241 2707 16
1264 2671 1495 2709 tractauerit
1513 2671 1556 2709 Μ
1691 2676 1737 2714 18

244 2708 335 2742 sunt
352 2707 426 2743 AM
569 2710 615 2746 28
640 2710 698 2746 hii
717 2711 757 2748 M

296 2811 309 2836 1
338 2803 478 2839 Fidelis
494 2804 590 2840 etc.:
623 2815 637 2842 1
659 2804 755 2843 Tim.
769 2805 794 2842 i.
812 2815 864 2854 15.
966 2818 1010 2854 14
1034 2810 1238 2848 Iohannis:
1258 2823 1308 2850 se.
1325 2812 1525 2862 Baptistae
1541 2828 1551 2863 ;
1570 2829 1602 2854 ν.
1618 2829 1737 2865 supra

243 2859 276 2903 c.
296 2859 351 2886 10.
471 2861 492 2886 2
496 2861 594 2906 3’.²4
618 2855 684 2908 etsi
699 2855 786 2890 iura
797 2857 949 2901 publica
961 2860 1203 2904 permittatur
1218 2863 1411 2908 iqnorare:
1438 2876 1472 2901 v.
1488 2864 1579 2903 eod„
1594 2865 1732 2915 Iustin,

241 2908 268 2933 1.
289 2898 342 2934 18.
357 2907 372 2934 1
392 2909 401 2942 3
428 2899 475 2935 cf.
495 2899 581 2948 Dig.
599 2912 702 2938 xxlx.
718 2912 748 2940 1.
764 2913 794 2941 1.

355 2963 399 3006 2⁶
