1846 3262
110 220 210 255 cu.
224 206 328 270 κα]
620 207 1060 255 POLICRATICVS

110 329 227 375 Cum
241 334 393 374 autem
408 330 586 375 audiret
604 345 651 375 se
670 345 698 374 a
717 333 875 374 senatu
895 330 1199 375 adiudicatum
1213 329 1442 388 supplicio,
1454 329 1586 386 quale

111 399 159 444 id
198 404 315 444 esset
353 401 661 459 interrogauit.
735 399 796 444 Et
828 415 931 444 cum
962 400 1247 458 comperisset
1281 400 1439 443 debere
1474 399 1584 442 nudi

110 469 305 514 hominis
352 470 569 514 ceruicem
607 470 779 514 furcem
822 470 970 521 inseri,
1001 484 1162 527 corpus
1201 484 1308 513 uero
1346 469 1488 527 uirgis
1526 468 1583 512 ad

110 554 263 584 necem
297 540 435 593 caedi,
466 540 735 584 conterritus
773 540 886 584 duos
916 540 1145 598 pugiones,
1179 554 1290 597 quos
1320 553 1466 582 secum
1508 553 1584 582 ex·

73 623 94 658 s
110 609 291 660 tulerat,
305 610 510 668 arripuit,
525 613 832 668 temptataque
847 611 1081 667 utriusque
1100 610 1194 653 acie
1214 624 1368 652 rursus
1388 608 1588 653 condidit

110 682 321 724 causatus
349 680 547 723 nondum
578 695 672 724 esse
701 680 886 724 fatalem
916 681 1085 724 horam.
1141 680 1208 724 Ac
1234 679 1366 724 modo
1395 679 1588 737 Sporum

110 748 379 792 hortabatur
396 753 451 793 ut
469 749 706 793 lamentari
725 750 953 808 inciperet,
966 750 1096 793 modo
1110 750 1269 793 orabat
1287 752 1342 793 ut
1360 764 1407 792 se
1426 748 1590 806 aliquis

110 817 170 861 ad
191 821 380 862 mortem
398 819 655 877 coexemplo
674 820 904 864 animaret.
953 819 1187 863 Interdum
1206 818 1441 877 segnitiem
1461 833 1589 862 suam

111 887 184 931 his
202 887 407 932 uersibus
426 889 712 946 increpabat:

53 984 98 1025 1ο
446 980 565 1024 Vino
594 980 865 1032 deformiter,
894 980 1074 1038 turpius
1101 994 1244 1038 pereo.

111 1073 299 1153 Iamque
327 1074 500 1131 equites
529 1073 950 1131 appropinquabant
979 1073 1143 1131 quibus
1173 1075 1460 1131 praeceptum
1490 1077 1589 1117 erat

111 1147 166 1187 ut
198 1142 356 1187 uiuum
402 1144 701 1186 extraherent.
777 1143 907 1196 Quod
948 1147 1003 1186 ut
1041 1143 1191 1194 sensit,
1226 1142 1397 1186 ferrum
1436 1143 1589 1201 adegit

111 1212 279 1272 iugulo,
309 1213 358 1256 in
391 1228 530 1270 eoque
560 1217 825 1271 consumpta
859 1216 927 1256 est
962 1213 1106 1256 omnis
1145 1212 1319 1256 familia
1358 1212 1586 1257 Cesarum.

62 1328 67 1331 ,
113 1282 174 1326 Ει
191 1298 250 1327 ne
268 1282 317 1326 in
339 1283 434 1327 sola
452 1283 531 1326 illa
550 1282 725 1326 familia
738 1283 952 1326 aduersus
966 1283 1238 1326 tirannidem
1258 1286 1437 1326 tantum
1458 1265 1590 1327 licere

52 1355 95 1398 ¹5
111 1351 286 1411 legibus
305 1353 526 1411 quispiam
553 1353 814 1411 suspicetur,
834 1353 1043 1396 Vitellius
1066 1368 1211 1396 nonus
1230 1368 1259 1396 a
1288 1353 1406 1396 Iulio
1428 1353 1589 1414 (Galba

110 1426 158 1467 et
178 1422 356 1467 Othone
370 1423 490 1466 inter
504 1422 727 1467 Neronem
740 1426 787 1466 et
801 1423 1034 1467 Vitellium
1049 1422 1317 1482 intersertis)
1331 1423 1588 1481 turpissime

108 1495 363 1553 protractus
382 1498 451 1537 est
480 1509 508 1536 a
535 1493 706 1546 cellula,
726 1494 774 1536 in
804 1508 939 1551 quam
967 1508 1015 1537 se
1044 1495 1335 1544 contruserat,
1354 1493 1589 1551 nudusque

109 1556 328 1607 deductus
354 1578 435 1622 per
461 1563 592 1607 Viam
621 1564 815 1615 Sacram,
835 1563 999 1621 passim
1031 1564 1187 1606 fimum
1212 1563 1261 1606 in
1288 1578 1337 1606 os
1365 1564 1460 1606 eius
1486 1578 1588 1607 con·

110 1632 381 1677 iectantibus
400 1633 511 1684 aliis,
527 1636 574 1676 et
592 1648 620 1676 a
634 1633 799 1692 populo
818 1633 1020 1676 Romano
1034 1633 1155 1691 apud
1167 1632 1430 1676 Gemonicas
1448 1633 1590 1676 scalas

51 1717 95 1742 σο
111 1702 423 1746 minutissimis
471 1703 634 1747 ictibus
673 1703 1024 1754 excarnificatus,
1064 1717 1179 1746 unco
1220 1706 1393 1746 tractus
1433 1706 1501 1746 est
1540 1703 1589 1745 in

110 1771 318 1816 Tiberim.
396 1772 696 1817 Duodecimus
742 1764 1028 1816 Domitianus
1068 1772 1359 1831 (Vespasiano
1402 1776 1448 1816 et
1487 1772 1589 1816 Tito

110 1843 404 1902 interpositis)
434 1847 536 1902 post
565 1844 755 1887 multam
785 1847 831 1887 et
859 1846 1087 1887 cruentam
1120 1843 1408 1900 tyrannidem
1438 1858 1466 1886 a
1495 1843 1589 1886 suis

110 1913 352 1958 crudeliter
378 1913 642 1958 interfectus
671 1918 750 1958 est.
826 1913 896 1957 Ex
926 1929 1016 1971 qua
1043 1928 1177 1957 causa
1201 1916 1353 1956 tamen
1380 1913 1429 1955 in
1455 1912 1587 1956 Chri-

112 1983 283 2028 stianos
323 1983 479 2027 mitius
524 1984 668 2042 egerit
706 1988 886 2027 auctore
926 1982 1117 2026 Eusebio
1152 1982 1401 2027 cesariensi
1434 1982 1588 2039 paucis

52 2056 95 2103 2'5
112 2053 335 2112 aperiam;
363 2053 490 2097 cuius
519 2053 658 2097 uerba
680 2057 788 2097 sunt
815 2053 925 2096 haee
952 2053 1067 2096 libro
1094 2052 1229 2096 tertio
1252 2052 1398 2109 capite
1418 2051 1588 2095 decimo

111 2126 294 2167 octauo:
323 2123 459 2181 Apud
478 2123 626 2180 ipsum
640 2138 748 2166 uero
768 2122 1088 2172 Domitianum,
1100 2137 1201 2165 cum
1216 2121 1418 2164 iussisset
1436 2135 1589 2165 omnes

110 2192 271 2250 perimi
302 2193 379 2250 qui
409 2192 464 2235 de
493 2207 655 2250 genere
683 2192 835 2235 Dauid
863 2195 910 2236 et
939 2192 1063 2249 regia
1092 2191 1231 2249 stirpe
1258 2190 1590 2241 descenderant,

110 2263 227 2307 sicut
246 2265 379 2306 uetus
405 2262 541 2305 habet
570 2262 767 2313 traditio,
788 2262 926 2305 delati
956 2264 1064 2305 sunt
1090 2261 1272 2318 quidam
1292 2261 1419 2318 quasi
1440 2265 1588 2304 essent

110 2331 167 2376 de
216 2331 480 2390 posteritate
527 2330 680 2384 Iudae,
727 2346 860 2390 quem
913 2330 1101 2374 fratrem
1149 2329 1289 2374 fuisse
1338 2329 1587 2374 Saluatoris

111 2467 134 2504 3
158 2456 299 2495 ceruici
315 2456 357 2511 ¹¹.
452 2456 600 2493 furcam
617 2455 659 2491 M
754 2456 776 2493 8
801 2453 976 2501 exemplo
989 2453 1029 2490 S¹
1043 2453 1082 2500 (9
1098 2455 1181 2491 add.
1201 2452 1244 2489 8²
1245 2456 1281 2498 ):
1306 2465 1394 2490 cnm
1411 2452 1588 2501 exemplo

111 2504 163 2540 A*
256 2514 300 2552 25
330 2503 375 2540 iii
390 2503 579 2541 CBASM:
602 2502 667 2539 1110
684 2502 725 2539 Μ
832 2512 891 2550 25,
907 2504 954 2540 26
978 2501 1072 2538 xviii
1088 2500 1235 2538 CBAS:
1260 2500 1373 2537 xviii⁰
1391 2501 1432 2538 M
1527 2503 1589 2539 -26

110 2563 203 2589 uero
219 2552 344 2600 ipsum
359 2552 408 2587 Δι

159 2666 653 2712 8aamonemooexemp10:
678 2661 1445 2711 mmmmmpesmdammmpzoSuet.
1544 2665 1590 2701 16

110 2716 435 2762 cosmeta:
460 2678 736 2750 v.0ros,vii.8
793 2710 1588 2759 8.19Gmom'oa⁸:Gemonia.901-os.

112 2773 159 2800 22
183 2775 207 2799 a
223 2765 302 2798 suis
316 2764 411 2799 etc:
435 2773 468 2798 v.
487 2760 589 2798 Oros.
606 2760 670 2797 vii.
691 2771 735 2797 10
790 2770 824 2806 7.
989 2761 1036 2796 26
1060 2761 1174 2806 Apud
1190 2761 1312 2806 speum
1327 2762 1425 2796 etc..
1451 2757 1588 2797 Euseb.

110 2812 211 2848 Hinc.
226 2811 360 2847 Eodoe.
378 2808 434 2846 iii.
454 2819 508 2854 19,
526 2819 575 2845 20
589 2819 663 2846 sec.
681 2819 773 2844 vers.
791 2806 919 2844 Rufini
935 2806 1008 2854 (ed.
1026 2807 1249 2845 Mommsen.
1262 2819 1300 2854 p.
1313 2806 1413 2854 233)·
1539 2817 1587 2853 27

110 2860 391 2896 descenderant:
416 2858 664 2894 ‹incenderes-t
679 2856 767 2894 But.

1411 2926 1477 2972 3⁶7

1601 221 1687 262 '190
1706 222 1737 252 a

1601 473 1631 511 b

1605 1435 1632 1464 C

1602 2331 1634 2372 d
