1846 3262
159 233 262 270 m.
275 221 347 284 v1]
686 224 1128 271 POLICRA'rIovs
1656 237 1736 278 ⁷24
1755 238 1781 268 c

160 345 453 403 peniteamus.
512 346 643 405 Ergo,
659 361 760 391 cum
780 362 861 405 per
883 347 964 390 has
984 351 1137 405 portas
1158 346 1285 404 quasi
1306 346 1488 404 quidam
1510 347 1639 390 cunei

159 416 549 474 perturbationum
569 417 627 459 ad
648 432 792 461 arcem
814 421 993 461 nostrae
1013 417 1176 461 mentis
1195 417 1482 470 intrauerint,
1501 419 1554 460 ut
1574 417 1641 460 ait

159 485 319 529 beatus
334 486 596 539 Ieronimus‚
612 487 690 530 ubi
709 487 796 530 erit
811 487 1007 540 libertas,
1022 487 1100 530 ubi
1122 486 1342 530 fortitudo
1363 486 1469 538 eius,
1485 487 1562 530 ubi
1584 487 1640 530 de

161 554 257 599 Deo
280 556 504 614 cogitatio,
525 557 719 600 maxime
740 572 841 600 cum
868 557 1116 600 recordatio
1146 560 1295 600 tactus
1320 557 1535 615 depingat
1554 557 1640 600 sibi

119 641 140 676 ⁸
161 625 298 669 etiam
337 627 603 684 praeteritas
642 627 898 684 uoluptates
939 629 985 670 et
1025 626 1392 670 rememoratione
1425 627 1641 670 uitiorum

159 698 292 754 cogat
312 696 507 739 animam
537 697 731 754 compati
752 700 798 740 et
818 696 1143 754 quodammodo
1169 711 1373 740 exercere
1401 697 1520 754 quod
1550 712 1641 740 non

160 766 289 824 agit?
350 766 483 810 Forte
511 767 614 810 hinc
642 771 710 810 est
734 767 863 824 quod,
891 782 991 810 cum
1012 767 1255 824 Apostolus
1282 767 1408 810 uitiis
1435 767 1641 811 omnibus
1657 773 1687 813 d

159 836 383 880 censuerit
422 837 744 888 reluctandum,
779 837 994 880 aduersus
1033 836 1376 879 fornicationem
1411 852 1503 880 non
1537 852 1641 881 con-

159 920 363 963 gressum
399 906 478 949 sed
512 906 668 964 fugam
708 906 933 949 indicens:
975 906 1150 963 Fugite,
1185 905 1346 962 inquit,
1382 906 1641 950 fornicatio-

101 994 146 1020 1ο
161 990 277 1020 118111.
336 975 455 1018 Nam
490 976 598 1019 haec
633 975 739 1028 fere,
773 976 881 1018 dum
914 979 1158 1028 exercetur,
1194 975 1376 1019 Domini
1410 977 1644 1020 immemor

162 1047 250 1098 est;
273 1048 320 1088 et
334 1045 590 1102 praeterita,
606 1046 713 1088 dum
729 1045 787 1088 ad
802 1045 1062 1088 memoriam
1079 1045 1209 1096 redit,
1221 1045 1459 1102 pestiferas
1475 1046 1644 1090 excitat

161 1115 429 1173 uoluptates.
490 1115 554 1158 Vt
576 1115 632 1159 de
661 1115 820 1159 ceteris
849 1118 1022 1158 taceam
1047 1129 1158 1171 quos
1185 1114 1449 1171 simplicitas
1477 1116 1571 1174 egit
1594 1116 1643 1159 in

160 1184 352 1242 culpam,
371 1184 662 1242 philosophus
682 1185 967 1228 acutissimus
987 1187 1034 1227 et
1054 1184 1407 1227 litteratissimus
1424 1184 1643 1228 Christia-

159 1269 247 1306 nus
278 1257 324 1298 et
350 1254 709 1298 feruentissimus
738 1255 787 1297 in
817 1255 905 1297 fide
934 1254 1163 1311 Origenes,
1192 1254 1308 1297 sicut
1335 1254 1645 1299 Ecclesiastica

100 1342 144 1378 ¹⁵
161 1324 302 1368 refert
331 1324 547 1375 Historia,
574 1325 769 1382 seipsum
801 1324 1031 1375 castrauit,
1059 1323 1404 1368 fornicationem
1437 1325 1643 1369 efficacis-

160 1395 272 1439 sime
292 1394 484 1453 fugiens,
504 1395 641 1438 immo
662 1398 709 1438 et
728 1410 906 1438 omnem
928 1409 1043 1452 quae
1062 1394 1174 1452 fingi
1198 1397 1347 1451 posset
1373 1409 1644 1452 praecauens

160 1464 468 1522 suspicionem,
490 1468 543 1508 ut
562 1465 724 1508 exinde
745 1465 842 1508 sine
861 1468 970 1508 nota
997 1479 1098 1508 cum
1123 1464 1378 1522 uirginibus
1405 1454 1643 1510 habitaret.

161 1534 291 1589 Quod
310 1538 462 1578 autem
482 1534 732 1578 mirabilius
748 1538 827 1588 est,
844 1535 1057 1593 leguntur
1072 1534 1255 1592 quidam
1277 1534 1642 1592 philosophorum
1660 1553 1739 1595 725
1759 1556 1789 1584 a

159 1605 247 1650 sibi
266 1605 402 1648 etiam
422 1605 571 1649 oculos
591 1605 805 1656 effodisse,
825 1620 882 1649 ne
902 1605 1177 1649 exteriorum
1197 1604 1415 1648 illecebris
1436 1620 1644 1663 caperen-

97 1696 143 1720 ιο
158 1678 251 1719 tur.
311 1675 478 1732 Vtique
499 1675 764 1719 admirando
785 1675 891 1718 boni
911 1679 958 1718 et
982 1675 1159 1718 honesti
1181 1674 1419 1718 feruebant
1439 1675 1546 1728 zelo,
1558 1675 1643 1718 etsi

160 1745 270 1789 recti
290 1745 522 1789 scientiam
543 1761 634 1789 non
654 1746 884 1790 haberent.
943 1745 1118 1788 Scitum
1144 1747 1213 1788 est
1237 1747 1283 1788 et
1311 1744 1428 1788 scitu
1455 1745 1644 1802 dignum

159 1815 409 1859 Aristotilis
421 1815 604 1869 dictum,
616 1830 704 1872 quo
716 1815 1003 1872 uoluptatum
1015 1815 1148 1858 initia
1159 1814 1376 1857 obliuioni
1388 1814 1645 1859 mandanda

160 1886 353 1930 asseruit
380 1889 427 1929 et
452 1886 569 1929 solos
597 1886 746 1929 exitus
773 1885 1094 1938 recordand0s;
1129 1884 1271 1928 fessas
1298 1885 1417 1928 enim
1442 1886 1644 1943 peniten-

161 1956 340 2013 tiaeque
366 1956 535 2013 plenas,
555 1970 644 2012 quo
664 1956 813 1998 minus
833 1955 965 1998 auide
986 1958 1261 2012 repetantur,
1280 1955 1444 1998 subicit
1470 1955 1645 2007 animis,

102 2046 145 2082 ¹5
164 2028 212 2070 et
241 2025 362 2083 quod
392 2025 441 2067 in
471 2025 535 2068 eis
563 2025 805 2068 iocundum
836 2028 916 2076 est,
946 2040 1002 2067 ne
1037 2025 1236 2075 redeant,
1261 2025 1387 2068 iubet
1418 2025 1642 2069 abscondi.

163 2095 298 2140 Dicat
324 2094 568 2152 Apostolus
597 2094 717 2151 quod
747 2094 953 2147 uoluerit,
978 2094 1085 2151 quia
1114 2094 1456 2138 fornicationem
1486 2094 1644 2152 fugere

162 2169 210 2210 et
237 2164 370 2223 gulae
399 2164 568 2208 seruire
598 2167 680 2207 aut
708 2164 891 2208 omnino
918 2164 1190 2221 impossibile
1222 2168 1302 2207 aut
1332 2164 1644 2207 difficillimum

161 2238 257 2287 est3
297 2249 403 2277 nam
443 2237 489 2278 et
528 2234 607 2276 illa
646 2249 751 2291 pars
789 2234 922 2292 gulae
955 2248 1070 2291 quae
1109 2234 1283 2291 corpori
1325 2233 1444 2276 uires
1483 2233 1644 2278 adimit

160 2319 443 2361 nequaquam
462 2303 660 2347 mechiae
679 2318 839 2361 expers
866 2306 945 2347 est.
1006 2303 1223 2347 Venerem
1243 2304 1421 2347 Bachus
1446 2303 1644 2360 plerum-

165 2409 208 2445 13
233 2396 492 2444 phylosophus
508 2395 550 2432 M
696 2397 739 2433 18
764 2395 1089 2442 phylosophorum
1106 2395 1147 2431 Μ
1295 2405 1339 2442 19
1364 2396 1514 2433 occulos
1531 2396 1565 2431 A

257 2481 572 2516 rememoratione:
598 2479 843 2515 recordatione
859 2477 1016 2514 Hieron.
1088 2488 1121 2525 9,
1138 2487 1182 2514 10
1198 2478 1644 2523 Fuqitefomicationem:

165 2539 180 2566 1
233 2539 285 2564 or.
301 2526 348 2563 vi.
372 2527 424 2563 18.
628 2536 670 2572 13
691 2526 927 2572 philosophus
948 2527 1047 2562 etc.:
1073 2525 1120 2562 de
1137 2524 1305 2571 Origene
1330 2525 1378 2562 cf.
1396 2525 1527 2562 Abael
1545 2527 1642 2564 Hwt.

165 2577 304 2612 Galam.
325 2584 388 2619 143
415 2574 510 2620 Epp.
529 2585 563 2610 v.
583 2573 647 2615 (ad
664 2572 904 2619 Heloissam),
922 2572 984 2609 vii.
1002 2573 1067 2618 (ad
1090 2572 1326 2619 Η8101383111>,
1345 2575 1460 2609 Ser-m.
1480 2573 1582 2610 xxxi.
1600 2577 1644 2610 in

162 2625 250 2660 Nat.
268 2625 303 2659 S.
321 2623 442 2668 steph.
463 2622 539 2661 ‹ed.
555 2620 736 2658 consini.
755 2632 820 2667 pp
840 2625 1216 2667 32,100‚150,555).
1406 2631 1461 2665 14,
1482 2632 1496 2658 1

164 2671 417 2708 Ecclesiastico
438 2672 551 2716 refert
566 2670 755 2705 Historia:
780 2681 812 2705 v.
829 2667 963 2705 Euseb.
981 2670 1078 2705 Eccl.
1097 2669 1194 2704 Hist.
1212 2667 1261 2703 vi.
1280 2668 1312 2712 8,
1331 2679 1446 2714 quam
1463 2679 1487 2705 a
1503 2623 1644 2706 {Rufino

163 2718 300 2756 Latine
318 2728 462 2753 versum
481 2717 550 2763 (ed
572 2715 743 2753 Caeciari
760 2716 808 2751 vi.
826 2717 859 2759 6,
879 2726 956 2763 p.3
935 2717 1020 2762 331)
1038 2715 1134 2771 legit
1152 2715 1316 2752 Ioannes
1333 2718 1472 2752 noster.
1598 2718 1642 2755 18

164 2766 493 2814 leyunturquidam
507 2766 596 2802 etc.:
613 2776 646 2800 v.
661 2763 820 2801 Hieron.
834 2766 912 2800 adv.
927 2766 1043 2800 Iovin.
1054 2763 1095 2800 ii.
1108 2763 1347 2811 9(MigneP.
1361 2765 1404 2800 L.
1418 2763 1525 2801 xxiii
1541 2766 1642 2811 298).

164 2825 210 2852 22
235 2814 440 2850 Aristotelis
463 2814 599 2848 dietum
625 2814 719 2849 etc.:
744 2825 776 2847 v.
794 2811 877 2848 Val.
897 2811 999 2848 Max.
1017 2811 1080 2847 vii.
1101 2822 1120 2847 2
1139 2814 1216 2848 ext.
1239 2822 1293 2848 11.
1462 2813 1509 2848 26
1532 2814 1644 2849 Dicat

163 2863 359 2909 Apostolus
373 2862 467 2908 quod
484 2862 664 2896 uoluerit:
688 2859 714 2895 i.
727 2871 758 2896 8.
771 2861 893 2905 Nobis,
911 2861 945 2895 si
958 2861 1066 2905 qulae
1081 2861 1240 2895 nimium
1252 2861 1439 2907 indulgere
1454 2861 1642 2905 soleamus,

154 2913 308 2957 frustra
324 2910 460 2945 dixerit
476 2909 672 2954 Apostolus
686 2908 819 2953 Fugite
829 2909 1127 2953 fornicationem,
1144 2909 1233 2954 quia
1248 2909 1323 2945 etc.
1467 2917 1512 2953 27
1534 2889 1644 2955 qula}

162 2959 327 2996 seruire:
354 2957 403 2993 cf.
420 2955 512 2993 Hor.
529 2957 605 2993 Sat.
621 2955 662 2992 ii.
681 2965 813 3003 7.111.

1467 3020 1528 3054 ²51
