1846 3262
74 215 160 265 670
181 225 212 255 a
561 211 828 257 IOANNIS
868 209 1393 256 SARESBERIENSIS
1520 208 1632 271 [ΜΒ.
1645 187 1720 256 ⁴vu

226 335 338 393 pede
369 335 612 379 calcantur.
675 333 765 377 Sed
795 332 896 390 quis
923 334 992 376 est
1022 332 1100 389 qui
1130 332 1246 376 hanc
1276 332 1464 375 arduam
1494 333 1617 376 uiam
1647 333 1722 377 uel

177 403 207 442 b
227 406 399 449 intrare
426 405 669 462 disponat?
730 402 957 460 Angelum
985 401 1152 446 fortem
1183 402 1284 460 quis
1308 403 1603 460 aggreditur?
1639 407 1722 448 aut

226 476 339 533 quis,
360 476 397 519 si
419 474 694 533 aggreditur,
714 473 997 531 perseuerat?
1057 472 1154 516 Nec
1174 475 1327 516 tamen
1348 473 1444 516 sine
1464 473 1722 518 discrimine

225 545 496 589 colluctandi
526 544 710 587 uidetur
740 543 878 587 facies
908 542 1119 586 ueritatis
1149 545 1206 594 et,
1236 542 1325 586 nisi
1355 544 1566 601 pauperis
1595 544 1721 588 exilii

224 616 480 659 amaritudo
529 614 779 673 praecedat,
821 613 1028 657 Rachelis
1078 615 1125 657 et
1174 613 1282 657 Liae
1326 613 1584 671 coniugatio
1628 629 1719 658 non
1739 634 1759 668 5

224 686 438 729 dulcescit
467 700 548 729 nec
579 684 822 728 subcrescit
852 684 1024 728 soboles
1054 699 1303 735 numerosa,
1334 683 1423 727 nisi
1453 684 1501 727 in
1531 684 1720 729 uirtutis

223 756 383 799 baculo
399 755 637 799 Iordanem
653 755 903 798 labentium
919 754 1115 798 solitudo
1131 754 1365 798 transierit
1379 768 1389 807 3
1419 757 1465 798 et
1480 754 1531 797 in
1544 754 1721 800 duabus

222 827 386 871 turmis
425 825 731 884 spiritualium
772 828 818 869 et
852 826 1151 883 corporalium
1186 825 1406 868 bonorum
1441 824 1490 867 in
1524 825 1720 882 patriam

222 896 350 940 diues
381 896 637 954 regreditur
669 896 746 954 qui
783 896 920 939 etiam
953 896 1074 939 inter
1105 898 1320 954 cognatos
1355 895 1461 938 exul
1496 895 1545 938 in
1579 909 1720 952 purae

221 967 613 1025 contemplationis
634 969 681 1010 et
701 970 848 1010 rectae
868 966 1142 1024 operationis
1162 966 1314 1010 labore
1330 965 1503 1009 diutius
1523 966 1718 1011 sudauit.
1739 985 1782 1009 10

223 1038 313 1092 Qui
334 1052 442 1081 uero
469 1038 560 1081 alia
579 1037 657 1081 uia
677 1037 985 1095 philosophari
1006 1037 1229 1088 nituntur,
1251 1039 1428 1089 errant;
1462 1038 1509 1079 et
1528 1039 1719 1095 urgente

222 1107 343 1151 fame
359 1107 659 1165 primogenita
675 1107 941 1158 distrahent,
955 1106 994 1150 si
1010 1109 1162 1150 tamen
1179 1106 1438 1150 inuenerint
1453 1121 1719 1164 germanum

223 1179 302 1236 qui
322 1178 396 1222 uel
416 1178 676 1222 lenticulam
697 1177 944 1235 sapientiae
969 1177 1103 1235 pretii
1135 1177 1315 1220 nomine
1342 1176 1575 1234 largiatur.
1637 1176 1719 1220 Est

180 1260 207 1290 c
225 1249 356 1300 enim,
371 1251 425 1292 ut
445 1248 592 1292 fertur
612 1248 780 1292 dixisse
799 1247 1073 1306 Aristippus,
1088 1246 1323 1305 indulgere
1343 1246 1471 1290 uitiis
1490 1261 1518 1290 a
1539 1246 1716 1305 legendi

222 1318 374 1362 studio
393 1320 655 1376 temperare.
1736 1335 1776 1370 15

486 1427 594 1486 Cap.
620 1441 686 1481 14.
716 1427 781 1471 De
801 1426 995 1484 septima
1014 1426 1144 1470 clauc
1165 1426 1453 1471 discentium.

280 1510 337 1554 In
377 1510 493 1554 libro
534 1509 805 1563 Quintiliani
846 1509 901 1552 de
941 1508 1239 1552 Institutione
1279 1508 1483 1552 Oratoris
1524 1509 1716 1567 septima

222 1581 491 1625 discentium
512 1580 652 1624 clauis
671 1579 858 1637 ponitur
872 1594 999 1622 amor
1017 1578 1286 1631 docentium,
1303 1594 1391 1636 quo
1407 1582 1716 1638 praeceptores

221 1655 275 1695 ut
305 1654 514 1709 parentes
543 1650 724 1693 amandi
755 1652 863 1693 sunt
893 1652 939 1693 et
968 1649 1153 1694 colendi.
1214 1649 1343 1693 Sicut
1373 1650 1492 1693 enim
1521 1650 1589 1693 illi
1618 1665 1713 1695 cor-

222 1737 394 1781 porum,
421 1721 488 1765 ita
518 1724 564 1764 et
593 1721 671 1764 isti
703 1720 885 1778 quidem
913 1722 1021 1763 sunt
1051 1720 1278 1778 genitores
1309 1720 1587 1775 animorum3
1621 1736 1713 1765 non
1732 1736 1776 1761 πο

223 1793 405 1850 quidem
436 1792 491 1835 de
523 1806 570 1834 se
599 1790 787 1849 spiritus
818 1790 1109 1849 propagando
1140 1791 1452 1843 substantiam,
1479 1791 1556 1834 sed
1584 1791 1713 1849 quasi

221 1862 489 1920 sapientiam
524 1861 573 1904 in
605 1860 864 1904 auditorum
894 1861 1122 1905 mentibus
1151 1861 1347 1920 gignunt
1377 1861 1427 1904 in
1456 1861 1616 1905 melius
1645 1877 1713 1906 re·

221 1931 460 1975 formando
489 1934 714 1975 naturam.
776 1930 836 1974 Et
865 1931 975 1975 haec
1005 1931 1186 1989 quidem
1217 1931 1362 1990 pietas
1375 1922 1380 1929 ⁸
1393 1931 1542 1975 studio
1573 1931 1713 1990 pluri-

219 2017 345 2045 mum
360 2001 555 2054 confert3
585 2017 691 2044 nam
713 2004 759 2045 et
778 2001 972 2045 libenter
991 2002 1185 2046 audiunt
1205 2017 1316 2060 quos
1337 2004 1503 2054 amant,
1520 2005 1566 2045 et
1581 2002 1714 2047 dictis

219 2073 410 2117 credunt
445 2075 491 2116 et
525 2072 589 2116 eis
630 2077 724 2115 esse
758 2071 926 2115 similes
960 2072 1291 2130 concupiscunt,
1325 2074 1371 2116 et
1405 2072 1480 2130 pio
1519 2071 1713 2117 faciente
1731 2090 1775 2125 25

220 2143 384 2187 affectu
404 2142 452 2185 in
472 2142 592 2200 ipsos
619 2145 743 2186 cetus
770 2142 1007 2185 scolarium
1033 2142 1113 2186 leti
1143 2142 1399 2200 alacresque
1426 2143 1712 2194 conueniunt,

169 2218 200 2260 d
221 2213 446 2258 emendati
467 2228 558 2256 non
578 2212 846 2264 irascuntur,
862 2212 1036 2255 laudati
1064 2227 1155 2256 non
1176 2213 1458 2265 erubescunt,
1479 2214 1532 2255 ut
1553 2213 1646 2256 sint
1665 2216 1712 2258 et

219 2284 306 2341 ipsi
338 2282 556 2326 carissimi
586 2281 737 2325 studio
764 2282 1070 2327 merebuntur.
1098 2293 1101 2296 ⁴
1131 2282 1264 2335 Nam,
1284 2286 1338 2326 ut
1358 2282 1592 2326 doctorum
1617 2283 1710 2327 offi-

220 2376 242 2402 2
269 2364 464 2413 agreditur
478 2363 516 2400 S¹
661 2364 685 2401 6
710 2363 916 2401 succrescit
933 2364 968 2399 A
1114 2374 1153 2401 11
1208 2363 1458 2412 hylosophari
1475 2364 1516 2400 M
1662 2367 1710 2404 26

219 2413 362 2460 impsos
379 2413 429 2449 C:
454 2412 538 2459 ipso
556 2411 598 2447 M
750 2413 803 2449 28¹
822 2411 1016 2449 karissimi
1033 2376 1208 2449 OBASNf

266 2495 287 2521 2
313 2486 497 2531 Anyelum
519 2485 659 2530 fortem
693 2483 792 2520 etc.:
827 2483 887 2520 Ad
913 2482 1167 2521 luctationem
1197 2482 1312 2520 Iacob
1338 2495 1424 2520 cum
1450 2494 1498 2519 an
1551 2483 1589 2520 lo
1614 2482 1710 2522 Gen.

218 2532 337 2569 xxxii.
355 2543 401 2579 24
419 2543 522 2579 seqq.
542 2530 709 2578 respicit.
922 2539 941 2578 5
968 2533 1138 2569 Rachelis
1154 2536 1186 2566 et
1202 2533 1294 2567 Liae
1311 2534 1385 2569 etc.
1400 2543 1409 2568 :
1435 2544 1472 2568 v.
1527 2543 1588 2568 en.
1604 2532 1708 2569 xxix.

218 2583 253 2625 6,
274 2591 295 2627 7
319 2584 395 2617 nisi
412 2583 453 2616 in
470 2582 624 2616 uirtutis
643 2580 768 2616 baculo
784 2581 880 2617 etc.:
904 2591 938 2616 v.
957 2579 1052 2616 Gen.
1070 2578 1186 2615 xxxii.
1209 2589 1263 2616 10.
1427 2589 1470 2616 12
1494 2591 1710 2626 yet-manum

220 2632 295 2666 etc.
312 2640 320 2665 :
347 2641 379 2664 v.
397 2627 493 2665 Gen.
510 2640 594 2664 xxv.
616 2638 662 2674 29
675 2639 778 2674 seqq.
945 2638 997 2674 13,
1020 2637 1064 2673 14
1088 2629 1157 2663 Est
1173 2628 1270 2663 enim
1289 2628 1362 2664 etc.
1381 2638 1390 2663 :
1418 2627 1501 2664 Hoc
1519 2627 1708 2675 Aristippi

219 2677 365 2713 dietum
380 2676 479 2713 alibi
495 2675 659 2723 reperire
677 2676 804 2712 adhuc
821 2674 988 2722 nequivi.
1048 2713 1054 2720 ⁸
1118 2684 1160 2719 17
1185 2677 1234 2710 In
1251 2676 1345 2711 libro
1365 2677 1593 2720 Quintiliani
1609 2678 1706 2713 etc.:

218 2737 252 2761 v.
281 2724 443 2769 Quintil.
472 2726 564 2762 Inst.
590 2726 690 2760 Orat.
719 2722 761 2759 ii.
790 2734 824 2770 9.
918 2725 1095 2779 septima:
1131 2722 1172 2758 id
1198 2725 1268 2765 est,
1295 2726 1380 2770 post
1406 2735 1471 2760 sex
1494 2723 1583 2760 illas
1609 2735 1707 2770 quae

219 2774 425 2810 enumerat
450 2772 665 2810 Bernartius
690 2770 931 2808 Carnotensis
954 2784 996 2807 111
1021 2770 1213 2808 versiculis
1238 2783 1352 2817 supra
1379 2771 1465 2826 (656
1487 2772 1533 2827 p)
1562 2770 1704 2826 citatis.

219 2831 277 2864 20,
302 2830 344 2857 21
381 2832 456 2857 non
484 2822 628 2868 quidem
657 2821 730 2856 etc.
758 2831 876 2866 usque
906 2819 956 2856 ad
988 2824 1189 2873 naturam:
1233 2819 1337 2874 Haec
1362 2819 1593 2864 Quintiliam
1626 2830 1707 2874 noon

218 2870 320 2953 sugit.
383 2915 409 2952 b
436 2915 452 2952 1
496 2869 544 2905 26
565 2869 785 2953 εῆοέιῐένίατηι
811 2869 1017 2905 scholarum
1034 2866 1220 2912 Qumnl.;
1246 2879 1354 2905 cuius
1371 2869 1501 2905 aetate
1517 2869 1707 2915 posteriue
1757 2910 1760 2914 ,

218 2927 258 2953 es
294 2927 384 2952 voca
411 2928 436 2953 u
453 2928 518 2953 um
532 2928 569 2953 sc
655 2928 719 2954 m.

319 2982 381 3015 ¹52
