1846 3262
136 251 238 285 oar.
251 236 323 298 xl]
657 238 1095 285 POLICRATICVS
1622 256 1702 299 754
1721 257 1753 288 a

135 361 378 420 temptauit
391 361 498 405 dare
513 361 795 406 mulierculae
815 362 963 406 cibum
978 362 1115 406 donec
1131 361 1291 406 ancilla
1303 362 1400 407 uini
1419 362 1608 421 (certum

135 432 295 489 habeo)
326 432 460 475 odore
490 434 699 489 corrupta
729 431 922 488 primum
954 431 1051 488 ipsa
1082 431 1282 489 porrexit
1311 431 1369 475 ad
1402 432 1607 475 humani-

134 505 276 547 tatem
296 501 534 545 inuitantis
554 501 719 544 uictam
740 515 936 544 manum.
996 500 1167 544 Deinde
1182 500 1349 545 refecta
1368 502 1547 559 potione
1562 505 1609 545 et

134 572 234 617 eibo
263 586 519 629 expugnare
546 570 750 614 dominae
775 570 1065 628 pertinaciam
1094 571 1240 628 coepit
1266 573 1334 614 et:
1364 571 1484 625 Quid
1507 585 1608 628 pro-

97 655 118 690 s
136 642 266 695 derit,
289 642 451 699 inquit,
477 642 559 684 hoc
593 641 691 693 tibi,
711 640 749 683 si
779 640 926 684 soluta
955 640 1103 684 inedia
1133 640 1285 693 fueris,
1311 641 1350 684 si
1379 644 1425 684 te
1454 641 1608 684 uiuam
1640 666 1644 670 ·

135 712 371 770 sepelieris,
390 711 429 756 si
452 714 691 768 antequam
717 710 815 753 fata
840 712 1023 767 poscant
1043 710 1381 768 indempnatum
1400 711 1609 755 effuderis

134 782 344 841 spiritum
358 784 374 824 2

252 868 308 912 Id
335 868 528 913 cinerem
556 869 637 910 aut
665 880 818 909 manes
847 865 989 910 credis
1017 880 1172 910 curare
1201 867 1429 924 sepultos?

135 955 218 1000 Vis
255 958 309 999 tu
347 955 612 999 reuiuiscere
654 954 976 998 reluctantibus
1023 953 1132 997 fatis
1177 954 1457 999 extinctum‘l
1527 954 1608 998 Vis
1624 964 1654 1003 b

78 1044 120 1068 10
136 1024 333 1070 discusso
362 1024 568 1068 muliebri
603 1038 749 1067 errore
781 1022 993 1080 quamdiu
1021 1022 1199 1066 licuerit
1227 1023 1339 1066 lucis
1368 1023 1608 1067 commodis

136 1095 260 1139 frui'l
316 1095 471 1153 Ipsum
494 1097 540 1137 te
567 1093 752 1137 iacentis
781 1107 940 1150 corpus
970 1091 1206 1136 admonere
1233 1092 1366 1136 debet
1389 1096 1442 1136 ut
1467 1093 1609 1137 uiuas.

134 1164 280 1208 Nemo
298 1163 470 1207 inuitus
490 1163 628 1214 audit,
649 1177 750 1206 cum
778 1162 931 1205 uiuere
958 1161 1134 1219 cogitur
1157 1164 1238 1205 aut
1256 1177 1429 1206 sumere
1449 1163 1610 1208 cibum.

135 1234 296 1292 Itaque
324 1233 494 1284 mulier,
523 1232 695 1289 aliquot
725 1231 898 1274 dierum
929 1231 1202 1274 abstinentia
1229 1231 1355 1283 sicca,
1382 1246 1513 1289 passa
1542 1235 1611 1276 est

135 1303 287 1362 frangi
305 1302 596 1362 pertinaciam
616 1316 754 1345 suam.
804 1301 899 1345 Nec
919 1301 1067 1344 minus
1082 1300 1214 1344 auide
1234 1301 1425 1359 repleuit
1445 1317 1491 1358 se
1510 1301 1609 1345 cibo

76 1392 118 1428 15
136 1388 271 1433 quam
309 1372 471 1416 ancilla
501 1386 614 1429 quae
648 1372 771 1430 prior
803 1371 926 1414 uicta
958 1373 1038 1415 est.
1096 1369 1307 1417 Ceterum
1342 1371 1465 1414 scitis
1500 1371 1608 1428 quid

133 1443 394 1503 plermnque
423 1445 642 1501 temptare
672 1441 812 1485 soleat
838 1441 1081 1484 humanam
1107 1440 1374 1484 satietatem.
1435 1441 1609 1494 Quibus

132 1513 365 1558 blanditiis
402 1512 722 1570 impetrauerat
760 1510 887 1555 miles
926 1513 979 1554 ut
1020 1513 1226 1554 matrona
1264 1510 1418 1554 uiuere
1460 1511 1608 1562 uellet,

134 1583 300 1628 eisdem
323 1583 458 1627 etiam
483 1581 745 1640 pudicitiam
773 1581 867 1624 eius
887 1595 1122 1639 aggressus
1141 1583 1220 1624 est.
1279 1579 1375 1624 Nec
1395 1580 1608 1624 deformis

136 1656 217 1698 aut
249 1652 518 1697 infacundus
547 1651 724 1695 iuuenis
762 1654 910 1694 castae
941 1650 1192 1702 uidebatur,
1222 1649 1384 1694 ancilla
1413 1651 1608 1710 gratiam

77 1747 122 1772 ,ο
135 1722 398 1768 conciliante
416 1736 467 1766 ac
486 1721 674 1765 subinde
693 1720 887 1765 dicente:

423 1808 651 1852 Placitone
679 1807 815 1851 etiam
844 1807 1066 1865 pugnabis
1093 1807 1264 1852 amori?

250 1882 332 1912 nec
359 1867 486 1911 uenit
514 1867 563 1910 in
592 1870 786 1910 mentem
817 1880 1006 1923 quorum
1034 1865 1283 1909 consederis
1311 1865 1462 1909 aruis'l

137 1953 258 2008 Quid
288 1953 458 1998 diutius
489 1942 666 1997 moror?
726 1951 797 1995 Ne
837 1952 952 1995 hanc
987 1951 1166 2008 quidem
1204 1954 1379 2008 partem
1413 1951 1608 2009 corporis
1627 1962 1652 1992 c

138 2023 299 2068 mulier
354 2022 586 2074 abstinuit,
633 2021 864 2078 uictorque
912 2020 1039 2063 miles
1086 2023 1327 2078 utrumque
1375 2021 1608 2079 persuasit.

79 2109 122 2144 25
139 2093 381 2137 Iacuerunt
418 2106 524 2150 ergo
561 2106 653 2135 una
690 2106 781 2134 non
812 2093 991 2134 tantum
1022 2089 1102 2132 illa
1131 2092 1272 2141 nocte,
1304 2104 1392 2147 qua
1426 2091 1609 2148 nuptias

137 2162 352 2213 fecerunt,
370 2161 448 2206 sed
467 2164 643 2219 postero
662 2160 798 2203 etiam
817 2174 868 2202 ac
887 2159 1023 2202 tertia
1043 2159 1126 2211 die,
1141 2158 1381 2216 praeclusis
1400 2159 1608 2204 uidelicet

136 2230 372 2276 conditorii
419 2230 603 2282 foribus,
652 2232 705 2272 ut
750 2229 936 2286 quisque
979 2243 1036 2271 ex
1080 2227 1200 2271 notis
1248 2227 1500 2284 ignotisque
1549 2228 1607 2271 ad

137 2303 474 2344 monumentum
499 2298 682 2342 ueniens
707 2300 909 2356 putasset
932 2297 1156 2355 expirasse
1185 2311 1318 2354 super
1341 2311 1499 2354 corpus
1518 2298 1607 2340 uiri

137 2369 468 2429 pudicissimam
486 2382 682 2412 uxorem.
742 2366 951 2412 Ceterum
978 2366 1223 2410 delectatus
1245 2365 1373 2408 miles
1397 2369 1444 2408 et
1463 2364 1610 2410 forma

141 2502 157 2529 1
185 2490 267 2528 umi
281 2490 391 2528 GBS:
415 2488 524 2526 humi
539 2489 579 2525 M
747 2498 768 2524 2
794 2487 843 2524 ab
860 2498 905 2524 eo
922 2485 999 2522 (ΡΒ
1176 2494 1194 2532 5
1220 2484 1356 2531 inquid
1374 2484 1401 2522 S
1535 2485 1608 2522 hoc

137 2538 266 2587 inquit
291 2537 365 2575 tibi
392 2537 446 2574 A:
479 2535 607 2583 inquit
635 2534 710 2572 tibi
740 2535 814 2572 hoc
846 2533 887 2570 M
1079 2543 1126 2571 10
1149 2532 1318 2571 comodis
1346 2532 1372 2569 S
1563 2541 1605 2570 11

137 2596 354 2624 ammonere
371 2584 411 2622 M
556 2585 599 2621 18
623 2582 848 2630 pudititiam
864 2581 983 2620 etiam
998 2579 1053 2619 A¹
1171 2591 1343 2629 agressus
1361 2579 1419 2617 ΟΒ
1560 2581 1606 2618 26

138 2634 257 2673 etiam
274 2635 426 2682 postero
442 2631 489 2668 Δὶ

188 2759 258 2792 1‚2
284 2747 569 2784 aenumhabeoz
593 2743 972 2782 meeabooPetron.
1093 2743 1115 2780 8
1138 2743 1358 2779 manerem
1374 2742 1468 2795 eta:
1492 2739 1605 2796 Vei-33

137 2797 231 2833 Ata.
246 2795 294 2831 iv.
313 2805 370 2840 34.
569 2802 592 2839 9
614 2793 873 2829 reluctantibus
879 2793 978 2837 fatis
993 2793 1213 2829 extinctum:
1241 2790 1348 2827 deest
1371 2801 1414 2824 m
1438 2787 1608 2826 Petromi

136 2845 260 2887 textu,
277 2842 430 2889 qualem
444 2839 559 2878 hodie
577 2852 664 2878 enm
680 2839 875 2877 habemus.
1096 2848 1138 2876 21
1165 2838 1356 2875 Pleu-itone
1370 2839 1467 2874 etc.:
1492 2835 1607 2884 Verg.

139 2892 231 2928 Am.
248 2889 295 2927 iv.
313 2891 369 2936 38,
391 2899 449 2936 39.

1434 2974 1500 3009 ³08
