1846 3262
133 241 236 276 081».
250 229 357 292 xv1]
466 221 471 227 ⁵
674 229 1085 276 POLICRATICV
1087 229 1120 274 S
1646 231 1716 271 611
1734 236 1767 270 8

133 357 242 399 ante
290 355 432 400 aciem
476 354 707 413 postulato
756 353 960 398 silentio:
1009 354 1113 406 Vos,
1157 354 1320 412 inquit,
1367 353 1447 411 qui
1493 352 1632 397 881182
1650 365 1682 394 a

134 425 416 485 Responsum
437 429 529 470 est:
560 425 752 470 Romani
771 425 978 484 gentium
998 425 1182 470 domini.
1242 425 1303 469 Et
1316 424 1418 469 ille:
1447 424 1523 468 Ita
1541 424 1634 476 fiet,

133 497 298 555 inquit,
318 497 357 541 si
381 511 464 541 nos
487 497 701 542 uiceritis.
761 496 903 540 Graui
930 496 1115 540 tandem
1142 496 1355 540 conflictu
1380 498 1636 554 pugnatum

134 570 218 621 est,
252 568 332 612 sed
372 568 564 612 Romani
604 567 825 621 uicerunt,
856 571 903 612 et
940 583 1128 612 numero
1158 568 1312 626 plures
1346 570 1394 611 et
1425 566 1636 611 fortiores

96 653 119 690 5
135 638 313 684 uiribus
339 642 387 683 et
414 639 752 683 exercitatiores
771 653 871 692 usu,
890 639 1049 682 multis
1068 642 1223 682 tamen
1246 637 1424 682 amissis
1450 651 1635 681 suorum

136 724 190 754 eo
209 709 331 768 quod
350 709 416 753 818
436 709 695 754 colluctatio
722 708 874 753 fuerat
900 709 1118 753 aduersus
1141 709 1359 767 populum
1378 707 1635 766 disciplina-

135 780 243 825 liter
272 780 514 826 eruditum.
573 780 744 824 Verum
779 780 829 823 in
867 783 967 824 tota
996 795 1045 824 re
1075 780 1263 824 militari
1295 779 1436 825 nichil
1464 779 1636 830 utilius,

135 851 278 896 nichil
304 851 471 896 0181188
496 851 609 895 (1808
634 851 826 896 erudito.
887 851 1008 894 Nam
1028 851 1178 895 uirtus
1199 854 1245 895 81
1264 850 1490 894 industria
1510 849 1637 893 ducis

137 922 378 967 efficaciam
410 922 646 973 exercitus,
680 922 799 966 sicut
837 922 1184 979 prouerbialiter
1222 921 1311 966 dici
1350 921 1475 972 solet,
1508 919 1638 978 quasi

78 1009 122 1036 10
138 993 282 1038 811818
312 993 440 1037 18808
471 995 742 1050 compensat.
804 991 1018 1037 Cesareos
1052 992 1308 1051 triumphos
1342 992 1447 1036 duci
1486 990 1639 1050 potius

138 1078 276 1122 quam
305 1063 525 1108 exercitui
554 1066 760 1107 uetustas
790 1063 1012 1121 ascripsit.

197 1134 264 1178 Vt
282 1134 403 1178 enim
418 1133 602 1178 Solinus
617 1134 707 1177 ait:
736 1133 970 1188 Quantum
987 1133 1193 1178 Senicius
1212 1136 1295 1177 881
1314 1133 1501 1192 Sergius
1520 1133 1641 1176 inter

137 1204 319 1256 milites,
353 1207 535 1248 tantum
569 1204 691 1248 inter
722 1204 858 1248 duces
898 1203 1037 1248 immo
1071 1218 1226 1248 omnes
1265 1204 1470 1247 homines
1502 1202 1642 1248 Cesar

139 1275 339 1321 dictator
366 1275 546 1320 enituit.
606 1274 757 1319 Huius
788 1275 1000 1319 ductibus
1029 1274 1240 1319 undecies
1267 1278 1450 1319 centum
1474 1273 1642 1332 uiginti

78 1367 124 1404 ¹5
141 1349 189 1391 81
207 1345 299 1390 (180
317 1344 444 1388 1111118
459 1344 659 1389 1108118111
674 1360 804 1389 08888
819 1345 983 1389 Ν18188
1000 1345 1252 1389 adnotauit.
1294 1345 1447 1403 Signis
1467 1344 1643 1388 collatis
1658 1342 1689 1382 b

141 1416 441 1476 quinquagies
455 1419 502 1460 81
513 1415 584 1460 bis
597 1415 844 1468 dimicauit,
858 1416 1062 1460 Marcum
1074 1416 1337 1460 Marcellum
1351 1415 1472 1460 solus
1487 1430 1641 1473 super-

140 1503 334 1547 gressus,
342 1487 421 1546 qui
436 1487 594 1531 nouies
610 1490 657 1531 et
673 1487 827 1531 tricies
842 1487 942 1545 pari
957 1487 1091 1530 modo
1106 1486 1259 1530 fuerat
1270 1487 1529 1545 praeliatus.
1570 1486 1644 1530 Ad

141 1560 254 1604 haec
280 1558 434 1602 nullus
463 1557 651 1602 celerius
672 1558 865 1616 scripsit,
884 1573 1017 1602 nemo
1037 1558 1236 1602 uelocius
1256 1557 1380 1616 legit,
1401 1560 1645 1616 quaternas

145 1630 284 1675 etiam
314 1628 527 1688 epistolas
556 1628 822 1687 perhibetur
841 1628 976 1672 simul
997 1629 1201 1680 dictasse,
1220 1628 1504 1687 benignitate
1532 1628 1645 1672 adeo

82 1723 131 1750 ιο
145 1701 380 1761 praeditus
397 1703 451 1744 ut
471 1714 584 1758 quos
602 1700 742 1743 armis
762 1699 1014 1759 subegerat,
1034 1699 1273 1745 clementia
1292 1700 1438 1759 magis
1457 1700 1631 1744 uicerit.

287 1805 395 1864 Cap.
420 1805 486 1848 16.
546 1804 674 1859 Quae
694 1804 979 1849 ‘nostratilme
992 1805 1122 1850 ‘mala
1136 1805 1429 1863 prmaeniam
1450 1805 1507 1849 ab

671 1872 1124 1930 ivdwoiplinatimw.
1767 1874 1788 1900 ⁴

204 1958 295 2003 Sed
316 1957 426 2016 quid
445 1958 668 2002 maiorum
688 1958 908 2002 uirtutem
929 1959 1096 2017 replico
1121 1962 1168 2002 et
1187 1958 1408 2003 reuoluo‘ss
1466 1957 1647 2002 Defecit

146 2033 246 2075 etas
284 2032 442 2073 nostra
481 2031 528 2072 et
566 2027 663 2072 fere
703 2029 762 2072 ad
801 2029 1020 2073 nichilum
1060 2029 1243 2073 redacta
1282 2032 1363 2080 est,
1402 2029 1648 2073 honoribus

86 2111 132 2147 ²5
149 2100 411 2145 intumescit
451 2100 674 2143 honorum
713 2100 915 2144 nesciens
956 2100 1136 2159 gradus,
1167 2099 1373 2143 uanitate
1413 2100 1648 2143 nominum

148 2172 401 2217 delectatur
429 2173 691 2228 contempta
721 2186 872 2214 rerum
902 2171 1098 2214 ueritate
1128 2174 1174 2214 et
1204 2170 1371 2214 fructu.

206 2243 406 2293 Aleator‚
425 2256 600 2299 auceps,
623 2242 832 2300 quodque
851 2242 997 2300 magis
1021 2242 1195 2292 mirere,
1217 2241 1471 2285 stulticines
1500 2245 1547 2285 81
1567 2241 1645 2299 qui
1664 2256 1692 2286 0

146 2316 591 2381 W
970 2321 973 2323 ’

198 2427 220 2463 3
241 2417 364 2453 Graan·
379 2415 529 2451 tandem
546 2415 639 2451 etc.:
667 2411 773 2456 Quae
798 2413 1013 2458 sequuntur
1037 2422 1116 2447 non
1140 2409 1245 2447 Flori
1269 2412 1376 2455 sunt;
1403 2409 1508 2447 unde
1531 2409 1651 2457 suspi-

151 2476 219 2503 cor
237 2463 316 2502 alio
335 2461 544 2508 nescioquo
565 2459 752 2498 historiae
777 2459 960 2496 Livianae
985 2458 1202 2496 breviatore
1228 2471 1340 2495 usum
1365 2470 1444 2496 esse
1463 2458 1650 2496 Ioannem

149 2515 338 2550 nostrum.
452 2521 495 2547 12
530 2512 719 2555 Quantum
735 2510 809 2545 etc.
829 2519 949 2553 usque
966 2508 1015 2543 ad
1036 2509 1186 2543 uicerit:
1213 2507 1330 2543 80118.
1341 2506 1366 2542 1.
1386 2508 1466 2549 106,
1481 2516 1547 2551 107
1576 2507 1649 2550 (ed.

151 2561 329 2598 Momm.
344 2571 383 2606 p.
402 2557 479 2604 27).
578 2558 766 2594 Senicius:
792 2557 957 2591 Sicinius
974 2554 1094 2591 Solin.
1212 2564 1253 2601 15
1280 2556 1419 2590 Ninia-⁴³
1434 2556 1650 2592 adnotauit:

152 2609 207 2646 sic
224 2607 384 2645 10881118
400 2605 552 2644 codices
567 2619 577 2648 3
602 2616 664 2652 ap.
684 2603 860 2641 Solinum
877 2602 1042 2651 legimus
1058 2615 1147 2638 nam
1162 2608 1342 2650 quantum
1360 2604 1464 2639 bellis
1480 2605 1652 2640 eiuilsbus

142 2659 302 2704 fiderit,
321 2656 441 2692 noluit
454 2655 641 2690 adnotari.
691 2651 865 2689 Fortasse
884 2663 931 2689 ex
948 2650 1074 2688 Solini
1093 2651 1304 2698 exemplari
1322 2651 1423 2697 quod
1440 2651 1508 2687 sub
1529 2651 1651 2688 oculis

151 2704 293 2742 habuit
314 2704 478 2740 Ioannes
503 2701 726 2739 exciderant
742 2702 883 2743 cetera,
901 2701 1129 2737 manserunt
1145 2711 1182 2735 n.
1202 2701 1389 2745 adnotari,
1407 2710 1505 2746 quae
1529 2704 1575 2736 ut
1598 2699 1652 2735 in-

151 2753 361 2801 telligeret,
379 2751 439 2788 118
462 2748 655 2787 correxit:
688 2761 727 2785 n.
754 2750 969 2791 adnotavi&
994 2760 1032 2784 π.
1059 2759 1130 2794 pro
1155 2746 1287 2784 littera
1311 2747 1478 2783 nominis
1502 2748 1652 2795 proprii

153 2801 351 2840 cuiusdam
367 2801 508 2836 Nim'as
526 2796 676 2834 initiali
688 2799 859 2843 accepto.
901 2795 1103 2833 Editiones
1115 2795 1404 2842 antiquissimae
1418 2795 1517 2834 duae
1528 2799 1653 2833 minas

154 2850 353 2887 ”notauit
377 2846 584 2889 exhibent3
615 2845 734 2883 verba
756 2844 877 2892 ipsius
902 2843 1027 2881 Solini
1050 2843 1249 2881 substituit
1274 2844 1332 2881 ed.
1352 2844 1473 2892 Lugd.
1500 2856 1535 2881 8.
1559 2854 1651 2892 1513

155 2897 352 2945 impressa
401 2896 448 2932 In
466 2894 523 2932 ed.
542 2894 664 2941 Lugd.
681 2893 767 2930 Bat.
790 2895 883 2939 1639
898 2893 1013 2930 verba
1037 2891 1161 2929 Solini
1178 2891 1290 2929 uncis
1314 2891 1467 2930 inclusa
1490 2895 1591 2937 sunt.
1607 2893 1652 2930 in

157 2946 335 2994 margine
352 2946 515 2982 notatur
528 2942 637 2980 varia
652 2941 769 2980 lectio
785 2943 915 2978 Minas
929 2942 1142 2979 annotavit.

214 3019 299 3038 ms
312 3018 335 3038 n
901 3005 930 3032 G
1495 3007 1538 3040 41
