<?xml version="1.0" encoding="UTF-8"?>
<!DOCTYPE html PUBLIC "-//W3C//DTD XHTML 1.0 Transitional//EN"
    "http://www.w3.org/TR/xhtml1/DTD/xhtml1-transitional.dtd">
<html xmlns="http://www.w3.org/1999/xhtml" xml:lang="en" lang="en">
 <head>
  <title>
</title>
<meta http-equiv="Content-Type" content="text/html;charset=utf-8" />
  <meta name='ocr-system' content='tesseract 3.04.00' />
  <meta name='ocr-capabilities' content='ocr_page ocr_carea ocr_par ocr_line ocrx_word'/>
</head>
<body>
  <div class='ocr_page' id='page_1' title='image "./ioannissaresberi02johnuoft_0442.png"; bbox 0 0 1846 3262; ppageno 0'>
   <div class='ocr_carea' id='block_1_1' title="bbox 833 201 1214 247">
    <p class='ocr_par' dir='ltr' id='par_1_1' title="bbox 833 201 1214 247">
     <span class='ocr_line' id='line_1_1' title="bbox 833 201 1214 247; baseline 0.003 -1"><span class='ocrx_word' id='word_1_1' title='bbox 833 201 1149 247; x_wconf 88' lang='lat' dir='ltr'><strong>APPENDIX</strong></span> <span class='ocrx_word' id='word_1_2' title='bbox 1184 202 1214 247; x_wconf 83' lang='grc' dir='ltr'>Ἰ</span> 
     </span>
    </p>
   </div>
   <div class='ocr_carea' id='block_1_2' title="bbox 288 320 1768 837">
    <p class='ocr_par' dir='ltr' id='par_1_2' title="bbox 398 320 1763 484">
     <span class='ocr_line' id='line_1_2' title="bbox 398 320 1763 369; baseline 0.003 -14"><span class='ocrx_word' id='word_1_3' title='bbox 398 324 509 365; x_wconf 80' lang='lat' dir='ltr'><em>porta</em></span> <span class='ocrx_word' id='word_1_4' title='bbox 532 320 583 355; x_wconf 81' lang='lat' dir='ltr'><em>ad</em></span> <span class='ocrx_word' id='word_1_5' title='bbox 600 323 750 365; x_wconf 78' lang='lat' dir='ltr'><em>portam</em></span> <span class='ocrx_word' id='word_1_6' title='bbox 774 324 806 355; x_wconf 83' lang='lat' dir='ltr'><em>et</em></span> <span class='ocrx_word' id='word_1_7' title='bbox 830 320 1028 356; x_wconf 75' lang='lat' dir='ltr'><em>occiderent</em></span> <span class='ocrx_word' id='word_1_8' title='bbox 1049 321 1294 368; x_wconf 72' lang='lat' dir='ltr'><em>anusque‘sque</em></span> <span class='ocrx_word' id='word_1_9' title='bbox 1310 322 1524 368; x_wconf 73' lang='lat' dir='ltr'><em>proximum</em></span> <span class='ocrx_word' id='word_1_10' title='bbox 1547 326 1581 358; x_wconf 79' lang='lat' dir='ltr'><em>et</em></span> <span class='ocrx_word' id='word_1_11' title='bbox 1603 323 1763 369; x_wconf 78' lang='lat' dir='ltr'><em>fratrem</em></span> 
     </span>
     <span class='ocr_line' id='line_1_3' title="bbox 404 377 1760 429; baseline 0.004 -15"><span class='ocrx_word' id='word_1_12' title='bbox 404 391 522 414; x_wconf 82' lang='lat' dir='ltr'><em>saum.</em></span> <span class='ocrx_word' id='word_1_13' title='bbox 571 377 740 415; x_wconf 89' lang='lat' dir='ltr'><em>Accintis</em></span> <span class='ocrx_word' id='word_1_14' title='bbox 765 378 893 425; x_wconf 86' lang='lat' dir='ltr'><em>gladio</em></span> <span class='ocrx_word' id='word_1_15' title='bbox 919 378 967 416; x_wconf 91' lang='lat' dir='ltr'><em>de</em></span> <span class='ocrx_word' id='word_1_16' title='bbox 992 381 1106 426; x_wconf 87' lang='lat' dir='ltr'><em>porta</em></span> <span class='ocrx_word' id='word_1_17' title='bbox 1129 378 1299 426; x_wconf 75' lang='lat' dir='ltr'>precipit</span> <span class='ocrx_word' id='word_1_18' title='bbox 1321 380 1376 417; x_wconf 88' lang='lat' dir='ltr'><em>ire</em></span> <span class='ocrx_word' id='word_1_19' title='bbox 1432 396 1468 411; x_wconf 91' lang='lat'>=</span> <span class='ocrx_word' id='word_1_20' title='bbox 1484 380 1550 418; x_wconf 91' lang='lat' dir='ltr'><em>Be.</em></span> <span class='ocrx_word' id='word_1_21' title='bbox 1571 381 1642 418; x_wconf 88' lang='lat' dir='ltr'><em>col.</em></span> <span class='ocrx_word' id='word_1_22' title='bbox 1671 390 1760 429; x_wconf 84' lang='lat'><em>1215</em></span> 
     </span>
     <span class='ocr_line' id='line_1_4' title="bbox 407 436 923 484; baseline 0 -10"><span class='ocrx_word' id='word_1_23' title='bbox 407 436 425 483; x_wconf 83' lang='lat'>§</span> <span class='ocrx_word' id='word_1_24' title='bbox 450 447 512 483; x_wconf 89' lang='lat'><em>19:</em></span> <span class='ocrx_word' id='word_1_25' title='bbox 538 436 606 474; x_wconf 87' lang='lat' dir='ltr'><em>Bo.</em></span> <span class='ocrx_word' id='word_1_26' title='bbox 624 436 696 475; x_wconf 87' lang='lat' dir='ltr'><em>col.</em></span> <span class='ocrx_word' id='word_1_27' title='bbox 717 438 807 482; x_wconf 92' lang='lat'><strong>1267</strong></span> <span class='ocrx_word' id='word_1_28' title='bbox 827 436 845 484; x_wconf 66' lang='grc' dir='ltr'><strong>ξ</strong></span> <span class='ocrx_word' id='word_1_29' title='bbox 868 447 923 484; x_wconf 88' lang='grc'><em>19.</em></span> 
     </span>
    </p>

    <p class='ocr_par' dir='ltr' id='par_1_3' title="bbox 373 495 1545 545">
     <span class='ocr_line' id='line_1_5' title="bbox 373 495 1545 545; baseline 0.003 -13"><span class='ocrx_word' id='word_1_30' title='bbox 373 505 404 532; x_wconf 90' lang='lat'><em>1.</em></span> <span class='ocrx_word' id='word_1_31' title='bbox 429 495 600 533; x_wconf 87' lang='lat' dir='ltr'><em>Accintis</em></span> <span class='ocrx_word' id='word_1_32' title='bbox 616 498 690 532; x_wconf 84' lang='lat' dir='ltr'><em>cod.</em></span> <span class='ocrx_word' id='word_1_33' title='bbox 709 507 827 532; x_wconf 80' lang='lat' dir='ltr'><em>meus:</em></span> <span class='ocrx_word' id='word_1_34' title='bbox 853 495 1056 533; x_wconf 85' lang='lat' dir='ltr'><em>Accinctus</em></span> <span class='ocrx_word' id='word_1_35' title='bbox 1073 496 1131 543; x_wconf 81' lang='lat' dir='ltr'><em>(s.</em></span> <span class='ocrx_word' id='word_1_36' title='bbox 1147 495 1366 545; x_wconf 85' lang='lat' dir='ltr'><em>Accinctos)</em></span> <span class='ocrx_word' id='word_1_37' title='bbox 1383 500 1461 542; x_wconf 72' lang='lat' dir='ltr'><em>Be„</em></span> <span class='ocrx_word' id='word_1_38' title='bbox 1478 499 1545 535; x_wconf 91' lang='lat' dir='ltr'><em>Bo.</em></span> 
     </span>
    </p>

    <p class='ocr_par' dir='ltr' id='par_1_4' title="bbox 372 554 1766 663">
     <span class='ocr_line' id='line_1_6' title="bbox 372 554 1766 604; baseline 0.003 -13"><span class='ocrx_word' id='word_1_39' title='bbox 372 564 404 602; x_wconf 82' lang='grc'><strong>5.</strong></span> <span class='ocrx_word' id='word_1_40' title='bbox 432 554 676 602; x_wconf 79' lang='lat' dir='ltr'><strong>Persequitur</strong></span> <span class='ocrx_word' id='word_1_41' title='bbox 688 555 819 602; x_wconf 89' lang='lat' dir='ltr'><em>uerbo,</em></span> <span class='ocrx_word' id='word_1_42' title='bbox 831 566 987 593; x_wconf 85' lang='lat' dir='ltr'><em>currens</em></span> <span class='ocrx_word' id='word_1_43' title='bbox 996 567 1067 603; x_wconf 88' lang='lat' dir='ltr'><em>per</em></span> <span class='ocrx_word' id='word_1_44' title='bbox 1076 556 1229 604; x_wconf 84' lang='lat' dir='ltr'><em>singula</em></span> <span class='ocrx_word' id='word_1_45' title='bbox 1241 557 1383 595; x_wconf 84' lang='lat' dir='ltr'><em>transit</em></span> <span class='ocrx_word' id='word_1_46' title='bbox 1393 560 1468 596; x_wconf 79' lang='lat' dir='ltr'><em>cod.</em></span> <span class='ocrx_word' id='word_1_47' title='bbox 1479 570 1591 595; x_wconf 82' lang='lat' dir='ltr'><em>meus:</em></span> <span class='ocrx_word' id='word_1_48' title='bbox 1609 569 1766 596; x_wconf 85' lang='lat' dir='ltr'><em>currens</em></span> 
     </span>
     <span class='ocr_line' id='line_1_7' title="bbox 406 614 979 663; baseline 0.002 -12"><span class='ocrx_word' id='word_1_49' title='bbox 406 617 501 651; x_wconf 81' lang='lat' dir='ltr'><em>deest</em></span> <span class='ocrx_word' id='word_1_50' title='bbox 518 615 660 662; x_wconf 83' lang='lat' dir='ltr'><em>(contra</em></span> <span class='ocrx_word' id='word_1_51' title='bbox 675 614 795 662; x_wconf 78' lang='lat' dir='ltr'><em>metr.)</em></span> <span class='ocrx_word' id='word_1_52' title='bbox 814 616 891 663; x_wconf 68' lang='lat' dir='ltr'><em>Be„</em></span> <span class='ocrx_word' id='word_1_53' title='bbox 912 617 979 652; x_wconf 87' lang='lat' dir='ltr'><em>Bo.</em></span> 
     </span>
    </p>

    <p class='ocr_par' dir='ltr' id='par_1_5' title="bbox 371 670 1527 718">
     <span class='ocr_line' id='line_1_8' title="bbox 371 670 1527 718; baseline 0.003 -11"><span class='ocrx_word' id='word_1_54' title='bbox 371 672 403 707; x_wconf 90' lang='lat'><em>8.</em></span> <span class='ocrx_word' id='word_1_55' title='bbox 429 670 497 717; x_wconf 90' lang='lat' dir='ltr'><em>qui</em></span> <span class='ocrx_word' id='word_1_56' title='bbox 512 670 658 708; x_wconf 85' lang='lat' dir='ltr'><em>vicerat</em></span> <span class='ocrx_word' id='word_1_57' title='bbox 673 673 764 709; x_wconf 86' lang='lat' dir='ltr'><em>ante</em></span> <span class='ocrx_word' id='word_1_58' title='bbox 781 674 855 708; x_wconf 85' lang='lat' dir='ltr'><em>cod.</em></span> <span class='ocrx_word' id='word_1_59' title='bbox 872 683 991 708; x_wconf 76' lang='lat' dir='ltr'><em>meus:</em></span> <span class='ocrx_word' id='word_1_60' title='bbox 1017 671 1079 709; x_wconf 85' lang='lat' dir='ltr'><em>eui</em></span> <span class='ocrx_word' id='word_1_61' title='bbox 1095 671 1243 710; x_wconf 83' lang='lat' dir='ltr'><em>vixerat</em></span> <span class='ocrx_word' id='word_1_62' title='bbox 1259 674 1349 710; x_wconf 89' lang='lat' dir='ltr'><em>ante</em></span> <span class='ocrx_word' id='word_1_63' title='bbox 1367 674 1441 718; x_wconf 66' lang='lat' dir='ltr'><em>Be„</em></span> <span class='ocrx_word' id='word_1_64' title='bbox 1461 674 1527 711; x_wconf 89' lang='lat' dir='ltr'><em>Bo.</em></span> 
     </span>
    </p>

    <p class='ocr_par' dir='ltr' id='par_1_6' title="bbox 288 731 1768 778">
     <span class='ocr_line' id='line_1_9' title="bbox 288 731 1768 778; baseline 0.003 -13"><span class='ocrx_word' id='word_1_65' title='bbox 288 739 343 766; x_wconf 90' lang='lat'><em>22.</em></span> <span class='ocrx_word' id='word_1_66' title='bbox 373 731 469 775; x_wconf 78' lang='lat' dir='ltr'><em>Quid</em></span> <span class='ocrx_word' id='word_1_67' title='bbox 483 731 669 777; x_wconf 69' lang='lat' dir='ltr'><em>siynfficat</em></span> <span class='ocrx_word' id='word_1_68' title='bbox 684 733 777 778; x_wconf 76' lang='lat' dir='ltr'><em>quod</em></span> <span class='ocrx_word' id='word_1_69' title='bbox 789 743 908 778; x_wconf 77' lang='lat' dir='ltr'><em>moyse</em></span> <span class='ocrx_word' id='word_1_70' title='bbox 917 736 1034 767; x_wconf 77' lang='lat' dir='ltr'><em>stante</em></span> <span class='ocrx_word' id='word_1_71' title='bbox 1049 732 1091 767; x_wconf 75' lang='lat' dir='ltr'><em>in</em></span> <span class='ocrx_word' id='word_1_72' title='bbox 1101 737 1210 778; x_wconf 81' lang='lat' dir='ltr'><em>petra</em></span> <span class='ocrx_word' id='word_1_73' title='bbox 1225 732 1357 769; x_wconf 76' lang='lat' dir='ltr'><em>obtexit</em></span> <span class='ocrx_word' id='word_1_74' title='bbox 1373 745 1454 768; x_wconf 84' lang='lat' dir='ltr'><em>eum</em></span> <span class='ocrx_word' id='word_1_75' title='bbox 1469 734 1640 770; x_wconf 78' lang='lat' dir='ltr'><em>dominus</em></span> <span class='ocrx_word' id='word_1_76' title='bbox 1654 745 1768 770; x_wconf 83' lang='lat' dir='ltr'><em>manu</em></span> 
     </span>
    </p>

    <p class='ocr_par' dir='ltr' id='par_1_7' title="bbox 407 791 1768 837">
     <span class='ocr_line' id='line_1_10' title="bbox 407 791 1768 837; baseline 0.003 -11"><span class='ocrx_word' id='word_1_77' title='bbox 407 792 517 827; x_wconf 84' lang='lat' dir='ltr'><em>donec</em></span> <span class='ocrx_word' id='word_1_78' title='bbox 544 791 727 834; x_wconf 72' lang='lat' dir='ltr'><em>transiret,</em></span> <span class='ocrx_word' id='word_1_79' title='bbox 756 795 789 826; x_wconf 89' lang='lat' dir='ltr'><em>et</em></span> <span class='ocrx_word' id='word_1_80' title='bbox 811 792 910 827; x_wconf 82' lang='lat' dir='ltr'><em>uidit</em></span> <span class='ocrx_word' id='word_1_81' title='bbox 929 793 1136 837; x_wconf 71' lang='lat' dir='ltr'><em>posteriora</em></span> <span class='ocrx_word' id='word_1_82' title='bbox 1159 793 1218 827; x_wconf 85' lang='lat' dir='ltr'><em>dei</em></span> <span class='ocrx_word' id='word_1_83' title='bbox 1241 793 1473 828; x_wconf 77' lang='lat' dir='ltr'><em>transeuntis.</em></span> <span class='ocrx_word' id='word_1_84' title='bbox 1522 791 1624 828; x_wconf 87' lang='lat' dir='ltr'><em>Dum</em></span> <span class='ocrx_word' id='word_1_85' title='bbox 1649 794 1768 830; x_wconf 80' lang='lat' dir='ltr'><em>staret</em></span> 
     </span>
    </p>
   </div>
   <div class='ocr_carea' id='block_1_3' title="bbox 409 849 1769 956">
    <p class='ocr_par' dir='ltr' id='par_1_8' title="bbox 409 849 1769 956">
     <span class='ocr_line' id='line_1_11' title="bbox 409 849 1769 898; baseline 0.003 -13"><span class='ocrx_word' id='word_1_86' title='bbox 409 860 556 895; x_wconf 83' lang='lat' dir='ltr'><em>moyses</em></span> <span class='ocrx_word' id='word_1_87' title='bbox 580 849 622 885; x_wconf 88' lang='lat' dir='ltr'><em>in</em></span> <span class='ocrx_word' id='word_1_88' title='bbox 646 851 758 896; x_wconf 84' lang='lat' dir='ltr'><em>petra</em></span> <span class='ocrx_word' id='word_1_89' title='bbox 781 849 1040 897; x_wconf 74' lang='lat' dir='ltr'><em>pretereuntis</em></span> <span class='ocrx_word' id='word_1_90' title='bbox 1101 867 1130 879; x_wconf 89' lang='lat'><em>=</em></span> <span class='ocrx_word' id='word_1_91' title='bbox 1150 850 1216 888; x_wconf 89' lang='lat' dir='ltr'><em>Be.</em></span> <span class='ocrx_word' id='word_1_92' title='bbox 1241 850 1311 887; x_wconf 91' lang='lat' dir='ltr'><em>col.</em></span> <span class='ocrx_word' id='word_1_93' title='bbox 1338 859 1426 898; x_wconf 85' lang='lat'><strong>1215</strong></span> <span class='ocrx_word' id='word_1_94' title='bbox 1455 853 1474 897; x_wconf 85' lang='lat'>§</span> <span class='ocrx_word' id='word_1_95' title='bbox 1502 862 1570 888; x_wconf 89' lang='lat'><em>20:</em></span> <span class='ocrx_word' id='word_1_96' title='bbox 1602 850 1670 889; x_wconf 92' lang='grc' dir='ltr'><strong>Βο.</strong></span> <span class='ocrx_word' id='word_1_97' title='bbox 1697 850 1769 890; x_wconf 87' lang='grc'>001.</span> 
     </span>
     <span class='ocr_line' id='line_1_12' title="bbox 412 907 618 956; baseline 0 -12"><span class='ocrx_word' id='word_1_98' title='bbox 412 909 501 953; x_wconf 89' lang='grc'>1267</span> <span class='ocrx_word' id='word_1_99' title='bbox 521 907 539 956; x_wconf 80' lang='lat'>§</span> <span class='ocrx_word' id='word_1_100' title='bbox 560 919 618 945; x_wconf 90' lang='lat'><em>20.</em></span> 
     </span>
    </p>
   </div>
   <div class='ocr_carea' id='block_1_4' title="bbox 291 967 1776 1901">
    <p class='ocr_par' dir='ltr' id='par_1_9' title="bbox 291 967 1776 1901">
     <span class='ocr_line' id='line_1_13' title="bbox 376 967 1063 1014; baseline 0.003 -11"><span class='ocrx_word' id='word_1_101' title='bbox 376 977 406 1003; x_wconf 89' lang='lat'><em>1.</em></span> <span class='ocrx_word' id='word_1_102' title='bbox 433 967 534 1003; x_wconf 90' lang='lat' dir='ltr'><em>Dum</em></span> <span class='ocrx_word' id='word_1_103' title='bbox 550 969 624 1004; x_wconf 82' lang='lat' dir='ltr'><em>cod.</em></span> <span class='ocrx_word' id='word_1_104' title='bbox 645 980 765 1004; x_wconf 79' lang='lat' dir='ltr'><em>meus:</em></span> <span class='ocrx_word' id='word_1_105' title='bbox 789 967 886 1004; x_wconf 83' lang='lat' dir='ltr'><em>Cum</em></span> <span class='ocrx_word' id='word_1_106' title='bbox 902 969 979 1014; x_wconf 71' lang='lat' dir='ltr'><em>Be„</em></span> <span class='ocrx_word' id='word_1_107' title='bbox 995 969 1063 1005; x_wconf 90' lang='lat' dir='ltr'><em>Bo.</em></span> 
     </span>
     <span class='ocr_line' id='line_1_14' title="bbox 291 1027 1769 1076; baseline 0.003 -14"><span class='ocrx_word' id='word_1_108' title='bbox 291 1037 347 1072; x_wconf 89' lang='lat'><em>23.</em></span> <span class='ocrx_word' id='word_1_109' title='bbox 376 1027 472 1071; x_wconf 75' lang='lat' dir='ltr'><em>Quid</em></span> <span class='ocrx_word' id='word_1_110' title='bbox 488 1028 672 1073; x_wconf 65' lang='lat' dir='ltr'><em>siymjfi&#39;cat</em></span> <span class='ocrx_word' id='word_1_111' title='bbox 687 1028 781 1074; x_wconf 77' lang='lat' dir='ltr'><em>quod</em></span> <span class='ocrx_word' id='word_1_112' title='bbox 793 1029 834 1063; x_wconf 85' lang='lat' dir='ltr'><em>in</em></span> <span class='ocrx_word' id='word_1_113' title='bbox 847 1039 973 1064; x_wconf 83' lang='lat' dir='ltr'><em>mensa</em></span> <span class='ocrx_word' id='word_1_114' title='bbox 984 1029 1125 1064; x_wconf 81' lang='lat' dir='ltr'><em>domini</em></span> <span class='ocrx_word' id='word_1_115' title='bbox 1134 1029 1438 1075; x_wconf 81' lang='lat' dir='ltr'><em>preparabantur</em></span> <span class='ocrx_word' id='word_1_116' title='bbox 1446 1029 1574 1075; x_wconf 78' lang='lat' dir='ltr'><em>phiale</em></span> <span class='ocrx_word' id='word_1_117' title='bbox 1589 1034 1623 1066; x_wconf 85' lang='lat' dir='ltr'><em>et</em></span> <span class='ocrx_word' id='word_1_118' title='bbox 1639 1030 1769 1076; x_wconf 72' lang='lat' dir='ltr'><em>cyathi.</em></span> 
     </span>
     <span class='ocr_line' id='line_1_15' title="bbox 410 1085 1767 1136; baseline 0.004 -15"><span class='ocrx_word' id='word_1_119' title='bbox 410 1085 457 1121; x_wconf 91' lang='lat' dir='ltr'><em>In</em></span> <span class='ocrx_word' id='word_1_120' title='bbox 482 1097 616 1123; x_wconf 90' lang='lat' dir='ltr'><em>mensa</em></span> <span class='ocrx_word' id='word_1_121' title='bbox 640 1085 789 1122; x_wconf 87' lang='lat' dir='ltr'><em>domini</em></span> <span class='ocrx_word' id='word_1_122' title='bbox 814 1086 944 1134; x_wconf 81' lang='lat' dir='ltr'><strong>phiale</strong></span> <span class='ocrx_word' id='word_1_123' title='bbox 969 1086 1177 1134; x_wconf 76' lang='lat' dir='ltr'><strong>cyathique</strong></span> <span class='ocrx_word' id='word_1_124' title='bbox 1202 1089 1404 1134; x_wconf 85' lang='lat' dir='ltr'><em>parantur.</em></span> <span class='ocrx_word' id='word_1_125' title='bbox 1447 1104 1484 1118; x_wconf 90' lang='lat'><strong>-·--</strong></span> <span class='ocrx_word' id='word_1_126' title='bbox 1501 1087 1567 1126; x_wconf 90' lang='lat' dir='ltr'><em>Be.</em></span> <span class='ocrx_word' id='word_1_127' title='bbox 1585 1088 1656 1125; x_wconf 90' lang='lat' dir='ltr'><em>col.</em></span> <span class='ocrx_word' id='word_1_128' title='bbox 1678 1097 1767 1136; x_wconf 87' lang='grc'>1215</span> 
     </span>
     <span class='ocr_line' id='line_1_16' title="bbox 412 1144 934 1193; baseline 0.004 -12"><span class='ocrx_word' id='word_1_129' title='bbox 412 1144 430 1192; x_wconf 80' lang='lat'>§</span> <span class='ocrx_word' id='word_1_130' title='bbox 451 1155 519 1182; x_wconf 91' lang='lat'><em>21:</em></span> <span class='ocrx_word' id='word_1_131' title='bbox 548 1145 614 1182; x_wconf 92' lang='lat' dir='ltr'><em>Bo.</em></span> <span class='ocrx_word' id='word_1_132' title='bbox 635 1145 705 1182; x_wconf 91' lang='lat' dir='ltr'><em>col.</em></span> <span class='ocrx_word' id='word_1_133' title='bbox 727 1146 818 1191; x_wconf 88' lang='lat'>1267</span> <span class='ocrx_word' id='word_1_134' title='bbox 838 1145 856 1193; x_wconf 68' lang='grc' dir='ltr'><strong>ξ</strong></span> <span class='ocrx_word' id='word_1_135' title='bbox 877 1156 934 1183; x_wconf 91' lang='lat'><em>21.</em></span> 
     </span>
     <span class='ocr_line' id='line_1_17' title="bbox 293 1206 1772 1253; baseline 0.003 -13"><span class='ocrx_word' id='word_1_136' title='bbox 293 1214 350 1249; x_wconf 86' lang='lat'><em>24.</em></span> <span class='ocrx_word' id='word_1_137' title='bbox 380 1206 476 1249; x_wconf 80' lang='lat' dir='ltr'><em>Quid</em></span> <span class='ocrx_word' id='word_1_138' title='bbox 506 1207 694 1251; x_wconf 71' lang='lat' dir='ltr'><em>siqnfficat</em></span> <span class='ocrx_word' id='word_1_139' title='bbox 717 1207 812 1253; x_wconf 79' lang='lat' dir='ltr'><em>quod</em></span> <span class='ocrx_word' id='word_1_140' title='bbox 843 1208 886 1242; x_wconf 78' lang='lat' dir='ltr'><em>in</em></span> <span class='ocrx_word' id='word_1_141' title='bbox 916 1206 1060 1242; x_wconf 79' lang='lat' dir='ltr'><em>basibus</em></span> <span class='ocrx_word' id='word_1_142' title='bbox 1093 1207 1219 1252; x_wconf 82' lang='lat' dir='ltr'><em>templi</em></span> <span class='ocrx_word' id='word_1_143' title='bbox 1248 1208 1506 1253; x_wconf 79' lang='lat' dir='ltr'><em>sculpebantur</em></span> <span class='ocrx_word' id='word_1_144' title='bbox 1534 1208 1706 1244; x_wconf 80' lang='lat' dir='ltr'><em>cherubin</em></span> <span class='ocrx_word' id='word_1_145' title='bbox 1739 1213 1772 1244; x_wconf 88' lang='lat' dir='ltr'><em>et</em></span> 
     </span>
     <span class='ocr_line' id='line_1_18' title="bbox 410 1264 1770 1316; baseline 0.003 -16"><span class='ocrx_word' id='word_1_146' title='bbox 410 1266 516 1301; x_wconf 78' lang='lat' dir='ltr'><em>boues</em></span> <span class='ocrx_word' id='word_1_147' title='bbox 531 1270 564 1301; x_wconf 90' lang='lat' dir='ltr'><em>et</em></span> <span class='ocrx_word' id='word_1_148' title='bbox 581 1267 707 1301; x_wconf 81' lang='lat' dir='ltr'><em>leones.</em></span> <span class='ocrx_word' id='word_1_149' title='bbox 757 1265 804 1301; x_wconf 94' lang='lat' dir='ltr'><em>In</em></span> <span class='ocrx_word' id='word_1_150' title='bbox 818 1264 907 1302; x_wconf 86' lang='lat' dir='ltr'><em>base</em></span> <span class='ocrx_word' id='word_1_151' title='bbox 924 1267 1012 1302; x_wconf 87' lang='lat' dir='ltr'><em>sunt</em></span> <span class='ocrx_word' id='word_1_152' title='bbox 1030 1265 1226 1310; x_wconf 84' lang='lat' dir='ltr'><strong>cherubin,</strong></span> <span class='ocrx_word' id='word_1_153' title='bbox 1245 1269 1334 1304; x_wconf 90' lang='lat' dir='ltr'><em>sunt</em></span> <span class='ocrx_word' id='word_1_154' title='bbox 1347 1269 1387 1304; x_wconf 89' lang='lat' dir='ltr'><em>et</em></span> <span class='ocrx_word' id='word_1_155' title='bbox 1403 1267 1470 1304; x_wconf 79' lang='lat' dir='ltr'><em>bos</em></span> <span class='ocrx_word' id='word_1_156' title='bbox 1485 1269 1526 1305; x_wconf 91' lang='lat' dir='ltr'><em>et</em></span> <span class='ocrx_word' id='word_1_157' title='bbox 1541 1266 1601 1304; x_wconf 91' lang='lat' dir='ltr'><em>leo</em></span> <span class='ocrx_word' id='word_1_158' title='bbox 1614 1267 1770 1316; x_wconf 82' lang='lat' dir='ltr'><em>sculpti.</em></span> 
     </span>
     <span class='ocr_line' id='line_1_19' title="bbox 414 1323 1272 1372; baseline 0.002 -13"><span class='ocrx_word' id='word_1_159' title='bbox 414 1341 450 1353; x_wconf 95' lang='lat'><strong><em>=</em></strong></span> <span class='ocrx_word' id='word_1_160' title='bbox 469 1324 535 1359; x_wconf 91' lang='lat' dir='ltr'><em>Be.</em></span> <span class='ocrx_word' id='word_1_161' title='bbox 554 1324 626 1360; x_wconf 89' lang='grc'>001.</span> <span class='ocrx_word' id='word_1_162' title='bbox 649 1333 736 1371; x_wconf 87' lang='grc'>1215</span> <span class='ocrx_word' id='word_1_163' title='bbox 761 1323 780 1371; x_wconf 65' lang='grc' dir='ltr'><strong>ξ</strong></span> <span class='ocrx_word' id='word_1_164' title='bbox 801 1335 866 1360; x_wconf 91' lang='lat'><em>21:</em></span> <span class='ocrx_word' id='word_1_165' title='bbox 892 1324 957 1361; x_wconf 91' lang='lat' dir='ltr'><em>Bo.</em></span> <span class='ocrx_word' id='word_1_166' title='bbox 978 1324 1048 1361; x_wconf 92' lang='lat' dir='ltr'><em>col.</em></span> <span class='ocrx_word' id='word_1_167' title='bbox 1069 1326 1158 1371; x_wconf 86' lang='lat'><strong>1267</strong></span> <span class='ocrx_word' id='word_1_168' title='bbox 1176 1323 1195 1372; x_wconf 82' lang='lat'>§</span> <span class='ocrx_word' id='word_1_169' title='bbox 1214 1334 1272 1361; x_wconf 84' lang='grc'><em>21.</em></span> 
     </span>
     <span class='ocr_line' id='line_1_20' title="bbox 377 1382 1614 1431; baseline 0.003 -13"><span class='ocrx_word' id='word_1_170' title='bbox 377 1393 410 1427; x_wconf 87' lang='grc'><em>4.</em></span> <span class='ocrx_word' id='word_1_171' title='bbox 438 1382 663 1429; x_wconf 87' lang='lat' dir='ltr'><em>presbiterio</em></span> <span class='ocrx_word' id='word_1_172' title='bbox 682 1385 755 1420; x_wconf 85' lang='lat' dir='ltr'><em>cod.</em></span> <span class='ocrx_word' id='word_1_173' title='bbox 772 1396 873 1419; x_wconf 82' lang='lat' dir='ltr'><em>meus</em></span> <span class='ocrx_word' id='word_1_174' title='bbox 889 1384 1030 1430; x_wconf 84' lang='lat' dir='ltr'><em>(contra</em></span> <span class='ocrx_word' id='word_1_175' title='bbox 1047 1385 1187 1431; x_wconf 88' lang='lat' dir='ltr'><em>metr.):</em></span> <span class='ocrx_word' id='word_1_176' title='bbox 1212 1384 1433 1431; x_wconf 84' lang='lat' dir='ltr'><em>presbytero</em></span> <span class='ocrx_word' id='word_1_177' title='bbox 1449 1387 1527 1430; x_wconf 67' lang='lat' dir='ltr'><em>Be„</em></span> <span class='ocrx_word' id='word_1_178' title='bbox 1546 1387 1614 1422; x_wconf 90' lang='lat' dir='ltr'><em>Bo.</em></span> 
     </span>
     <span class='ocr_line' id='line_1_21' title="bbox 294 1444 1772 1493; baseline 0.003 -15"><span class='ocrx_word' id='word_1_179' title='bbox 294 1450 351 1489; x_wconf 84' lang='grc'><em>25.</em></span> <span class='ocrx_word' id='word_1_180' title='bbox 379 1444 475 1486; x_wconf 73' lang='lat' dir='ltr'><em>Quid</em></span> <span class='ocrx_word' id='word_1_181' title='bbox 498 1444 683 1489; x_wconf 60' lang='lat' dir='ltr'><em>significat</em></span> <span class='ocrx_word' id='word_1_182' title='bbox 698 1445 793 1490; x_wconf 79' lang='lat' dir='ltr'><em>quod</em></span> <span class='ocrx_word' id='word_1_183' title='bbox 809 1445 966 1479; x_wconf 69' lang='lat' dir='ltr'><em>dicitur.-</em></span> <span class='ocrx_word' id='word_1_184' title='bbox 991 1445 1076 1480; x_wconf 89' lang='lat' dir='ltr'><em>Non</em></span> <span class='ocrx_word' id='word_1_185' title='bbox 1098 1446 1229 1480; x_wconf 77' lang='lat' dir='ltr'><em>indues</em></span> <span class='ocrx_word' id='word_1_186' title='bbox 1250 1449 1383 1480; x_wconf 80' lang='lat' dir='ltr'><em>uestem</em></span> <span class='ocrx_word' id='word_1_187' title='bbox 1407 1446 1496 1481; x_wconf 85' lang='lat' dir='ltr'><em>lana</em></span> <span class='ocrx_word' id='word_1_188' title='bbox 1521 1446 1664 1493; x_wconf 78' lang='lat' dir='ltr'><em>linoque</em></span> <span class='ocrx_word' id='word_1_189' title='bbox 1688 1457 1772 1482; x_wconf 79' lang='lat' dir='ltr'><em>con—</em></span> 
     </span>
     <span class='ocr_line' id='line_1_22' title="bbox 411 1501 1770 1550; baseline 0.002 -13"><span class='ocrx_word' id='word_1_190' title='bbox 411 1507 558 1539; x_wconf 77' lang='lat' dir='ltr'><em>textam.</em></span> <span class='ocrx_word' id='word_1_191' title='bbox 606 1501 761 1539; x_wconf 85' lang='lat' dir='ltr'><em>Vestem</em></span> <span class='ocrx_word' id='word_1_192' title='bbox 790 1504 1014 1539; x_wconf 74' lang='lat' dir='ltr'><em>contextam</em></span> <span class='ocrx_word' id='word_1_193' title='bbox 1037 1502 1129 1540; x_wconf 82' lang='lat' dir='ltr'><em>lana</em></span> <span class='ocrx_word' id='word_1_194' title='bbox 1152 1502 1308 1550; x_wconf 88' lang='lat' dir='ltr'><em>linoque</em></span> <span class='ocrx_word' id='word_1_195' title='bbox 1334 1514 1519 1542; x_wconf 79' lang='lat' dir='ltr'><em>recusam.</em></span> <span class='ocrx_word' id='word_1_196' title='bbox 1564 1520 1602 1534; x_wconf 89' lang='lat'><em>=</em></span> <span class='ocrx_word' id='word_1_197' title='bbox 1617 1503 1681 1542; x_wconf 91' lang='lat' dir='ltr'><em>Be.</em></span> <span class='ocrx_word' id='word_1_198' title='bbox 1699 1504 1770 1541; x_wconf 87' lang='lat' dir='ltr'><em>col.</em></span> 
     </span>
     <span class='ocr_line' id='line_1_23' title="bbox 417 1559 1049 1609; baseline 0 -11"><span class='ocrx_word' id='word_1_199' title='bbox 417 1562 508 1598; x_wconf 83' lang='lat'><em>1216</em></span> <span class='ocrx_word' id='word_1_200' title='bbox 527 1559 546 1608; x_wconf 65' lang='grc' dir='ltr'><strong>ξ</strong></span> <span class='ocrx_word' id='word_1_201' title='bbox 567 1562 635 1598; x_wconf 87' lang='lat'><em>26:</em></span> <span class='ocrx_word' id='word_1_202' title='bbox 663 1561 729 1598; x_wconf 93' lang='grc' dir='ltr'><strong>Βο.</strong></span> <span class='ocrx_word' id='word_1_203' title='bbox 749 1561 820 1598; x_wconf 88' lang='grc'>001.</span> <span class='ocrx_word' id='word_1_204' title='bbox 843 1562 932 1598; x_wconf 89' lang='grc'>1268</span> <span class='ocrx_word' id='word_1_205' title='bbox 951 1560 971 1609; x_wconf 77' lang='lat'><strong>§</strong></span> <span class='ocrx_word' id='word_1_206' title='bbox 991 1563 1049 1599; x_wconf 90' lang='grc'><em>26.</em></span> 
     </span>
     <span class='ocr_line' id='line_1_24' title="bbox 377 1619 1774 1668; baseline 0.002 -12"><span class='ocrx_word' id='word_1_207' title='bbox 377 1631 411 1666; x_wconf 89' lang='grc'><strong>4.</strong></span> <span class='ocrx_word' id='word_1_208' title='bbox 438 1619 510 1657; x_wconf 88' lang='lat' dir='ltr'><em>Per</em></span> <span class='ocrx_word' id='word_1_209' title='bbox 537 1619 661 1657; x_wconf 89' lang='lat' dir='ltr'><em>linum</em></span> <span class='ocrx_word' id='word_1_210' title='bbox 687 1620 826 1658; x_wconf 76' lang='lat' dir='ltr'><strong>subtile</strong></span> <span class='ocrx_word' id='word_1_211' title='bbox 855 1620 984 1658; x_wconf 85' lang='lat' dir='ltr'><em>dolum</em></span> <span class='ocrx_word' id='word_1_212' title='bbox 1011 1620 1078 1667; x_wconf 91' lang='lat' dir='ltr'><em>qui</em></span> <span class='ocrx_word' id='word_1_213' title='bbox 1103 1620 1395 1668; x_wconf 79' lang='lat' dir='ltr'><em>simplicitatem</em></span> <span class='ocrx_word' id='word_1_214' title='bbox 1420 1623 1495 1659; x_wconf 85' lang='lat' dir='ltr'><em>cod.</em></span> <span class='ocrx_word' id='word_1_215' title='bbox 1525 1635 1645 1659; x_wconf 76' lang='lat' dir='ltr'><em>meas:</em></span> <span class='ocrx_word' id='word_1_216' title='bbox 1678 1624 1774 1660; x_wconf 75' lang='lat' dir='ltr'><em>deest</em></span> 
     </span>
     <span class='ocr_line' id='line_1_25' title="bbox 413 1680 573 1723; baseline 0.006 -8"><span class='ocrx_word' id='word_1_217' title='bbox 413 1681 488 1723; x_wconf 67' lang='lat' dir='ltr'><em>Be„</em></span> <span class='ocrx_word' id='word_1_218' title='bbox 506 1680 573 1716; x_wconf 91' lang='lat' dir='ltr'><em>Bo.</em></span> 
     </span>
     <span class='ocr_line' id='line_1_26' title="bbox 380 1737 1676 1785; baseline 0.002 -12"><span class='ocrx_word' id='word_1_219' title='bbox 380 1746 413 1784; x_wconf 88' lang='grc'><em>5.</em></span> <span class='ocrx_word' id='word_1_220' title='bbox 439 1737 618 1775; x_wconf 85' lang='lat' dir='ltr'><em>Exterius</em></span> <span class='ocrx_word' id='word_1_221' title='bbox 633 1739 823 1776; x_wconf 86' lang='lat' dir='ltr'><em>monstrat</em></span> <span class='ocrx_word' id='word_1_222' title='bbox 840 1740 915 1775; x_wconf 82' lang='lat' dir='ltr'><em>cod.</em></span> <span class='ocrx_word' id='word_1_223' title='bbox 932 1749 1054 1775; x_wconf 80' lang='lat' dir='ltr'><em>meus:</em></span> <span class='ocrx_word' id='word_1_224' title='bbox 1081 1738 1201 1783; x_wconf 82' lang='lat' dir='ltr'><em>Quam</em></span> <span class='ocrx_word' id='word_1_225' title='bbox 1217 1738 1310 1776; x_wconf 82' lang='lat' dir='ltr'><em>foris</em></span> <span class='ocrx_word' id='word_1_226' title='bbox 1328 1739 1499 1777; x_wconf 72' lang='lat' dir='ltr'><em>ostendit</em></span> <span class='ocrx_word' id='word_1_227' title='bbox 1514 1741 1590 1785; x_wconf 66' lang='lat' dir='ltr'><em>Be„</em></span> <span class='ocrx_word' id='word_1_228' title='bbox 1610 1741 1676 1777; x_wconf 91' lang='grc' dir='ltr'><strong>Βο.</strong></span> 
     </span>
     <span class='ocr_line' id='line_1_27' title="bbox 379 1797 1776 1847; baseline 0.003 -14"><span class='ocrx_word' id='word_1_229' title='bbox 379 1798 413 1834; x_wconf 92' lang='lat'><em>6.</em></span> <span class='ocrx_word' id='word_1_230' title='bbox 439 1797 578 1834; x_wconf 90' lang='lat' dir='ltr'><strong>Linum</strong></span> <span class='ocrx_word' id='word_1_231' title='bbox 612 1798 681 1835; x_wconf 88' lang='lat' dir='ltr'><em>sub</em></span> <span class='ocrx_word' id='word_1_232' title='bbox 715 1798 804 1835; x_wconf 85' lang='lat' dir='ltr'><em>lana</em></span> <span class='ocrx_word' id='word_1_233' title='bbox 835 1797 911 1835; x_wconf 90' lang='lat' dir='ltr'><em>fert</em></span> <span class='ocrx_word' id='word_1_234' title='bbox 939 1800 1017 1835; x_wconf 85' lang='lat' dir='ltr'><em>cod.</em></span> <span class='ocrx_word' id='word_1_235' title='bbox 1050 1810 1171 1835; x_wconf 82' lang='lat' dir='ltr'><em>meus:</em></span> <span class='ocrx_word' id='word_1_236' title='bbox 1212 1798 1357 1836; x_wconf 83' lang='lat' dir='ltr'><em>Lanam</em></span> <span class='ocrx_word' id='word_1_237' title='bbox 1386 1801 1426 1837; x_wconf 89' lang='lat' dir='ltr'><em>et</em></span> <span class='ocrx_word' id='word_1_238' title='bbox 1454 1799 1577 1836; x_wconf 89' lang='lat' dir='ltr'><em>linum</em></span> <span class='ocrx_word' id='word_1_239' title='bbox 1605 1799 1672 1847; x_wconf 89' lang='lat' dir='ltr'><em>qui</em></span> <span class='ocrx_word' id='word_1_240' title='bbox 1700 1799 1776 1837; x_wconf 82' lang='lat' dir='ltr'><em>fert</em></span> 
     </span>
     <span class='ocr_line' id='line_1_28' title="bbox 413 1858 576 1901; baseline 0.012 -9"><span class='ocrx_word' id='word_1_241' title='bbox 413 1858 489 1901; x_wconf 71' lang='lat' dir='ltr'><em>Be„</em></span> <span class='ocrx_word' id='word_1_242' title='bbox 509 1859 576 1894; x_wconf 85' lang='lat' dir='ltr'><em>Bo.</em></span> 
     </span>
    </p>
   </div>
   <div class='ocr_carea' id='block_1_5' title="bbox 297 1915 1780 2912">
    <p class='ocr_par' dir='ltr' id='par_1_10' title="bbox 379 1915 1776 2012">
     <span class='ocr_line' id='line_1_29' title="bbox 379 1915 1776 1964; baseline 0.003 -13"><span class='ocrx_word' id='word_1_243' title='bbox 379 1924 412 1960; x_wconf 91' lang='lat'><em>7.</em></span> <span class='ocrx_word' id='word_1_244' title='bbox 439 1915 511 1960; x_wconf 86' lang='lat' dir='ltr'><em>Qui</em></span> <span class='ocrx_word' id='word_1_245' title='bbox 535 1915 641 1962; x_wconf 83' lang='lat' dir='ltr'><em>prius</em></span> <span class='ocrx_word' id='word_1_246' title='bbox 665 1915 709 1952; x_wconf 88' lang='lat' dir='ltr'><em>in</em></span> <span class='ocrx_word' id='word_1_247' title='bbox 732 1916 848 1953; x_wconf 90' lang='lat' dir='ltr'><em>uerbo</em></span> <span class='ocrx_word' id='word_1_248' title='bbox 873 1916 1030 1954; x_wconf 81' lang='lat' dir='ltr'><em>fraudes</em></span> <span class='ocrx_word' id='word_1_249' title='bbox 1058 1916 1187 1954; x_wconf 89' lang='lat' dir='ltr'><em>animo</em></span> <span class='ocrx_word' id='word_1_250' title='bbox 1207 1917 1428 1956; x_wconf 86' lang='lat' dir='ltr'><em>meditatur.</em></span> <span class='ocrx_word' id='word_1_251' title='bbox 1455 1919 1532 1963; x_wconf 66' lang='lat' dir='ltr'><em>Be„</em></span> <span class='ocrx_word' id='word_1_252' title='bbox 1557 1919 1653 1964; x_wconf 89' lang='lat' dir='ltr'><em>Bo.;</em></span> <span class='ocrx_word' id='word_1_253' title='bbox 1680 1920 1776 1955; x_wconf 76' lang='lat' dir='ltr'><em>deest</em></span> 
     </span>
     <span class='ocr_line' id='line_1_30' title="bbox 414 1977 593 2012; baseline 0.006 -1"><span class='ocrx_word' id='word_1_254' title='bbox 414 1977 489 2012; x_wconf 82' lang='lat' dir='ltr'><em>cod.</em></span> <span class='ocrx_word' id='word_1_255' title='bbox 505 1987 593 2012; x_wconf 91' lang='lat' dir='ltr'><em>meo.</em></span> 
     </span>
    </p>

    <p class='ocr_par' dir='ltr' id='par_1_11' title="bbox 297 2034 1778 2202">
     <span class='ocr_line' id='line_1_31' title="bbox 297 2034 1777 2083; baseline 0.002 -12"><span class='ocrx_word' id='word_1_256' title='bbox 297 2035 356 2072; x_wconf 91' lang='grc'><em>26.</em></span> <span class='ocrx_word' id='word_1_257' title='bbox 384 2034 481 2080; x_wconf 75' lang='lat' dir='ltr'><em>Quid</em></span> <span class='ocrx_word' id='word_1_258' title='bbox 512 2036 698 2081; x_wconf 70' lang='lat' dir='ltr'><em>siynfficat</em></span> <span class='ocrx_word' id='word_1_259' title='bbox 727 2036 822 2083; x_wconf 74' lang='lat' dir='ltr'><em>quod</em></span> <span class='ocrx_word' id='word_1_260' title='bbox 853 2037 896 2072; x_wconf 80' lang='lat' dir='ltr'><em>in</em></span> <span class='ocrx_word' id='word_1_261' title='bbox 921 2038 1063 2082; x_wconf 77' lang='lat' dir='ltr'><em>podera</em></span> <span class='ocrx_word' id='word_1_262' title='bbox 1094 2037 1220 2073; x_wconf 77' lang='lat' dir='ltr'><em>tunica</em></span> <span class='ocrx_word' id='word_1_263' title='bbox 1252 2037 1472 2074; x_wconf 79' lang='lat' dir='ltr'><em>sacerdotali</em></span> <span class='ocrx_word' id='word_1_264' title='bbox 1501 2042 1608 2074; x_wconf 83' lang='lat' dir='ltr'><em>erant</em></span> <span class='ocrx_word' id='word_1_265' title='bbox 1621 2035 1777 2074; x_wconf 73' lang='lat' dir='ltr'><em>&#39;inserta</em></span> 
     </span>
     <span class='ocr_line' id='line_1_32' title="bbox 414 2094 1778 2142; baseline 0.002 -12"><span class='ocrx_word' id='word_1_266' title='bbox 414 2095 667 2131; x_wconf 80' lang='lat' dir='ltr'><em>tintinnabula</em></span> <span class='ocrx_word' id='word_1_267' title='bbox 684 2099 717 2130; x_wconf 87' lang='lat' dir='ltr'><em>et</em></span> <span class='ocrx_word' id='word_1_268' title='bbox 734 2096 835 2131; x_wconf 85' lang='lat' dir='ltr'><em>mala</em></span> <span class='ocrx_word' id='word_1_269' title='bbox 853 2096 1007 2141; x_wconf 80' lang='lat' dir='ltr'><em>punica.</em></span> <span class='ocrx_word' id='word_1_270' title='bbox 1056 2095 1183 2132; x_wconf 86' lang='lat' dir='ltr'><em>Aurea</em></span> <span class='ocrx_word' id='word_1_271' title='bbox 1199 2094 1393 2142; x_wconf 85' lang='lat' dir='ltr'><em>pontificis</em></span> <span class='ocrx_word' id='word_1_272' title='bbox 1415 2095 1635 2142; x_wconf 81' lang='lat' dir='ltr'><em>pendebant</em></span> <span class='ocrx_word' id='word_1_273' title='bbox 1658 2094 1778 2133; x_wconf 81' lang='lat' dir='ltr'><em>insita</em></span> 
     </span>
     <span class='ocr_line' id='line_1_33' title="bbox 415 2153 1410 2202; baseline 0.001 -12"><span class='ocrx_word' id='word_1_274' title='bbox 415 2153 516 2190; x_wconf 87' lang='lat' dir='ltr'><em>uesti</em></span> <span class='ocrx_word' id='word_1_275' title='bbox 563 2171 592 2183; x_wconf 89' lang='lat'><strong>=</strong></span> <span class='ocrx_word' id='word_1_276' title='bbox 611 2154 677 2191; x_wconf 89' lang='lat' dir='ltr'><em>Be.</em></span> <span class='ocrx_word' id='word_1_277' title='bbox 697 2153 768 2191; x_wconf 92' lang='lat' dir='ltr'><em>col.</em></span> <span class='ocrx_word' id='word_1_278' title='bbox 788 2153 913 2202; x_wconf 83' lang='lat'><strong>1216§</strong></span> <span class='ocrx_word' id='word_1_279' title='bbox 934 2164 1002 2191; x_wconf 86' lang='lat'><em>22:</em></span> <span class='ocrx_word' id='word_1_280' title='bbox 1028 2154 1097 2191; x_wconf 92' lang='lat' dir='ltr'><em>Bo.</em></span> <span class='ocrx_word' id='word_1_281' title='bbox 1113 2154 1184 2192; x_wconf 92' lang='lat' dir='ltr'><em>col.</em></span> <span class='ocrx_word' id='word_1_282' title='bbox 1206 2155 1295 2200; x_wconf 85' lang='grc'>1267</span> <span class='ocrx_word' id='word_1_283' title='bbox 1314 2153 1334 2202; x_wconf 67' lang='grc' dir='ltr'><strong>ξ</strong></span> <span class='ocrx_word' id='word_1_284' title='bbox 1354 2165 1410 2191; x_wconf 92' lang='grc'><em>22.</em></span> 
     </span>
    </p>

    <p class='ocr_par' dir='ltr' id='par_1_12' title="bbox 381 2212 1656 2320">
     <span class='ocr_line' id='line_1_34' title="bbox 382 2212 1656 2261; baseline 0.001 -11"><span class='ocrx_word' id='word_1_285' title='bbox 382 2222 414 2260; x_wconf 87' lang='grc'><strong>5.</strong></span> <span class='ocrx_word' id='word_1_286' title='bbox 440 2212 641 2260; x_wconf 87' lang='lat' dir='ltr'><em>coniungit</em></span> <span class='ocrx_word' id='word_1_287' title='bbox 658 2215 733 2251; x_wconf 84' lang='lat' dir='ltr'><em>cod.</em></span> <span class='ocrx_word' id='word_1_288' title='bbox 751 2225 850 2250; x_wconf 73' lang='lat' dir='ltr'><em>meus</em></span> <span class='ocrx_word' id='word_1_289' title='bbox 867 2213 1007 2260; x_wconf 80' lang='lat' dir='ltr'><em>(contra</em></span> <span class='ocrx_word' id='word_1_290' title='bbox 1020 2213 1212 2260; x_wconf 80' lang='lat' dir='ltr'><em>9ramm.):</em></span> <span class='ocrx_word' id='word_1_291' title='bbox 1237 2213 1480 2260; x_wconf 86' lang='lat' dir='ltr'><em>coniungunt</em></span> <span class='ocrx_word' id='word_1_292' title='bbox 1497 2215 1574 2261; x_wconf 72' lang='lat' dir='ltr'><em>Be„</em></span> <span class='ocrx_word' id='word_1_293' title='bbox 1590 2215 1656 2252; x_wconf 88' lang='lat' dir='ltr'><em>Bo.</em></span> 
     </span>
     <span class='ocr_line' id='line_1_35' title="bbox 381 2272 1409 2320; baseline 0 -10"><span class='ocrx_word' id='word_1_294' title='bbox 381 2274 416 2310; x_wconf 88' lang='lat'><em>6.</em></span> <span class='ocrx_word' id='word_1_295' title='bbox 441 2272 526 2319; x_wconf 86' lang='lat' dir='ltr'><em>quis</em></span> <span class='ocrx_word' id='word_1_296' title='bbox 543 2275 617 2309; x_wconf 83' lang='lat' dir='ltr'><em>cod.</em></span> <span class='ocrx_word' id='word_1_297' title='bbox 636 2285 736 2309; x_wconf 83' lang='lat' dir='ltr'><em>meus</em></span> <span class='ocrx_word' id='word_1_298' title='bbox 754 2273 896 2319; x_wconf 86' lang='lat' dir='ltr'><em>(contra</em></span> <span class='ocrx_word' id='word_1_299' title='bbox 911 2273 1026 2320; x_wconf 82' lang='lat' dir='ltr'><em>metr.)</em></span> <span class='ocrx_word' id='word_1_300' title='bbox 1041 2284 1050 2310; x_wconf 89' lang='lat'><strong>:</strong></span> <span class='ocrx_word' id='word_1_301' title='bbox 1077 2273 1234 2320; x_wconf 87' lang='lat' dir='ltr'><em>quisque</em></span> <span class='ocrx_word' id='word_1_302' title='bbox 1250 2274 1325 2318; x_wconf 73' lang='lat' dir='ltr'><em>Be„</em></span> <span class='ocrx_word' id='word_1_303' title='bbox 1343 2275 1409 2310; x_wconf 91' lang='lat' dir='ltr'><em>Bo.</em></span> 
     </span>
    </p>

    <p class='ocr_par' dir='ltr' id='par_1_13' title="bbox 299 2334 1779 2502">
     <span class='ocr_line' id='line_1_36' title="bbox 299 2334 1779 2381; baseline 0.001 -11"><span class='ocrx_word' id='word_1_304' title='bbox 299 2342 357 2379; x_wconf 93' lang='lat'><em>27.</em></span> <span class='ocrx_word' id='word_1_305' title='bbox 385 2335 481 2378; x_wconf 75' lang='lat' dir='ltr'><em>Quid</em></span> <span class='ocrx_word' id='word_1_306' title='bbox 495 2335 682 2380; x_wconf 74' lang='lat' dir='ltr'><em>siymficat</em></span> <span class='ocrx_word' id='word_1_307' title='bbox 697 2336 792 2380; x_wconf 79' lang='lat' dir='ltr'><em>quod</em></span> <span class='ocrx_word' id='word_1_308' title='bbox 805 2335 847 2370; x_wconf 80' lang='lat' dir='ltr'><em>in</em></span> <span class='ocrx_word' id='word_1_309' title='bbox 860 2335 1040 2379; x_wconf 58' lang='lat' dir='ltr'><em>sacrificio</em></span> <span class='ocrx_word' id='word_1_310' title='bbox 1057 2335 1173 2370; x_wconf 78' lang='lat' dir='ltr'><em>uitale</em></span> <span class='ocrx_word' id='word_1_311' title='bbox 1189 2334 1443 2371; x_wconf 81' lang='lat' dir='ltr'><em>combinantur</em></span> <span class='ocrx_word' id='word_1_312' title='bbox 1457 2335 1585 2371; x_wconf 76' lang='lat' dir='ltr'><em>cedrus</em></span> <span class='ocrx_word' id='word_1_313' title='bbox 1599 2338 1632 2371; x_wconf 69' lang='lat' dir='ltr'><em>et</em></span> <span class='ocrx_word' id='word_1_314' title='bbox 1646 2345 1779 2381; x_wconf 75' lang='lat' dir='ltr'><em>ysopus</em></span> 
     </span>
     <span class='ocr_line' id='line_1_37' title="bbox 417 2392 1778 2440; baseline 0.001 -12"><span class='ocrx_word' id='word_1_315' title='bbox 417 2398 450 2428; x_wconf 81' lang='lat' dir='ltr'><em>et</em></span> <span class='ocrx_word' id='word_1_316' title='bbox 477 2404 599 2429; x_wconf 79' lang='lat' dir='ltr'><em>coccus</em></span> <span class='ocrx_word' id='word_1_317' title='bbox 622 2394 677 2429; x_wconf 75' lang='lat' dir='ltr'><em>bis</em></span> <span class='ocrx_word' id='word_1_318' title='bbox 701 2395 846 2429; x_wconf 77' lang='lat' dir='ltr'><em>tinctus.</em></span> <span class='ocrx_word' id='word_1_319' title='bbox 909 2393 1159 2430; x_wconf 82' lang='lat' dir='ltr'><em>Mactandam</em></span> <span class='ocrx_word' id='word_1_320' title='bbox 1182 2392 1346 2430; x_wconf 86' lang='lat' dir='ltr'><em>uitulam</em></span> <span class='ocrx_word' id='word_1_321' title='bbox 1371 2393 1606 2431; x_wconf 77' lang='lat' dir='ltr'><em>comitantur</em></span> <span class='ocrx_word' id='word_1_322' title='bbox 1631 2393 1778 2440; x_wconf 80' lang='lat' dir='ltr'><em>cedrus,</em></span> 
     </span>
     <span class='ocr_line' id='line_1_38' title="bbox 417 2450 1457 2502; baseline 0.002 -14"><span class='ocrx_word' id='word_1_323' title='bbox 417 2463 568 2498; x_wconf 82' lang='lat' dir='ltr'><em>ysopus,</em></span> <span class='ocrx_word' id='word_1_324' title='bbox 591 2468 627 2482; x_wconf 89' lang='lat'><strong><em>=</em></strong></span> <span class='ocrx_word' id='word_1_325' title='bbox 644 2451 711 2489; x_wconf 89' lang='lat' dir='ltr'><em>Be.</em></span> <span class='ocrx_word' id='word_1_326' title='bbox 728 2452 799 2491; x_wconf 83' lang='lat' dir='ltr'><em>ool.</em></span> <span class='ocrx_word' id='word_1_327' title='bbox 823 2452 915 2489; x_wconf 90' lang='grc'>1216</span> <span class='ocrx_word' id='word_1_328' title='bbox 932 2450 952 2500; x_wconf 69' lang='grc' dir='ltr'><strong>ξ</strong></span> <span class='ocrx_word' id='word_1_329' title='bbox 972 2462 1041 2499; x_wconf 86' lang='lat'><em>23:</em></span> <span class='ocrx_word' id='word_1_330' title='bbox 1068 2453 1135 2489; x_wconf 93' lang='lat' dir='ltr'><em>Bo.</em></span> <span class='ocrx_word' id='word_1_331' title='bbox 1154 2452 1225 2489; x_wconf 88' lang='lat' dir='ltr'><em>col.</em></span> <span class='ocrx_word' id='word_1_332' title='bbox 1250 2454 1340 2498; x_wconf 91' lang='lat'><strong>1267</strong></span> <span class='ocrx_word' id='word_1_333' title='bbox 1360 2451 1380 2502; x_wconf 67' lang='grc' dir='ltr'><strong>ξ</strong></span> <span class='ocrx_word' id='word_1_334' title='bbox 1400 2463 1457 2501; x_wconf 88' lang='grc'><em>23.</em></span> 
     </span>
    </p>

    <p class='ocr_par' dir='ltr' id='par_1_14' title="bbox 383 2512 1334 2676">
     <span class='ocr_line' id='line_1_39' title="bbox 384 2512 1334 2558; baseline 0.001 -9"><span class='ocrx_word' id='word_1_335' title='bbox 384 2522 417 2549; x_wconf 92' lang='grc'><em>1.</em></span> <span class='ocrx_word' id='word_1_336' title='bbox 444 2512 692 2548; x_wconf 84' lang='lat' dir='ltr'><em>Mactandam</em></span> <span class='ocrx_word' id='word_1_337' title='bbox 708 2514 782 2549; x_wconf 84' lang='lat' dir='ltr'><em>cod.</em></span> <span class='ocrx_word' id='word_1_338' title='bbox 798 2524 918 2549; x_wconf 82' lang='lat' dir='ltr'><em>meus:</em></span> <span class='ocrx_word' id='word_1_339' title='bbox 944 2512 1159 2550; x_wconf 85' lang='lat' dir='ltr'><em>Mactatam</em></span> <span class='ocrx_word' id='word_1_340' title='bbox 1174 2514 1250 2558; x_wconf 68' lang='lat' dir='ltr'><em>Be„</em></span> <span class='ocrx_word' id='word_1_341' title='bbox 1269 2514 1334 2550; x_wconf 88' lang='grc' dir='ltr'><strong>Βο.</strong></span> 
     </span>
     <span class='ocr_line' id='line_1_40' title="bbox 383 2570 1327 2616; baseline 0 -9"><span class='ocrx_word' id='word_1_342' title='bbox 383 2582 416 2616; x_wconf 92' lang='grc'><strong>4.</strong></span> <span class='ocrx_word' id='word_1_343' title='bbox 442 2570 581 2607; x_wconf 85' lang='lat' dir='ltr'><em>Nostra</em></span> <span class='ocrx_word' id='word_1_344' title='bbox 597 2571 689 2608; x_wconf 93' lang='lat' dir='ltr'><em>fides</em></span> <span class='ocrx_word' id='word_1_345' title='bbox 706 2573 781 2608; x_wconf 83' lang='lat' dir='ltr'><em>cod.</em></span> <span class='ocrx_word' id='word_1_346' title='bbox 799 2583 919 2607; x_wconf 82' lang='lat' dir='ltr'><em>meus:</em></span> <span class='ocrx_word' id='word_1_347' title='bbox 943 2571 1044 2608; x_wconf 85' lang='lat' dir='ltr'><em>Vera</em></span> <span class='ocrx_word' id='word_1_348' title='bbox 1059 2572 1152 2609; x_wconf 88' lang='lat' dir='ltr'><em>fides</em></span> <span class='ocrx_word' id='word_1_349' title='bbox 1169 2573 1244 2616; x_wconf 70' lang='lat' dir='ltr'><em>Be„</em></span> <span class='ocrx_word' id='word_1_350' title='bbox 1261 2573 1327 2608; x_wconf 90' lang='lat' dir='ltr'><em>Bo.</em></span> 
     </span>
     <span class='ocr_line' id='line_1_41' title="bbox 384 2630 1324 2676; baseline 0.001 -10"><span class='ocrx_word' id='word_1_351' title='bbox 384 2640 418 2676; x_wconf 91' lang='lat'><em>9.</em></span> <span class='ocrx_word' id='word_1_352' title='bbox 445 2630 518 2667; x_wconf 91' lang='lat' dir='ltr'><em>hec</em></span> <span class='ocrx_word' id='word_1_353' title='bbox 535 2630 659 2666; x_wconf 88' lang='lat' dir='ltr'><em>uirtus</em></span> <span class='ocrx_word' id='word_1_354' title='bbox 676 2632 750 2667; x_wconf 84' lang='lat' dir='ltr'><em>cod.</em></span> <span class='ocrx_word' id='word_1_355' title='bbox 769 2640 892 2667; x_wconf 80' lang='lat' dir='ltr'><em>meus:</em></span> <span class='ocrx_word' id='word_1_356' title='bbox 917 2630 1036 2668; x_wconf 84' lang='lat' dir='ltr'><em>virtus</em></span> <span class='ocrx_word' id='word_1_357' title='bbox 1054 2631 1148 2667; x_wconf 86' lang='lat' dir='ltr'><em>haec</em></span> <span class='ocrx_word' id='word_1_358' title='bbox 1165 2632 1240 2676; x_wconf 70' lang='lat' dir='ltr'><em>Be,</em></span> <span class='ocrx_word' id='word_1_359' title='bbox 1259 2632 1324 2667; x_wconf 92' lang='grc' dir='ltr'><strong>Βο.</strong></span> 
     </span>
    </p>

    <p class='ocr_par' dir='ltr' id='par_1_15' title="bbox 301 2687 1780 2854">
     <span class='ocr_line' id='line_1_42' title="bbox 301 2687 1780 2736; baseline -0.001 -9"><span class='ocrx_word' id='word_1_360' title='bbox 301 2691 359 2727; x_wconf 88' lang='grc'><em>28.</em></span> <span class='ocrx_word' id='word_1_361' title='bbox 388 2691 485 2734; x_wconf 78' lang='lat' dir='ltr'><strong><em>Quid</em></strong></span> <span class='ocrx_word' id='word_1_362' title='bbox 507 2691 692 2735; x_wconf 71' lang='lat' dir='ltr'><em>siymficat</em></span> <span class='ocrx_word' id='word_1_363' title='bbox 715 2691 850 2726; x_wconf 82' lang='lat' dir='ltr'><em>oblacio</em></span> <span class='ocrx_word' id='word_1_364' title='bbox 874 2691 1030 2727; x_wconf 77' lang='lat' dir='ltr'><em>columbe</em></span> <span class='ocrx_word' id='word_1_365' title='bbox 1054 2696 1087 2726; x_wconf 83' lang='lat' dir='ltr'><em>et</em></span> <span class='ocrx_word' id='word_1_366' title='bbox 1109 2692 1276 2727; x_wconf 64' lang='lat' dir='ltr'><em>tartaria</em></span> <span class='ocrx_word' id='word_1_367' title='bbox 1323 2689 1459 2727; x_wconf 81' lang='lat' dir='ltr'><em>Hostia</em></span> <span class='ocrx_word' id='word_1_368' title='bbox 1482 2687 1642 2727; x_wconf 85' lang='lat' dir='ltr'><em>turturis</em></span> <span class='ocrx_word' id='word_1_369' title='bbox 1663 2691 1780 2736; x_wconf 84' lang='lat' dir='ltr'><em>atque</em></span> 
     </span>
     <span class='ocr_line' id='line_1_43' title="bbox 422 2747 1777 2797; baseline 0.001 -12"><span class='ocrx_word' id='word_1_370' title='bbox 422 2748 594 2785; x_wconf 89' lang='lat' dir='ltr'><em>columbe</em></span> <span class='ocrx_word' id='word_1_371' title='bbox 618 2747 771 2785; x_wconf 83' lang='lat' dir='ltr'><em>mistica</em></span> <span class='ocrx_word' id='word_1_372' title='bbox 796 2760 856 2786; x_wconf 84' lang='lat' dir='ltr'><em>res</em></span> <span class='ocrx_word' id='word_1_373' title='bbox 882 2751 958 2792; x_wconf 85' lang='lat' dir='ltr'><em>est;</em></span> <span class='ocrx_word' id='word_1_374' title='bbox 1013 2766 1050 2779; x_wconf 98' lang='lat'>=</span> <span class='ocrx_word' id='word_1_375' title='bbox 1066 2748 1131 2787; x_wconf 89' lang='lat' dir='ltr'><em>Be.</em></span> <span class='ocrx_word' id='word_1_376' title='bbox 1157 2748 1227 2787; x_wconf 86' lang='grc'>001.</span> <span class='ocrx_word' id='word_1_377' title='bbox 1258 2750 1349 2786; x_wconf 91' lang='grc'>1226</span> <span class='ocrx_word' id='word_1_378' title='bbox 1375 2747 1393 2797; x_wconf 87' lang='lat'><strong>§</strong></span> <span class='ocrx_word' id='word_1_379' title='bbox 1415 2759 1482 2794; x_wconf 87' lang='lat'><em>14:</em></span> <span class='ocrx_word' id='word_1_380' title='bbox 1509 2747 1577 2785; x_wconf 88' lang='lat' dir='ltr'><em>Bo.</em></span> <span class='ocrx_word' id='word_1_381' title='bbox 1594 2747 1666 2786; x_wconf 83' lang='lat' dir='ltr'><em>col.</em></span> <span class='ocrx_word' id='word_1_382' title='bbox 1687 2757 1777 2795; x_wconf 87' lang='grc'>1277</span> 
     </span>
     <span class='ocr_line' id='line_1_44' title="bbox 423 2807 1142 2854; baseline 0 -10"><span class='ocrx_word' id='word_1_383' title='bbox 423 2807 441 2854; x_wconf 66' lang='grc' dir='ltr'><strong>ξ</strong></span> <span class='ocrx_word' id='word_1_384' title='bbox 464 2818 520 2852; x_wconf 86' lang='grc'><em>14.</em></span> <span class='ocrx_word' id='word_1_385' title='bbox 1140 2814 1142 2816; x_wconf 80' lang='grc'><strong>’</strong></span> 
     </span>
    </p>

    <p class='ocr_par' dir='ltr' id='par_1_16' title="bbox 386 2867 1032 2912">
     <span class='ocr_line' id='line_1_45' title="bbox 386 2867 1032 2912; baseline 0.002 -9"><span class='ocrx_word' id='word_1_386' title='bbox 386 2877 421 2910; x_wconf 92' lang='grc'><strong>4.</strong></span> <span class='ocrx_word' id='word_1_387' title='bbox 445 2867 512 2904; x_wconf 87' lang='lat' dir='ltr'><em>fies</em></span> <span class='ocrx_word' id='word_1_388' title='bbox 529 2869 603 2904; x_wconf 84' lang='lat' dir='ltr'><em>cod.</em></span> <span class='ocrx_word' id='word_1_389' title='bbox 621 2879 739 2904; x_wconf 75' lang='lat' dir='ltr'><em>meus:</em></span> <span class='ocrx_word' id='word_1_390' title='bbox 763 2867 858 2904; x_wconf 86' lang='lat' dir='ltr'><em>fides</em></span> <span class='ocrx_word' id='word_1_391' title='bbox 873 2868 948 2912; x_wconf 72' lang='lat' dir='ltr'><em>Be„</em></span> <span class='ocrx_word' id='word_1_392' title='bbox 965 2868 1032 2905; x_wconf 91' lang='lat' dir='ltr'><em>Bo.</em></span> 
     </span>
    </p>
   </div>
   <div class='ocr_carea' id='block_1_6' title="bbox 414 2948 483 2980">
    <p class='ocr_par' dir='ltr' id='par_1_17' title="bbox 414 2948 483 2980">
     <span class='ocr_line' id='line_1_46' title="bbox 414 2948 483 2980; baseline 0 0"><span class='ocrx_word' id='word_1_393' title='bbox 414 2948 483 2980; x_wconf 82' lang='lat'><em>430</em></span> 
     </span>
    </p>
   </div>
  </div>
 </body>
</html>
