1846 3262
65 205 144 252 641
163 213 194 242 a
543 198 809 245 IOANNIS
850 197 1374 242 SARESBERIENSIS
1499 195 1611 258 [12113.
1626 206 1700 240 vn

211 324 409 367 maxime
448 323 575 366 uisus
615 324 683 365 est
723 336 780 364 ex
820 319 1048 377 frequenti
1088 321 1236 363 terrae
1271 322 1409 371 motu,
1445 334 1533 377 quo
1567 334 1701 377 saepe

213 394 454 445 colliditur,
479 408 573 436 esse
605 392 803 435 idoneus.
864 390 1017 433 Timor
1047 390 1181 442 enim,
1207 390 1324 434 sicut
1353 390 1597 434 modestiae
1628 404 1700 433 co-

164 466 195 506 b
214 467 380 524 gnatus
405 468 484 515 est,
505 464 572 506 ita
601 462 838 506 familiaris
869 464 937 504 est
966 461 1184 518 sapienti;
1218 475 1310 504 non
1334 460 1410 504 ille
1439 463 1592 504 tamen
1623 459 1702 518 qui

214 539 411 579 mentem
432 534 589 578 turbat
610 536 656 576 et
675 532 803 590 quasi
824 531 1006 575 turbine
1027 531 1221 589 quodam
1249 531 1438 575 rationis
1465 534 1511 574 et
1535 530 1702 574 intelli-

214 606 394 665 gentiae
422 604 718 663 praestringit
743 603 935 654 oculum,
963 602 1040 645 sed
1068 602 1146 660 qui
1174 602 1402 659 componit
1422 601 1623 645 animum
1645 603 1702 653 et,
1724 619 1744 652 5

216 677 344 735 quasi
365 674 637 718 humilitatis
657 674 809 724 fomes,
830 673 1056 716 hominem
1084 672 1233 716 reddit
1261 672 1319 715 ad
1348 672 1499 716 omnia
1519 671 1707 715 uirtutis

216 747 362 790 officia
381 746 613 804 aptiorem.
673 744 803 787 Vnde
824 743 872 786 in
892 743 1020 786 libris
1036 743 1250 787 Noctium
1266 743 1534 787 Athicarum
1550 741 1707 786 scribit

218 817 434 875 Agellius,
465 816 539 859 uir
574 814 792 873 elegantis
822 814 987 871 eloquii
1020 817 1066 857 et
1095 813 1266 857 multae
1297 813 1520 865 scientiae,
1549 827 1595 857 se
1626 812 1707 855 ali-

218 887 399 945 quando
440 886 677 944 nauigasse
717 900 818 929 cum
860 885 1053 942 quodam
1094 885 1359 942 philosopho
1392 898 1531 942 eoque
1566 882 1708 927 nobili

218 959 338 1001 inter
359 957 544 1001 Stoicos,
605 956 704 999 Illis
734 958 885 999 autem
917 970 974 998 ex
1004 970 1169 1013 magna
1198 958 1327 1013 parte
1357 955 1406 998 in
1436 954 1707 998 sententiam
1729 969 1772 995 10

219 1029 337 1072 sedit
356 1027 508 1071 timori
529 1027 675 1071 locum
695 1041 786 1069 non
807 1040 901 1069 esse
927 1026 975 1068 in
1000 1026 1150 1069 animo
1181 1025 1408 1083 sapientis,
1429 1040 1532 1069 cum
1557 1023 1709 1068 omnia

220 1114 277 1143 ex
297 1098 561 1142 necessitate
581 1097 853 1155 proueniant
873 1096 1153 1153 stultumque
1174 1096 1234 1140 sit
1255 1097 1414 1139 timere
1436 1095 1555 1153 quod
1571 1094 1710 1138 uitari

219 1185 311 1213 non
330 1172 490 1227 potest,
512 1172 557 1212 et
578 1184 602 1212 e
622 1171 778 1212 contra
794 1167 977 1210 unicum
997 1167 1058 1210 sit
1079 1167 1324 1211 remedium
1346 1171 1400 1210 ut
1419 1167 1493 1210 uir
1513 1165 1710 1224 prudens

221 1240 505 1284 fortitudinis
552 1239 673 1282 uires
716 1241 954 1296 praeparet
998 1240 1044 1281 et
1091 1238 1249 1281 robore
1292 1237 1539 1295 patientiae
1580 1235 1709 1294 quasi

222 1310 490 1354 solidissimo
530 1309 670 1352 animi
710 1308 870 1352 inuicti
910 1308 1052 1366 clipeo
1095 1308 1247 1352 omnia
1292 1308 1385 1351 tela
1431 1306 1711 1351 necessitatis
1731 1316 1772 1352 15

178 1400 204 1430 c
223 1381 428 1438 excipiat.
510 1378 626 1424 Cum
666 1394 772 1437 ergo
812 1379 1047 1437 nauigium
1087 1378 1271 1422 turbato
1310 1378 1425 1421 mari
1470 1380 1711 1421 uentorum

221 1450 507 1494 uehementia
526 1450 706 1507 celoque
726 1449 890 1492 minaci
911 1449 1281 1507 periculosissime
1297 1449 1552 1500 iactaretur,
1567 1447 1712 1506 philo-

222 1521 390 1578 sophus
409 1520 457 1563 ui
478 1519 653 1563 timoris
674 1519 905 1576 expalluit.
966 1519 1152 1571 Deinde,
1165 1534 1266 1562 cum
1282 1521 1549 1576 tempestate
1565 1521 1712 1562 trans-

222 1594 324 1635 acta
344 1590 559 1634 securitas
586 1589 865 1647 praebuisset
887 1589 1167 1646 colloquendi
1187 1592 1241 1632 ut
1260 1589 1314 1632 fit
1334 1592 1380 1632 et
1400 1587 1711 1647 congarriendi

222 1662 381 1712 locum,
413 1660 642 1706 sociorumv
665 1674 793 1711 unus,
825 1659 963 1711 diues,
994 1659 1263 1711 luxuriosus,
1295 1659 1533 1711 Asiaticus,
1564 1658 1711 1716 coepit
1733 1670 1777 1695 πο

223 1731 488 1789 compellare
512 1730 828 1788 philosophum
853 1734 899 1773 et
919 1730 1106 1773 illudere
1132 1730 1172 1773 ei
1201 1745 1252 1773 eo
1280 1730 1400 1788 quod
1426 1732 1584 1773 contra
1610 1744 1712 1787 pro-

223 1801 463 1846 fessionem
503 1815 630 1844 suam
670 1800 832 1844 timore
871 1801 1105 1858 palluerat,
1137 1815 1239 1844 cum
1279 1800 1386 1858 ipse,
1419 1800 1497 1858 qui
1530 1800 1715 1843 minime

225 1871 641 1930 philosophabatur,
661 1870 900 1914 mansisset
926 1870 1179 1929 intrepidus
1200 1870 1248 1913 in
1269 1885 1321 1914 eo
1341 1870 1461 1928 quod
1484 1870 1714 1928 impende-

224 1943 305 1986 bat
335 1942 486 1986 exitio.
547 1942 611 1985 At
641 1941 716 1984 ille
746 1941 971 1999 Aristippi
1002 1941 1219 1985 Socratici
1251 1956 1513 1999 responsum
1545 1941 1714 1993 retulit,

225 2013 315 2071 qui,
346 2027 448 2056 cum
482 2012 530 2054 in
561 2027 609 2055 re
638 2012 774 2055 simili
805 2012 1014 2055 similiter
1043 2015 1089 2055 et
1118 2027 1146 2055 a
1174 2012 1395 2055 consimili
1436 2014 1715 2070 argueretur,
1736 2026 1777 2060 25

225 2082 458 2141 respondit
477 2082 605 2125 illum
625 2097 707 2140 pro
727 2082 879 2125 anima
902 2082 1163 2140 nequissimi
1188 2081 1424 2125 nebulonis
1443 2082 1605 2125 merito
1624 2097 1717 2126 non

228 2153 368 2197 fuisse
392 2152 646 2203 sollicitum,
676 2166 723 2195 se
751 2154 904 2195 autem
932 2152 1137 2196 debuisse
1162 2152 1320 2195 timere
1341 2166 1422 2210 pro
1443 2151 1594 2195 anima
1613 2151 1717 2195 Ari-

180 2224 210 2265 d
228 2223 379 2281 stippi.
439 2221 612 2265 Diuitis
641 2236 748 2279 ergo
776 2222 1037 2279 quaestione
1065 2221 1260 2279 depulsa,
1289 2221 1476 2266 accessit
1502 2222 1717 2280 Agellius,

227 2309 319 2338 non
351 2291 613 2351 exagitandi
643 2292 795 2335 animo
830 2292 908 2335 sed
938 2292 1148 2344 discendi,
1178 2291 1466 2335 familiariter
1500 2307 1719 2350 quaerens

228 2377 449 2421 quaenam
470 2364 586 2405 esset
606 2376 741 2405 causa
764 2361 940 2406 timoris
967 2362 1049 2414 sui,
1069 2377 1171 2406 cum
1198 2365 1487 2420 praeceptum
1506 2362 1568 2406 sit
1588 2362 1718 2406 disci·
1738 2374 1783 2408 30

227 2434 379 2492 plinae
395 2432 647 2477 Stoicorum
659 2447 716 2475 ne
735 2432 895 2476 mortis
911 2432 1126 2476 timeatur
1140 2431 1375 2484 aduentus,
1392 2447 1527 2490 quam
1542 2435 1720 2477 constat

233 2579 254 2616 7
281 2568 488 2606 atticarum
503 2567 616 2605 AM2:
641 2566 833 2604 aticarum
851 2566 907 2603 M1
1007 2577 1052 2604 10
1075 2568 1225 2614 stoyeos
1240 2566 1275 2603 A
1379 2577 1423 2614 31
1451 2568 1671 2616 stoycorum
1687 2568 1723 2606 A

283 2689 304 2725 7
331 2682 373 2716 in
398 2681 505 2716 libris
528 2681 603 2716 etc.
628 2690 746 2726 usque
767 2678 816 2715 ad
831 2680 1050 2715 sententiam
1069 2678 1153 2726 (642
1166 2677 1205 2724 Δ)
1223 2690 1232 2715 t
1259 2690 1291 2715 v.
1318 2678 1415 2726 Aug.
1432 2681 1477 2715 de
1502 2679 1541 2716 0.
1561 2681 1609 2717 D.
1629 2679 1680 2717 ix.
1697 2690 1722 2726 4

235 2728 299 2773 (ex
316 2727 413 2765 Gell.
432 2727 508 2764 xix.
528 2728 576 2774 1).
773 2738 818 2764 10
841 2728 926 2763 Illis
940 2731 1062 2763 autem
1078 2727 1174 2763 etc.:
1204 2726 1308 2764 Haec
1327 2726 1462 2774 (usque
1479 2727 1529 2764 ad
1545 2729 1720 2776 excipiat)

232 2776 337 2812 haud
353 2788 400 2812 ex
415 2774 629 2823 Augustino
647 2776 862 2812 sumuntur.
1024 2785 1066 2820 14
1093 2775 1216 2810 robore
1233 2777 1306 2812 etc.
1322 2787 1330 2812 :
1358 2775 1417 2811 Ad
1434 2774 1664 2822 patientiam
1682 2778 1722 2814 et

234 2823 501 2861 necessitatem
519 2835 617 2870 quae
634 2824 681 2860 de
698 2823 773 2861 fide
790 2825 830 2860 et
845 2821 999 2859 diabolo
1017 2822 1113 2860 dicit
1130 2821 1167 2860 S.
1184 2822 1324 2860 Paulus
1342 2822 1441 2870 Eph.
1457 2823 1506 2861 vi.
1526 2826 1579 2870 16,
1594 2826 1720 2861 trans-

232 2871 366 2908 tulisse
383 2871 534 2908 videtur
549 2871 714 2910 Ioannes
731 2873 870 2909 noster.

351 2953 415 2977 102
