1846 3262
156 234 258 269 oAP.
279 221 353 286 111]
696 224 1142 271 POLICRATICVS
1552 243 1555 245 ¹
1673 232 1756 282 655
1774 242 1806 271 a

158 347 252 398 est;
293 345 579 403 arrogantior
608 346 686 403 qui
716 361 870 390 omnes
899 347 1148 404 profitetur.
1208 347 1265 391 In
1295 362 1387 392 uno
1416 348 1474 392 ad
1501 349 1654 393 omnia

158 415 367 473 occupari
407 415 574 459 desidis
614 420 706 470 est3
751 417 828 461 sed
861 416 1138 462 fastidientis
1170 421 1217 462 et
1247 433 1340 462 non
1378 420 1654 477 proficientis

159 485 312 530 omnia
330 486 529 530 circuire.
591 486 802 532 Ceterum
825 488 902 545 qui
923 488 1069 532 multa
1092 489 1316 546 percurrit
1339 492 1393 533 ut
1419 490 1560 548 eligat
1579 491 1652 534 cui

159 556 221 600 sit
240 556 391 614 potius
411 556 722 608 insistendum,
738 557 1085 616 circumspectus
1105 562 1174 603 est
1194 562 1240 603 et
1259 559 1361 603 aliis
1382 559 1653 604 examinatis

120 645 141 680 ⁵
159 627 475 685 praeelectioni
506 642 613 671 suae
643 627 821 672 fidelius
850 628 1005 673 seruit.
1080 629 1146 672 Eo
1177 628 1296 674 forte
1325 633 1499 687 spectat
1522 645 1653 688 prae-

160 702 341 756 ceptum
362 698 498 742 ethici
513 698 661 756 legere
681 698 819 742 libros
840 693 1167 757 praecipientis.
1228 700 1285 743 In
1305 700 1457 744 libello
1476 715 1653 759 quoque
1671 701 1701 741 b

160 782 250 826 quo
270 768 450 826 paruuli
474 769 718 812 initiantur
736 772 790 812 ut
809 769 996 813 uirtutis
1016 770 1255 814 instructio
1282 773 1329 814 et
1352 786 1461 815 usus
1487 771 1655 815 teneris

159 837 357 883 ebibitus
396 839 559 882 animis
599 838 731 883 facile
761 841 957 896 nequeat
995 839 1163 883 aboleri
1195 840 1425 898 (quoniam
1457 844 1504 885 et
1538 844 1657 885 testa

159 907 335 953 diutius
363 911 517 953 seruat
546 908 727 953 odorem
757 909 854 953 eius

101 1026 146 1053 10
338 1021 428 1064 quo
457 1005 593 1050 semel
624 1009 693 1050 est
722 1007 898 1050 imbuta
927 1007 1098 1065 recens)

160 1104 230 1149 ait
247 1104 322 1149 uel
342 1104 457 1149 Cato
477 1104 551 1148 uel
570 1104 687 1148 alius
712 1104 834 1163 (nam
856 1108 1014 1149 auctor
1032 1083 1232 1151 incertus
1252 1109 1361 1165 est):

338 1203 486 1247 Multa
514 1202 639 1261 legas
669 1202 819 1261 facito,
850 1203 1058 1262 perlectis
1087 1204 1267 1264 perlege
1296 1206 1453 1251 multa.

162 1308 264 1363 Quo
304 1308 486 1366 quidem
526 1307 698 1365 aliquid
738 1323 832 1351 esse
867 1308 1027 1352 utilius
1058 1309 1117 1352 ad
1153 1310 1387 1354 scientiam
1422 1312 1655 1370 aspiranti,

159 1378 294 1423 facile
332 1393 424 1422 non
462 1378 727 1423 crediderim
759 1382 939 1436 praeter
972 1379 1308 1424 obseruantiam
1339 1382 1655 1426 mandatorum

90 1458 144 1500 '¹5
163 1449 262 1501 Dei,
281 1450 330 1492 in
361 1464 451 1507 qua
480 1449 723 1508 singularis
754 1452 800 1493 et
830 1449 990 1493 unicus
1021 1450 1335 1495 indubitanter
1363 1455 1432 1496 est
1461 1453 1655 1511 philoso-

160 1520 332 1579 phandi
350 1519 593 1578 profectus,
653 1520 728 1564 Sic
747 1522 900 1563 tamen
920 1521 1072 1564 omnia
1091 1521 1281 1580 legenda
1300 1526 1408 1567 sunt
1427 1526 1481 1567 ut
1502 1539 1656 1568 eorum

161 1590 326 1648 aliqua,
340 1605 443 1634 cum
463 1590 580 1634 lecta
599 1589 783 1641 fuerint,
796 1589 1099 1648 negligantur,
1110 1592 1408 1649 reprobentur
1427 1594 1656 1646 nonnulla,

161 1659 316 1718 aliqua
335 1660 578 1704 uideantur
597 1660 646 1703 in
666 1660 864 1704 transitu
884 1675 942 1704 ne
961 1660 1055 1704 sint
1082 1661 1264 1706 omnino
1290 1662 1547 1721 incognita3
1577 1664 1654 1708 sed
1674 1673 1699 1703 c

161 1744 271 1788 prae
302 1731 511 1774 omnibus
539 1730 699 1774 maiori
730 1730 967 1789 diligentia
1001 1731 1301 1775 insistendum
1331 1736 1400 1776 est
1430 1748 1545 1791 quae
1575 1736 1657 1778 aut

102 1820 149 1846 20
162 1801 392 1859 politicam
412 1801 557 1845 uitam
582 1801 678 1844 siue
698 1800 747 1844 in
766 1801 864 1845 iure
884 1801 1008 1845 ciuili
1029 1802 1125 1846 siue
1145 1802 1193 1845 in
1211 1803 1315 1846 aliis
1336 1804 1508 1847 ethicae
1528 1819 1655 1862 prae-

162 1871 305 1929 ceptis
324 1871 574 1921 instituunt
592 1874 675 1915 aut
694 1874 939 1929 procurant
957 1872 1154 1930 corporis
1178 1875 1260 1916 aut
1284 1873 1460 1917 animae
1487 1875 1656 1918 sanita-

162 1942 268 1985 tem.
329 1940 445 1986 Cum
485 1942 605 1985 enim
645 1941 724 1985 illa
768 1956 882 1999 quae
914 1942 1155 2000 praecipua
1192 1946 1260 1986 est
1298 1943 1420 1987 inter
1449 1943 1656 1988 liberales

163 2011 436 2069 disciplinas,
462 2011 559 2055 sine
589 2026 679 2069 qua
708 2026 840 2055 nemo
869 2014 989 2055 recte
1018 2011 1175 2056 docere
1205 2016 1287 2057 aut
1317 2014 1465 2058 doceri
1494 2018 1656 2074 potest,

164 2082 226 2126 sit
254 2082 304 2125 in
334 2082 532 2126 transitu
562 2084 609 2126 et
639 2082 767 2140 quasi
797 2097 825 2125 a
854 2082 1008 2126 limine
1044 2083 1294 2135 salutanda,
1325 2085 1426 2142 quis
1466 2085 1514 2128 in
1554 2085 1656 2128 aliis

104 2168 148 2204 ²⁵
165 2156 344 2197 censeat
383 2152 714 2196 immorandum
759 2167 873 2210 quae
923 2155 1005 2196 aut
1048 2153 1282 2198 intellectu
1331 2154 1532 2198 difficiles
1574 2158 1657 2199 aut

164 2223 324 2267 effectu
343 2222 528 2266 inutiles
549 2226 596 2267 et
625 2223 899 2280 perniciosae
927 2238 1019 2266 non
1049 2222 1226 2267 faciunt
1255 2224 1481 2267 hominem
1502 2226 1655 2269 melio-

163 2294 294 2338 rem?
368 2293 490 2337 Nam
520 2295 567 2336 et
601 2308 654 2336 ea
693 2293 792 2352 ipsa
828 2308 1018 2351 quorum
1053 2309 1162 2337 usus
1193 2295 1470 2338 necessarius
1504 2298 1584 2347 est,
1617 2296 1656 2339 si

163 2363 391 2407 hominem
417 2363 757 2407 immoderatius
785 2364 1114 2421 occupauerint‚
1133 2364 1509 2422 perniciosissima
1537 2369 1657 2410 sunt.

215 2482 247 2520 5,
266 2475 291 2511 6
309 2479 547 2520 praeceptum
575 2475 676 2511 etc.:
701 2485 736 2510 v.
765 2472 849 2509 Cat.
879 2474 975 2509 Dist.
1002 2472 1091 2510 coll.
1117 2472 1220 2520 vulg.
1247 2475 1294 2510 26
1321 2473 1534 2519 (Baehrens
1557 2475 1656 2512 Poet.

164 2522 249 2559 Lat.
267 2523 364 2558 Min.
381 2521 436 2558 iii.
459 2533 497 2568 p.
524 2522 626 2568 215).
819 2522 843 2557 6
866 2532 1024 2567 quoque:
1050 2521 1256 2558 Auctorem
1280 2521 1531 2558 distichorum
1557 2534 1657 2569 quae

165 2569 323 2606 Catonis
339 2572 533 2613 vocantur,
549 2569 653 2606 inter
668 2579 768 2615 quae
785 2569 911 2604 exstat
927 2567 1132 2605 versiculus
1149 2580 1264 2615 quem
1281 2581 1370 2606 mox
1387 2569 1576 2607 citaturus
1586 2572 1654 2614 est,

165 2617 216 2653 ab
239 2619 395 2655 auctore
427 2619 721 2664 praeceptorum
747 2615 1054 2653 brevissimorum
1080 2616 1135 2653 eis
1160 2616 1273 2671 vulgo
1305 2618 1562 2664 praefixorum
1586 2618 1658 2655 dis-

165 2665 346 2713 tinguere
356 2664 509 2702 videtur
520 2665 686 2702 Ioannes
699 2666 840 2701 noster.
870 2663 968 2700 Vide
978 2675 1076 2711 quae
1087 2664 1134 2700 de
1145 2664 1405 2702 Distichorum
1416 2665 1658 2703 collectionis

166 2713 318 2762 origine
336 2713 515 2750 disseruit
530 2712 588 2749 vir
604 2713 738 2749 doctus
754 2711 861 2749 Aem.
880 2711 1075 2749 Baehrens
1091 2713 1189 2749 Poet.
1207 2714 1291 2749 Lat.
1305 2715 1401 2750 Min.
1418 2713 1473 2750 iii.
1491 2725 1558 2761 pp.
1572 2725 1619 2750 20
1624 2724 1657 2761 5,

166 2763 249 2798 206.
394 2763 416 2798 8
442 2766 531 2797 testa
556 2763 653 2798 etc.:
679 2773 711 2797 v.
738 2760 828 2796 Hor.
854 2760 928 2807 Ep.
954 2759 982 2796 i.
999 2770 1032 2796 2.
1058 2761 1118 2806 69,
1139 2770 1196 2805 70.
1345 2772 1388 2798 12
1412 2763 1536 2798 Multa
1560 2764 1659 2809 layas

166 2811 263 2848 etc.:
289 2808 371 2847 Cat.
385 2810 478 2846 Βία.
495 2809 552 2846 111.
575 2810 617 2846 18
635 2807 850 2855 (Baehrens
866 2807 923 2845 iii.
939 2819 977 2856 p.
995 2809 1096 2855 229).
1250 2818 1306 2855 14,
1327 2818 1367 2856 15
1386 2811 1658 2846 observantiam

166 2859 425 2895 mandatorum
442 2858 537 2895 Dei:
562 2870 595 2895 v.
615 2867 631 2895 1
648 2855 730 2894 Cor.
743 2855 807 2893 vii.
826 2866 882 2905 19.
978 2865 1026 2901 24
1050 2868 1074 2892 a
1091 2858 1218 2894 limine
1233 2859 1456 2896 salutanda:
1483 2857 1658 2907 SemEp.

166 2916 215 2952 49
233 2908 252 2952 §
271 2907 307 2945 6·

1481 2987 1547 3023 ¹²5
