1846 3262
63 202 151 250 695
169 199 198 239 d
548 201 812 246 IOANNIS
854 201 1375 246 SARESBERIENSIS
1508 190 1620 263 [ΠΒ.
1636 213 1708 245 vn

218 326 264 366 et
313 323 589 380 uentriloqui
639 323 847 366 habitum
894 322 1093 365 induunt
1132 325 1178 366 et
1225 323 1369 366 uitam
1413 324 1707 367 mentiuntur.

218 395 338 438 Nam
371 394 632 438 claustrales
671 393 749 450 qui
789 393 922 450 plane
954 407 1060 436 uere
1091 393 1289 451 religiosi
1321 396 1440 445 sunt,
1469 394 1577 437 dum
1607 408 1708 451 pro-

218 464 484 507 fessionibus
512 464 729 515 seruiunt,
749 462 807 505 ab
832 462 916 506 hac
942 462 1118 506 malitia
1142 462 1364 506 immunes
1388 466 1508 506 sunt.
1569 463 1710 507 Nulla

219 534 317 577 uita
336 534 522 585 fidelior,
537 534 664 576 nulla
684 533 940 590 simplicior,
961 532 1087 576 nulla
1107 532 1281 576 felicior
1300 548 1435 590 quam
1457 548 1609 576 eorum
1630 533 1708 591 qui

219 605 268 647 in
307 604 514 648 claustris
545 604 779 647 humiliter
813 603 997 661 degunt,
1038 603 1286 648 abiectione
1330 618 1412 647 sua
1450 603 1709 661 gaudentes,
1729 620 1748 654 5

220 674 477 726 obedientes
497 674 711 732 praelatis
738 674 832 717 suis
852 674 900 716 in
921 674 1043 717 omni
1071 673 1345 718 subiectione
1373 677 1419 717 et
1444 674 1709 725 reuerentia,

219 759 299 788 nec
340 748 603 802 appetentes
644 745 729 788 sub
768 744 1050 788 obedientiae
1088 744 1269 788 nomine
1309 744 1590 788 dominatum
1625 747 1711 788 aut

219 815 464 858 fraudandi
503 817 584 858 aut
623 815 820 873 uagandi
862 818 943 858 aut
982 814 1156 858 otiandi
1200 814 1439 866 licentiam,
1479 829 1590 858 uasa
1629 829 1712 858 sua

219 885 498 943 possidentes
533 886 581 928 in
614 885 966 929 sanctificatione
1002 889 1048 928 et
1082 885 1263 937 honore,
1297 885 1622 942 praestolantes
1661 885 1710 928 in

220 956 400 1000 silentio
421 959 466 1000 et
487 957 708 1014 patientia
728 957 925 999 salutare
950 955 1045 1007 Dei,
1067 971 1095 999 a
1115 955 1393 999 detractione
1414 958 1460 999 et
1479 970 1708 1001 murmure
1733 972 1774 997 ιο

60 1032 152 1080 696
174 1042 203 1071 a
221 1027 367 1078 alieni,
398 1028 671 1085 excipientes
701 1028 760 1071 ab
789 1042 866 1071 ore
896 1027 1080 1071 Domini
1111 1027 1159 1070 in
1190 1026 1340 1084 quiete
1370 1026 1560 1070 uerbum
1590 1026 1711 1084 quod

218 1098 394 1142 saluare
433 1101 583 1156 potest
628 1099 804 1142 animas
851 1113 967 1149 suas,
1006 1101 1139 1156 grata
1183 1098 1419 1141 miscentes
1466 1112 1568 1142 cum
1613 1097 1710 1142 Deo

217 1168 448 1226 colloquia,
471 1171 516 1212 et
543 1170 671 1226 quasi
702 1172 936 1212 terrestres
966 1167 1116 1226 angeli
1146 1171 1254 1212 sunt
1283 1168 1425 1212 totius
1452 1168 1708 1212 mundanae

218 1239 572 1296 perturbationis
606 1239 767 1297 ignari.
829 1238 880 1282 Si
916 1238 1025 1296 quid
1058 1242 1209 1282 autem
1245 1241 1314 1282 est
1345 1238 1465 1296 quod
1500 1253 1574 1282 eos
1606 1253 1709 1282 con-

219 1309 402 1353 tristare
432 1309 653 1361 uideatur,
682 1310 741 1353 ad
770 1310 1005 1354 caritatem
1034 1308 1284 1353 fraternam
1314 1308 1599 1352 referendum
1629 1311 1710 1360 est,
1730 1326 1770 1361 ¹5

221 1380 327 1438 quia
358 1383 404 1423 et
433 1380 481 1423 in
509 1380 614 1424 celis
642 1380 790 1439 angeli
817 1380 983 1424 nostris
1008 1380 1334 1437 quodammodo
1361 1379 1562 1437 lapsibus
1587 1394 1708 1423 com-

219 1450 459 1507 patiuntur
507 1454 554 1494 et
602 1465 737 1508 super
784 1465 876 1494 uno
923 1453 1154 1507 peccatore
1202 1450 1498 1508 penitentiam
1547 1453 1710 1508 agente

219 1521 513 1578 congaudent.
574 1520 689 1565 Cum
709 1535 818 1564 uero
839 1520 1126 1578 philosophos
1146 1520 1316 1563 imitari
1335 1523 1490 1563 nostro
1509 1523 1709 1578 tempore

220 1591 327 1648 (quo
362 1591 510 1634 uirtus
545 1591 778 1634 exinanita
811 1594 892 1646 est,
913 1599 959 1634 et
994 1590 1203 1634 Astream
1243 1590 1411 1634 relictis
1450 1591 1707 1635 hominibus

219 1660 277 1704 ad
318 1661 434 1705 celos
473 1663 650 1705 constat
688 1661 890 1720 rediisse)
924 1661 985 1705 sit
1023 1660 1228 1712 arduum,
1260 1660 1359 1704 uita
1397 1661 1706 1705 claustralium
1727 1677 1771 1701 20

218 1731 438 1775 uirtutem
478 1731 845 1789 philosophorum
891 1731 1301 1788 incomparabiliter
1346 1731 1572 1775 antecedit
1615 1735 1708 1783 aut,

219 1802 339 1858 quod
374 1802 534 1845 melius
574 1801 850 1852 crediderim,
885 1801 1131 1845 rectissime
1170 1804 1217 1845 et
1251 1801 1478 1845 tutissime
1513 1802 1707 1860 philoso-

218 1872 397 1929 phatur.
459 1872 549 1926 Qui
584 1887 693 1916 uero
721 1872 780 1915 ad
810 1872 1054 1930 explendas
1083 1872 1369 1916 necessitates
1399 1887 1553 1916 eorum
1583 1887 1706 1931 egre-

171 1946 201 1985 b
220 1942 410 1986 diuntur
443 1943 677 1986 humiliter
715 1947 762 1986 et
801 1943 849 1985 in
889 1942 953 1986 eis
992 1942 1187 1986 fideliter
1214 1946 1467 1995 uersantur,
1494 1943 1579 1987 etsi
1614 1958 1706 1987 non

219 2014 499 2066 securiorem,
551 2013 684 2071 plane
738 2013 966 2056 utiliorem
1019 2015 1229 2057 exercent
1287 2013 1444 2064 uitam,
1503 2014 1704 2058 maxima
1727 2026 1768 2060 ²5

219 2083 350 2127 laude
378 2084 505 2142 digni
534 2087 580 2127 et
608 2083 872 2135 reuerentia,
893 2098 1177 2141 nequaquam
1205 2083 1263 2127 ad
1284 2083 1605 2141 Epicureorum
1632 2084 1707 2128 uel

217 2155 526 2212 ypocritarum
547 2154 789 2198 factionem
811 2154 1039 2212 accedunt.
1102 2154 1223 2198 Nam
1235 2154 1464 2212 ypocritas
1477 2154 1708 2212 Epicureis

220 2243 263 2280 18
289 2241 548 2290 phylosophos
566 2242 591 2278 S
736 2252 783 2278 20
807 2244 958 2279 constet
975 2241 1141 2279 CBASM
1271 2252 1314 2279 21
1341 2241 1665 2289 phylosophorum
1683 2242 1709 2279 S

218 2290 1049 2375 {213d}Effhflosopgzliiffiampgsslffthatm
1053 2290 1098 2384 287
1124 2290 1710 2386 hipozhritzsjuffiegcfnliyffifflrioe

217 2387 347 2422 tarum
366 2386 432 2423 BA
552 2385 774 2434 hypocritas
790 2386 945 2424 CBSM:
973 2386 1185 2434 hipocritas
1201 2386 1235 2422 A

266 2465 286 2499 8
313 2476 406 2500 uasa
424 2467 518 2501 etc.:
545 2477 577 2500 v.
601 2473 616 2500 1
631 2463 758 2500 Thess.
776 2462 824 2500 iv.
842 2474 875 2508 4.
1071 2474 1106 2518 9
1115 2465 1381 2510 praestolantes
1399 2466 1494 2500 etc.:
1519 2476 1552 2502 v.
1567 2462 1705 2501 Thren.

218 2510 274 2547 iii.
294 2513 351 2549 26.
524 2523 562 2549 11
592 2514 810 2558 excipientes
827 2514 921 2549 etc.:
948 2523 981 2548 v.
1000 2511 1076 2548 Iac.
1094 2511 1120 2548 i.
1139 2522 1195 2548 21.
1378 2513 1420 2548 16
1445 2514 1486 2547 in
1503 2513 1589 2548 celis
1605 2514 1706 2549 etc.:

218 2571 250 2595 v.
271 2559 361 2596 Luc.
380 2571 439 2595 xv.
458 2568 490 2605 7.
625 2570 668 2605 19
694 2562 863 2596 Astream
881 2562 978 2596 etc.:
1006 2572 1038 2595 v.
1058 2559 1122 2596 Ov.
1140 2561 1225 2595 Met
1244 2559 1268 2595 i.
1291 2569 1370 2605 149,
1392 2569 1470 2605 150.
1584 2570 1643 2606 22,
1661 2570 1707 2606 23

213 2609 514 2654 philosophatur:
541 2607 591 2645 cf.
611 2607 824 2644 Hildebert.
848 2607 988 2644 Turon.
1013 2609 1087 2654 Ep.
1113 2607 1138 2643 i.
1159 2607 1307 2655 (Migne
1333 2609 1374 2643 P.
1401 2609 1444 2643 L.
1472 2606 1586 2644 clxxi.
1611 2609 1706 2653 141),

216 2655 414 2692 Abaelard.
434 2658 533 2693 Hist.
555 2658 693 2693 Galam.
712 2667 744 2693 c.
762 2665 796 2710 7,
813 2657 856 2692 de
874 2657 909 2692 S.
933 2658 1074 2692 Ioanne
1098 2657 1209 2702 Bapt.
1234 2657 1358 2699 Sem„
1375 2661 1502 2692 eontra
1517 2657 1709 2710 quemdam

221 2704 360 2740 Canon.
385 2706 469 2750 Req.
495 2704 569 2750 (ed.
595 2703 743 2740 Cousin.
764 2703 792 2741 i.
817 2714 870 2749 14,
897 2713 976 2751 570,
1004 2703 1102 2750 689).
1141 2703 1411 2750 chrysostomi,
1436 2702 1504 2749 qui
1528 2714 1640 2758 saepe
1666 2703 1708 2740 in

218 2750 370 2797 scriptis
401 2752 479 2788 suis
506 2751 686 2798 genuinis
718 2753 766 2788 de
795 2751 876 2788 vita
902 2751 1116 2789 monastica
1144 2753 1188 2788 ut
1215 2752 1262 2788 de
1286 2750 1534 2798 philosophia.
1559 2750 1708 2798 optima.

216 2798 400 2844 loquitur,
426 2799 626 2836 homiliam
651 2799 821 2854 spuriam
846 2799 942 2836 citat
966 2799 1009 2836 in
1034 2799 1128 2837 locis
1153 2805 1195 2836 2⁰
1220 2801 1306 2845 et3
1310 2799 1600 2836 oAbaelardus.
1651 2798 1708 2835 Cf.

218 2846 340 2883 Zeller
359 2849 499 2884 Philos.
519 2850 587 2884 der
608 2849 749 2884 Griech.
775 2847 801 2885 i.
826 2859 859 2894 3.
878 2861 915 2885 n.
937 2859 958 2885 2
976 2848 1035 2886 ed.
1057 2850 1171 2895 1892;
1210 2846 1395 2895 Ducange
1414 2847 1472 2886 ed.
1495 2848 1584 2885 1886
1602 2858 1630 2884 s.
1650 2858 1705 2884 vv.

213 2895 458 2941 philosophia,
469 2897 737 2943 philosophari.

332 2959 399 2982 200
