1846 3262
137 244 240 279 ost.
254 230 329 294 VI]
682 230 1129 276 POLICRATICVS
1647 232 1734 283 598
1754 242 1781 274 c

137 357 355 401 aduersus
375 355 650 414 expeditum.
711 355 796 398 Ille
815 357 967 398 tamen
988 370 1080 398 non
1099 369 1331 398 murorum
1352 353 1633 397 fossarumue

137 428 255 486 petit
278 427 503 486 praesidia
529 427 607 470 sed
631 427 778 470 locum
803 426 882 483 qui
912 426 1047 469 militi
1078 440 1178 469 meo
1206 425 1324 468 sicut
1353 428 1400 468 et
1430 424 1516 468 sibi
1547 424 1633 468 etsi

137 513 229 542 non
259 513 400 556 aeque
429 501 577 549 notus,
602 500 755 541 tamen
785 496 1053 540 accessibilis
1078 499 1157 539 est.
1218 495 1387 553 Vtique
1406 498 1536 538 tutus
1563 498 1633 538 est

137 568 202 612 ibi
222 569 330 627 quia
349 569 478 613 miles
498 583 624 612 meus
643 583 735 611 non
755 567 804 610 in
824 567 1007 625 propria
1026 567 1198 610 uirtute
1224 566 1303 610 sed
1331 566 1380 609 in
1407 565 1631 624 praesidio

99 655 121 691 5
138 639 325 684 confidit
345 654 584 683 armorum.

197 710 449 769 Anglorum
491 724 644 753 recens
682 711 839 752 narrat
878 708 1068 751 historia
1108 708 1239 766 quod,
1284 722 1386 752 cum
1422 707 1631 752 Britones

135 780 388 839 irruptione
418 780 542 824 facta
571 779 786 837 Angliam
817 777 1210 836 depopularentur,
1237 793 1265 822 a
1294 778 1496 836 piissimo
1526 792 1632 836 rege

137 851 390 895 Eadwardo
422 851 481 895 ad
511 865 586 894 eos
617 849 941 908 expugnandos
970 849 1135 892 missus
1164 852 1233 892 est
1262 849 1358 892 dux
1389 849 1631 902 Haroldus,

135 922 210 967 uir
227 922 409 980 quidem
437 922 574 965 armis
600 924 812 964 strenuus
842 923 888 963 et
914 919 1210 963 laudabilium
1238 934 1422 978 operum
1447 919 1628 978 fulgens

76 1007 120 1034 10
134 993 389 1052 insignibus
423 995 470 1036 et
504 992 582 1050 qui
618 996 713 1034 tam
748 1005 877 1033 suam
917 1004 1053 1047 quam
1094 1005 1276 1034 suorum
1315 992 1466 1048 posset
1506 989 1626 1048 apud
1643 986 1674 1029 <1

135 1067 337 1123 posteros
357 1063 547 1122 gloriam
571 1061 762 1105 dilatare
789 1060 877 1104 nisi
902 1061 1166 1104 meritorum
1187 1061 1357 1112 titulos,
1377 1061 1628 1119 nequitiam

135 1134 280 1194 patris
292 1134 489 1184 imitans,
502 1132 672 1191 perfide
692 1135 982 1190 praesumpto
1003 1146 1142 1190 regno
1162 1132 1450 1176 decoloraret.
1511 1132 1630 1177 Cum

133 1219 242 1264 ergo
283 1204 434 1263 gentis
472 1205 759 1262 cognosceret
798 1202 1044 1253 leuitatem,
1077 1202 1206 1260 quasi
1246 1202 1346 1260 pari
1385 1203 1630 1247 certamine

132 1275 344 1320 militiam
365 1274 535 1333 eligens
555 1273 827 1332 expeditam,
847 1287 950 1317 cum
970 1273 1035 1316 eis
1055 1273 1230 1317 censuit
1249 1263 1629 1331 congrediendum

75 1359 117 1394 ¹5
133 1347 280 1391 leuem
329 1360 542 1390 exercens
586 1347 876 1397 armaturam,
922 1347 1165 1402 peronatus
1214 1344 1436 1396 incedens,
1477 1343 1629 1388 fasciis

133 1420 291 1476 pectus
331 1420 378 1461 et
421 1415 645 1474 praeduro
683 1417 830 1459 tectus
870 1414 1002 1466 corio,
1045 1414 1292 1459 missilibus
1331 1429 1487 1458 eorum
1526 1414 1629 1458 leua

133 1488 363 1533 obiectans
383 1487 546 1532 ancilia
566 1490 613 1530 et
642 1485 691 1529 in
721 1501 796 1529 eos
825 1488 1124 1543 contorquens
1153 1501 1274 1530 nunc
1303 1485 1487 1544 spicula,
1507 1499 1628 1530 nunc

133 1573 394 1603 mucronem
429 1571 627 1608 exerens,
657 1556 721 1601 sic
753 1555 1029 1615 fugientium
1064 1555 1271 1614 uestigiis
1305 1555 1543 1600 inherebat
1573 1558 1627 1600 ut

132 1632 414 1689 premeretur

73 1703 118 1728 20
536 1687 649 1746 pede
677 1701 757 1745 pes
786 1689 834 1730 et
861 1685 1045 1744 cuspide
1074 1685 1224 1743 cuspis

132 1780 180 1821 et
211 1776 348 1821 umbo
377 1775 571 1819 umbone
601 1773 904 1833 repelleretur.
964 1773 1156 1817 Niuium
1184 1773 1340 1831 itaque
1369 1773 1526 1818 collem
1557 1774 1624 1817 in-

130 1862 311 1908 gressus
346 1846 549 1890 uastauit
583 1845 746 1897 omnia,
779 1848 826 1888 et
855 1844 1142 1903 expeditione
1176 1844 1225 1887 in
1260 1844 1493 1888 biennium
1522 1858 1624 1903 pro-

131 1922 292 1977 rogata
318 1932 446 1976 reges
475 1917 606 1975 cepit,
633 1918 680 1960 et
703 1916 854 1974 capita
874 1930 1028 1959 eorum
1052 1914 1161 1973 regi,
1185 1914 1264 1972 qui
1294 1929 1398 1958 eum
1427 1915 1624 1968 miserat,
1641 1926 1731 1967 599
1752 1927 1783 1956 a

130 1989 451 2048 praesentauit,
471 1991 518 2031 et
537 2002 679 2045 usque
699 1987 757 2030 ad
777 1987 1111 2030 miserationem
1131 1985 1424 2043 paruulorum
1445 2001 1623 2030 omnem

71 2072 115 2108 ²5
130 2059 380 2104 masculum
419 2059 498 2117 qui
537 2058 734 2102 inueniri
774 2057 925 2116 potuit
963 2056 1238 2100 interficiens
1277 2056 1326 2099 in
1366 2071 1443 2100 ore
1481 2057 1623 2114 gladii

129 2130 313 2190 pacauit
330 2129 634 2188 prouinciam;
664 2129 808 2187 legem
828 2127 993 2172 statuit
1012 2131 1066 2170 ut
1086 2127 1355 2185 quicumque
1383 2127 1622 2171 Britonum

129 2201 292 2246 exinde
311 2201 427 2245 citra
446 2200 691 2244 terminum
713 2214 845 2257 quem
866 2199 931 2242 eis
951 2198 1250 2256 praescripsit,
1266 2197 1433 2241 fossam
1453 2198 1623 2242 scilicet

130 2273 269 2325 Offae,
289 2286 391 2316 cum
419 2270 510 2315 telo
536 2270 830 2322 inueniretur,
850 2269 891 2313 ei
921 2269 980 2312 ab
1009 2268 1272 2312 officialibus
1302 2268 1430 2326 regni
1460 2283 1621 2313 manus

127 2376 153 2413 6
175 2372 352 2421 hystoria
368 2372 408 2408 M
508 2373 529 2409 8
556 2370 732 2409 edwardo
748 2369 852 2407 ΑΒΜ
922 2369 1104 2407 haraldus
1121 2369 1152 2405 B
1264 2377 1306 2416 15
1334 2371 1563 2416 perornatus
1578 2367 1620 2405 M

130 2423 175 2462 18
200 2433 383 2460 exercens
400 2419 442 2456 M

176 2512 202 2549 6
224 2511 432 2556 Δηςῑωνηι
457 2509 534 2545 etc.
553 2508 687 2554 (usque
711 2506 761 2543 ad
785 2505 901 2543 finem
926 2503 1130 2552 capitum:
1163 2503 1212 2541 cf.
1240 2504 1427 2541 Freeman
1453 2505 1620 2543 Noman

130 2561 308 2606 Conqueae
324 2557 402 2598 (ed.
420 2557 458 2603 3)
475 2555 516 2591 ii
535 2567 601 2603 pp.
620 2556 799 2601 477-485.
924 2556 945 2590 8
971 2554 1181 2589 Eadwardo
1197 2564 1205 2588 :
1233 2564 1284 2589 sc.
1303 2552 1531 2596 Confessori‚
1551 2554 1619 2600 qui

127 2606 304 2664 regnavit
320 2605 363 2642 in
379 2604 521 2687 Anglia
537 2615 608 2658 per
622 2615 657 2639 a,
680 2602 903 2647 1042—1066.
931 2648 939 2656 .
1020 2604 1153 2655 missua
1168 2606 1238 2637 est:
1267 2613 1319 2655 sc:
1336 2612 1370 2637 a.
1393 2603 1619 2656 ¹9⁶²*3.0⁶3·

132 2667 176 2694 12
194 2660 340 2702 patras:
365 2665 415 2690 sc.
468 2652 621 2694 odwini,
642 2650 834 2687 Saxonum
860 2649 1159 2686 occidentalium
1183 2651 1351 2694 comltls,
1372 2661 1437 2695 qm
1460 2649 1558 2686 obnt
1580 2663 1616 2688 a.

132 2713 235 2751 ¹⁰⁵³·
334 2703 485 2748 meae
500 2701 687 2785 {⁶⁸32}
700 2699 857 2782 93ng
875 2696 1617 2782 Zffiquiffifflffivssfff‘fihhssmoe‘

129 2751 512 2847 ζξ3νίθεξὶαΐεεὲἔᾷἓε
531 2759 750 2832 ιουηὺοηίὺξε
773 2759 890 2839 πνεῖ),
914 2758 1196 2841 Ρεερὶῗιροᾶενη
1213 2773 1364 2840 premii,
1389 2799 1422 2830 et
1446 2756 1619 2831 numzstz'r

127 2849 266 2886 casside
290 2848 434 2883 cristae.
491 2844 630 2881 Silium
659 2845 793 2880 tamen
821 2842 917 2879 alibi
950 2842 1047 2879 citat
1081 2853 1206 2888 neque
1235 2841 1375 2879 Noster
1402 2854 1524 2889 neque
1557 2844 1618 2890 (ut

127 2895 264 2934 asserit
285 2893 435 2932 Teuffel
464 2894 588 2929 Gesch.
612 2894 648 2928 d.
675 2896 763 2929 rona.
789 2893 864 2927 Lit.
883 2890 901 2946 ξ
922 2901 1003 2937 320.
1021 2895 1056 2937 5)
1083 2890 1182 2926 alius
1202 2890 1321 2927 medii
1342 2890 1427 2928 aevi
1443 2891 1617 2939 scriptor.

129 2954 186 2991 27,
206 2947 250 2982 28
258 2945 403 2991 fossam
421 2943 533 2989 Offae.
580 2940 678 2985 Offa,
695 2940 762 2987 qui
778 2940 1064 2977 Mermanorum
1080 2939 1129 2976 ab
1146 2950 1181 2975 a.
1200 2947 1221 2984 7
1226 2948 1269 2986 52
1287 2950 1406 2988 usque
1425 2939 1475 2976 ad
1492 2951 1526 2976 a.
1546 2949 1615 2989 795

1463 3004 1506 3039 19
