1846 3262
95 199 183 250 634
203 197 234 240 d
583 196 787 242 IOANN
789 196 848 242 IS
890 194 1415 241 SARESBERIENSIS
1562 193 1676 256 [ΜΒ.
1689 204 1742 239 v1

247 345 402 375 eorum
431 331 627 390 gratiam
657 330 820 389 dignor
845 344 937 374 non
967 329 1253 387 adquiescere
1279 327 1477 372 ueritati.
1537 327 1643 372 Non
1673 330 1744 371 est

247 404 401 445 tamen
437 402 557 460 quod
592 402 730 446 michi
770 401 944 459 possint
978 415 1213 458 opponere,
1248 399 1336 443 nisi
1372 399 1492 457 quod
1523 399 1660 443 michi
1696 401 1744 443 et

246 472 338 515 illis
358 487 448 516 non
476 472 699 525 conuenit,
721 474 767 516 et
794 472 913 529 quod
944 471 1173 515 interdum
1201 469 1335 514 alicui
1355 470 1613 523 amicorum,
1633 469 1743 513 dum

247 543 296 585 in
316 543 525 587 manibus
545 557 699 587 eorum
720 542 901 594 labitur,
921 542 969 585 in
991 556 1100 585 aure
1121 555 1339 600 suggero:

444 627 516 672 Ne
545 630 593 672 te
622 627 850 686 decipiant
879 627 1018 670 animi
1049 626 1134 670 sub
1163 626 1301 684 uulpe
1331 625 1535 669 latentes.
1762 645 1782 681 5

248 714 291 759 Ii
317 715 497 773 quidem
522 714 814 773 imperatores
843 717 951 758 sunt
977 714 1215 758 curialium
1243 717 1530 772 nugatorum,
1551 726 1744 772 quorum

247 785 286 829 si
306 801 448 829 unum
469 785 716 837 offenderis,
737 785 944 828 omnibus
965 784 1066 828 aliis
1094 799 1196 828 reus
1225 784 1324 828 eris.
1388 783 1743 828 Gnatonicorum

247 870 354 914 ergo
389 855 575 899 consilio
609 858 918 900 conuenerunt
958 855 1198 907 ambitiosi,
1234 854 1394 907 inuidi,
1429 853 1744 912 superstitiosi,

246 929 293 970 et
313 927 492 978 similes,
513 926 712 970 dicentes
740 926 826 970 sibi
857 926 974 969 bella
1001 926 1165 984 parari,
1186 929 1232 969 013
1259 941 1330 969 1110
1358 925 1406 968 111
1432 940 1506 969 eos
1533 925 1649 969 uelle
1670 925 1743 984 (ut

248 997 336 1041 dici
381 998 513 1054 solet)
552 997 760 1042 caninam
799 996 1059 1040 facundiam
1100 1011 1316 1050 exercere,
1357 1011 1460 1040 cum
1500 999 1653 1040 tamen
1693 995 1741 1039 id
1762 1010 1806 1036 10

94 1079 179 1127 635
198 1088 228 1117 a
246 1067 430 1111 minime
462 1067 782 1126 proposuerim,
814 1067 902 1110 nisi
943 1070 1024 1110 aut
1064 1082 1218 1110 eorum
1254 1067 1433 1110 iniuriis
1463 1081 1628 1125 urgear
1660 1068 1742 1111 aut

246 1138 516 1182 auctoritate
551 1137 794 1195 superioris
826 1137 958 1181 amici
995 1137 1053 1180 ad
1089 1137 1173 1181 hoc
1209 1137 1365 1180 stilum
1397 1137 1503 1181 licet
1533 1137 1742 1180 hebetem

245 1208 530 1266 impellentis.
594 1207 677 1251 Est
709 1207 889 1265 quidem
921 1207 1040 1264 quod
1074 1207 1218 1266 magis
1253 1208 1436 1251 affectat
1465 1207 1655 1260 animus,
1676 1209 1740 1259 ut,

245 1278 491 1322 curialibus
511 1278 671 1322 cedens
691 1278 837 1336 nugis,
858 1277 950 1321 illis
981 1277 1145 1335 quibus
1175 1277 1355 1335 placent
1384 1277 1548 1321 faciam
1578 1277 1739 1322 locum.

247 1349 380 1400 Nam,
392 1352 446 1392 ut
462 1349 516 1392 de
533 1349 634 1392 aliis
649 1352 833 1400 taceam,
849 1363 939 1392 non
953 1363 1134 1406 possum
1150 1347 1268 1392 ferre
1286 1348 1486 1402 Quirites
1508 1347 1741 1400 Gnatonis,
1761 1365 1801 1401 15

248 1420 326 1477 qui
362 1419 448 1463 sibi
482 1419 549 1462 nil
589 1422 742 1463 actum
778 1419 980 1470 credunt,
1016 1419 1124 1462 dum
1160 1418 1323 1476 aliquis
1359 1418 1578 1462 restiterit
1613 1419 1741 1463 cuius

247 1489 398 1533 oculos
417 1504 508 1533 non
529 1489 756 1533 obducant
776 1489 834 1532 ad
855 1489 1075 1539 tenebras,
1096 1489 1335 1546 reprobato
1355 1489 1451 1532 oleo
1471 1489 1741 1546 peccatoris3

248 1560 367 1618 quod
389 1559 426 1602 si
448 1559 548 1617 quis
570 1559 788 1617 effugerit,
802 1574 893 1602 non
913 1562 1009 1602 tam
1026 1558 1247 1602 Gnatonis
1269 1574 1403 1617 quam
1422 1559 1740 1618 principalium

246 1630 450 1674 uirorum
484 1632 691 1673 censetur
721 1629 874 1673 hostis.
947 1629 1109 1673 Valeat
1144 1644 1250 1688 ergo
1282 1629 1408 1673 curia
1439 1645 1541 1674 cum
1576 1631 1737 1674 tolera-

246 1701 413 1744 bilibus
452 1699 597 1758 nugis,
627 1699 735 1743 dum
766 1699 1118 1743 Gnatonicorum
1153 1699 1292 1743 factio
1322 1700 1455 1743 abeat
1485 1715 1660 1759 semper
1688 1701 1737 1744 in
1759 1724 1802 1748 20

247 1770 413 1813 malam
456 1785 551 1813 rem
594 1773 640 1813 et
678 1770 794 1813 fiant
840 1770 1009 1828 iugiter
1055 1770 1301 1813 nouissima
1345 1770 1468 1814 illius
1514 1771 1739 1815 deteriora

90 1853 179 1902 636
199 1863 230 1893 a
247 1841 484 1899 prioribus.
564 1839 749 1884 Ceteros
794 1840 890 1884 dies
940 1855 1048 1884 suus
1098 1844 1307 1899 expectat
1351 1844 1398 1885 et
1452 1841 1608 1894 otium,
1653 1843 1739 1886 etsi

247 1911 479 1955 infecundi
524 1911 718 1968 pectoris
762 1911 976 1969 angustia
1026 1913 1072 1954 et
1122 1911 1212 1954 oris
1261 1911 1452 1955 ariditas
1503 1911 1739 1957 infacundi

246 1996 338 2024 non
366 1981 531 2024 habeat
557 1995 693 2038 penes
724 1996 771 2025 se
804 1981 924 2038 quod
951 1981 1094 2038 possit
1125 1981 1332 2025 omnibus
1360 1982 1596 2039 impertiri.
1656 1984 1738 2038 Tu,

247 2051 427 2108 quando
472 2051 732 2095 ambitiosos
773 2054 820 2094 et
863 2050 1043 2094 inuidos
1091 2054 1348 2109 ceterosque
1388 2052 1509 2095 domi
1557 2057 1738 2098 nostrae
1759 2067 1800 2103 25

246 2121 439 2165 latentes
470 2121 622 2179 egredi
649 2121 775 2172 uelis,
800 2121 839 2164 si
869 2123 1022 2164 tamen
1046 2121 1280 2178 praemissi
1306 2121 1446 2165 libelli
1474 2123 1738 2180 placuerint,

247 2191 505 2249 expectanti
526 2191 755 2245 denuntia,
771 2193 818 2234 et
837 2191 886 2234 in
906 2191 1058 2235 uerbis
1078 2191 1170 2234 tuis
1191 2191 1438 2236 calcaribus
1454 2194 1739 2251 urgebuntur

246 2299 270 2335 6
297 2296 350 2332 Hi
366 2297 458 2380 MM
611 2307 655 2334 12
680 2296 811 2344 amici]
831 2296 952 2334 animi
970 2296 998 2333 C
1017 2296 1198 2345 (forsan2)
1218 2296 1301 2334 ΒΑ1
1508 2310 1552 2337 21
1579 2299 1739 2350 iugiter]

246 2356 400 2392 semper

297 2448 314 2486 5
342 2451 388 2474 ne
404 2444 438 2474 te
453 2440 639 2485 decipiant
653 2441 753 2476 etc.:
779 2450 812 2475 v.
831 2438 923 2475 Hor.
942 2440 989 2475 A.
1005 2440 1047 2475 P.
1073 2447 1144 2485 437
1171 2451 1374 2487 numquam
1397 2445 1431 2477 te
1445 2443 1594 2488 fallant
1617 2447 1741 2482 animi

246 2488 312 2523 sub
329 2488 436 2532 uolpe
453 2488 614 2523 latentes.
737 2497 757 2533 7
783 2488 819 2524 si
833 2499 952 2523 unum
969 2489 1062 2524 etc.:
1090 2488 1139 2524 cf.
1160 2487 1236 2524 Iac.
1251 2487 1291 2524 ii.
1313 2499 1366 2525 10.
1497 2500 1541 2527 10
1565 2495 1740 2530 caninam

237 2537 485 2582 facundiam:
510 2547 542 2571 v.
556 2534 712 2572 Hieron.
725 2536 919 2582 Ep.cxxv.
933 2536 1000 2579 (ad
1016 2537 1207 2572 Rusticum
1224 2537 1456 2585 monachum)
1475 2550 1506 2575 c.
1530 2541 1573 2576 16
1587 2539 1740 2595 (Migne

246 2585 289 2619 P.
309 2585 352 2619 L.
374 2582 465 2619 xxii.
496 2583 629 2630 1081);
655 2582 745 2620 Isid.
770 2585 868 2620 Sent.
895 2581 951 2619 iii.
980 2584 1026 2630 56
1052 2582 1070 2630 ξ
1099 2594 1120 2619 2
1149 2583 1299 2631 (Migne
1323 2586 1366 2622 P.
1390 2587 1434 2622 L.
1461 2585 1610 2624 lxxxiil.
1638 2590 1736 2636 728).

251 2639 291 2678 15
319 2643 394 2667 non
405 2642 556 2677 possum
562 2633 667 2677 ferre
682 2632 862 2676 Quirites:
889 2630 966 2667 Iuv.
981 2633 1057 2668 Sat.
1070 2630 1126 2668 iii.
1139 2633 1198 2668 60.
1250 2634 1412 2678 Quirites
1421 2636 1464 2671 ut
1477 2636 1739 2675 accusativum

245 2690 315 2725 pro
338 2678 509 2715 vocativo
534 2679 722 2726 accepisse
746 2679 902 2716 videtur
916 2679 1080 2716 Ioannes
1092 2692 1101 2722 ;
1129 2681 1288 2724 Quirites
1308 2682 1490 2719 Gnatonis
1505 2683 1553 2721 de
1577 2685 1740 2731 parasiti

246 2726 358 2763 sociis
374 2726 571 2773 intellego.
762 2727 806 2764 16
830 2729 889 2763 nil
912 2732 1033 2764 actum
1058 2729 1232 2764 credunt:
1260 2741 1291 2765 v.
1320 2729 1410 2767 Luc.
1436 2732 1568 2769 Phara.
1593 2731 1635 2770 ii.
1653 2734 1738 2781 657.

250 2784 292 2820 17
318 2776 393 2811 oleo
403 2776 624 2821 peccatoris:
649 2787 681 2812 v.
701 2777 759 2812 Ps.
777 2775 852 2812 cxl.
874 2784 914 2822 5;
941 2775 988 2812 cf.
1006 2787 1122 2822 supra
1139 2787 1170 2813 c.
1188 2786 1235 2822 24
1253 2777 1336 2824 (625
1350 2779 1407 2826 A).
1571 2789 1613 2817 21
1631 2784 1740 2826 fiant

247 2824 342 2860 etc.:
367 2835 400 2858 v.
419 2822 509 2859 Luc.
530 2822 580 2859 xi.
599 2824 656 2860 26.
818 2832 862 2869 27
889 2825 1118 2870 eaepectami:
1146 2835 1194 2861 sc.
1212 2826 1315 2862 mihi.
1446 2828 1487 2863 in
1503 2829 1627 2865 uerbis
1642 2831 1739 2867 tuis:

246 2869 377 2918 potius
396 2871 518 2908 uerbis
533 2872 620 2918 tuis,
638 2870 665 2907 i.
677 2881 709 2908 e.
728 2872 801 2908 vice
817 2876 895 2919 tua,
914 2873 1060 2909 nomine
1076 2877 1150 2909 tuo.

360 2942 404 2975 88
