1846 3262
125 229 208 278 76⁵
226 239 257 268 a
603 227 805 272 IOANN
808 227 866 272 IS
907 228 1423 274 SARESBERIENSIS
1523 227 1634 290 [mn.
1649 239 1742 273 VIII

223 360 257 389 a
274 351 354 394 Vis
375 351 598 394 hominem
618 350 771 394 uidere
797 350 1055 396 liberalem?
1114 350 1195 394 Vis
1219 365 1371 394 ueram
1399 354 1445 395 ct
1468 351 1744 394 fructuosam

273 421 528 478 largitatem
549 420 735 464 audire?
793 420 988 464 Deflecte
1008 421 1156 464 oculos
1186 421 1242 464 ad
1274 435 1375 464 eum
1404 421 1484 478 qui
1514 421 1743 464 uermibus

271 493 444 533 scatens
477 491 592 533 iacet
623 490 671 532 in
702 490 982 547 sterquilinio
1014 493 1060 533 et
1089 493 1207 534 testa
1234 491 1447 534 fluentem
1477 490 1532 534 de
1561 503 1742 547 corpore

270 560 438 603 saniem
474 560 606 604 radit.
666 560 787 603 Audi
821 560 928 618 quid
964 560 1175 617 loquatur
1205 561 1279 603 uir
1317 560 1462 603 iustus
1503 562 1548 603 et
1580 560 1743 603 timens

270 629 416 672 Deum
441 633 486 673 et
507 630 713 673 recedens
733 645 761 673 a
790 631 919 674 malo.
982 631 1086 674 Non
1116 630 1272 688 utique
1302 630 1437 674 dieitz
1468 629 1671 687 Cythara
1697 631 1743 672 et
1763 641 1783 675 ⁵

269 699 364 750 lira,
385 699 647 756 psalterium
668 703 713 743 et
740 701 973 744 sambucca
1003 703 1049 744 et
1077 716 1207 744 omne
1236 715 1378 758 genus
1398 700 1667 744 musicorum
1694 699 1743 742 in

268 770 488 813 conuiuiis
520 770 641 813 meis.
718 770 821 813 Non
856 770 988 814 dicit:
1034 770 1261 828 Epulabar
1299 770 1462 814 cotidie
1501 768 1742 827 splendide,

267 842 427 896 gustus
459 855 539 897 per
571 840 722 883 omnia
757 840 975 884 elementa
1002 855 1242 898 quaerens3
1273 839 1572 884 sollicitudine
1595 839 1740 882 multa

267 910 544 962 contrahens,
565 910 683 954 unde
703 911 1023 954 conficerentur
1042 914 1236 954 stercora
1251 913 1331 954 aut
1346 912 1504 959 uenter
1519 909 1742 952 distentus

267 979 398 1023 facile
414 980 461 1021 in
477 980 683 1023 libidines
699 981 983 1038 dispumaret.
1030 981 1135 1024 Non
1148 981 1278 1025 dicit:
1300 980 1527 1024 Induebar
1541 993 1741 1037 purpura
1766 992 1807 1018 ιο

267 1052 313 1093 et
332 1049 450 1093 bisso
470 1065 658 1108 opereue
678 1050 909 1108 plumario,
931 1051 1144 1094 affectans

347 1192 350 1196 .
426 1142 544 1199 quod
574 1142 742 1187 Nilotis
771 1158 876 1186 acus
906 1143 1185 1200 complexum
1214 1143 1388 1200 pectine
1419 1141 1579 1185 Serum

266 1228 392 1272 falsis
408 1229 554 1272 inanis
573 1230 695 1273 uitae
715 1230 906 1273 obduxit
925 1230 1207 1288 imaginibus,
1223 1234 1270 1274 et
1288 1230 1490 1273 uestibus
1510 1228 1741 1286 fulgebam

268 1299 505 1351 deauratis,
525 1300 825 1343 circumdatus
845 1300 1074 1344 uarietate.
1134 1300 1240 1344 Non
1266 1300 1407 1343 dixit:
1439 1299 1511 1342 Ad
1538 1313 1609 1342 me
1638 1312 1739 1342 con-

220 1370 250 1409 b
267 1369 467 1412 fluebant
491 1369 688 1426 undique
1761 1386 1802 1420 ¹5

441 1457 642 1508 mendici,
672 1457 845 1508 mimae,
875 1457 1139 1509 balatrones,
1170 1458 1252 1501 hoc
1281 1471 1422 1515 genus
1451 1470 1593 1507 omne,

265 1552 501 1592 uenatores
520 1549 710 1601 clamosi,
732 1549 1002 1593 dulchorarii
1029 1550 1273 1601 mendaces,
1293 1549 1531 1593 histriones
1554 1548 1662 1592 uani
1694 1550 1740 1591 et

265 1619 451 1675 parasiti
484 1618 649 1670 edaces,
684 1620 936 1663 meretrices
968 1620 1154 1671 dolosae,
1187 1619 1461 1677 rumigeruli,
1496 1618 1737 1675 falsiloqui,

266 1691 312 1732 et
350 1689 562 1732 relatores
601 1691 681 1732 aut
720 1692 1002 1733 concentores
1041 1690 1242 1733 inanium
1283 1689 1551 1733 fabularum.
1632 1688 1737 1731 Non

263 1758 396 1802 dicit:
428 1758 595 1802 Leones
615 1773 741 1802 ursos
762 1759 932 1802 alebam
955 1763 1001 1802 et
1021 1759 1172 1803 simias
1193 1762 1239 1802 et
1258 1758 1514 1802 huiusmodi
1534 1760 1735 1802 monstra
1761 1775 1806 1800 ao

262 1831 343 1871 aut
363 1828 526 1885 probra
545 1831 744 1872 naturae.
805 1829 923 1882 Quid
940 1844 1044 1887 ergo
1060 1830 1077 1873 ’ἒ
1138 1828 1301 1872 Nonne
1320 1828 1428 1871 haec
1447 1830 1555 1871 sunt
1575 1827 1737 1884 quibus

263 1900 442 1941 nostrae
474 1898 607 1940 etatis
641 1898 886 1942 liberalitas
919 1899 1202 1944 illustratur?
1274 1897 1508 1955 Numquid
1542 1897 1638 1941 sine
1667 1897 1739 1941 his

264 1967 451 2025 largitas
484 1982 577 2011 esse
608 1969 784 2025 potest?
844 1968 1084 2020 Humerus,
1115 1968 1275 2025 inquit,
1310 1982 1435 2011 meus
1469 1982 1498 2010 a
1530 1967 1739 2011 iunctura

264 2052 345 2080 sua
377 2037 518 2090 cadat,
540 2039 586 2080 et
619 2038 850 2082 brachium
886 2054 1034 2082 meum
1066 2053 1167 2082 cum
1197 2037 1369 2081 ossibus
1399 2040 1666 2089 conteratur,
1698 2036 1736 2080 si

263 2107 426 2165 negaui
465 2107 583 2164 quod
622 2108 834 2152 uolebant
872 2109 1154 2166 pauperibus,
1193 2108 1231 2151 si
1270 2107 1419 2151 oculos
1457 2107 1621 2150 uiduae
1661 2121 1736 2150 ex·
1759 2122 1801 2157 ²5

262 2180 440 2233 pectare
460 2176 558 2229 feci,
579 2177 616 2220 si
637 2178 805 2221 comedi
820 2178 1061 2222 buccellam
1076 2193 1221 2221 meam
1241 2177 1361 2221 solus
1376 2179 1422 2220 et
1436 2191 1526 2220 non
1546 2176 1738 2220 comedit

263 2276 287 2310 4
312 2268 352 2302 et
369 2278 437 2301 om.
457 2265 497 2301 M
639 2266 664 2302 6
687 2264 886 2302 salterium
903 2265 927 2301 S
1023 2265 1205 2302 sambuca
1221 2264 1297 2301 G¹A
1313 2278 1323 2303 ε
1348 2263 1515 2301 sanbuca
1532 2263 1557 2300 S
1714 2273 1736 2310 7

264 2313 422 2350 cottidie
439 2312 486 2348 Α1
648 2323 686 2350 11
714 2313 824 2360 bysso
842 2313 915 2349 ΒΜ
937 2360 945 2367 ι
1078 2323 1119 2350 12
1145 2311 1362 2367 NilotisJJn
1379 2311 1468 2348 lotis
1484 2311 1532 2348 A¹
1694 2322 1737 2358 13

262 2361 509 2408 ymaginibus
525 2360 566 2396 M
691 2370 731 2405 17
757 2360 964 2398 dulcorani
983 2360 1065 2398 SM²
1190 2371 1235 2397 22
1260 2359 1334 2396 hus
1352 2359 1377 2396 S

313 2453 334 2478 2
360 2454 441 2478 eum
457 2443 528 2479 etc.
546 2454 555 2477 :
581 2441 604 2477 i.
617 2453 650 2478 e.
670 2441 747 2477 Iob.
939 2451 973 2483 2,
993 2451 1012 2486 3
1038 2441 1224 2476 uermibus
1238 2444 1398 2476 scatens:
1425 2451 1456 2475 v.
1476 2437 1543 2475 Iob
1561 2437 1649 2474 xvii.
1670 2448 1737 2483 ¹4:

262 2491 448 2526 uermibus
461 2495 596 2526 scatere
611 2488 753 2525 dicitur
769 2486 878 2534 panis
901 2488 1074 2525 caelestis
1098 2499 1217 2533 usque
1242 2499 1352 2524 mane
1378 2485 1553 2523 dimissus
1571 2484 1639 2522 Ex.
1665 2485 1739 2523 xvi.

264 2548 322 2574 20.
482 2548 503 2583 3
528 2539 621 2573 iacet
638 2538 709 2573 etc.
726 2549 734 2572 ε
762 2549 794 2572 v.
814 2535 881 2572 Iob
905 2535 944 2572 ii.
964 2538 996 2573 8.
1140 2546 1164 2580 4
1187 2537 1252 2571 uir
1264 2537 1383 2571 iustus
1399 2537 1493 2572 etc.:
1519 2546 1552 2569 v.
1572 2533 1640 2570 Iob
1657 2533 1682 2570 i.
1705 2544 1735 2571 1.

265 2594 283 2630 5
315 2585 476 2631 Cythara
505 2586 604 2622 etc.:
641 2598 675 2621 v.
694 2584 764 2620 Ina.
782 2596 814 2619 v·
838 2594 893 2620 12.
1051 2592 1072 2628 7
1100 2584 1293 2629 Epulabar
1318 2583 1447 2619 cotidie
1473 2583 1678 2628 splendide:
1703 2593 1739 2619 v.

263 2632 350 2668 Luc.
370 2631 444 2668 xvi.
467 2642 520 2677 19.
682 2634 703 2668 8
727 2637 854 2675 custus
878 2633 974 2668 eta:
1002 2630 1078 2667 Iuv.
1095 2631 1170 2667 Sat.
1191 2629 1243 2667 xi.
1265 2640 1318 2675 14.
1483 2640 1527 2665 10
1550 2630 1739 2665 Induebar

264 2682 336 2717 etc.
351 2692 361 2716 ε
386 2692 418 2716 v.
438 2679 526 2717 Luc.
545 2679 617 2716 xvi.
640 2690 695 2725 19,
712 2678 781 2716 Ex.
799 2678 897 2714 xxvi.
919 2689 948 2715 1.
1111 2689 1153 2715 12
1170 2680 1306 2715 Nilotis
1321 2679 1393 2715 etc.
1408 2690 1418 2713 ε
1444 2676 1534 2713 Luc.
1552 2678 1681 2713 Phars.
1698 2687 1734 2712 x.

266 2738 344 2772 14²·
493 2729 534 2764 16
559 2729 716 2763 mendici
731 2729 804 2764 etc.
820 2740 828 2762 ε
855 2726 944 2762 Hor.
956 2728 1032 2763 Sat.
1051 2725 1078 2762 i.
1095 2737 1127 2763 2.
1148 2736 1181 2762 2.
1329 2734 1370 2770 17
1388 2725 1638 2761 dulchorarii:
1663 2722 1688 2760 i.
1701 2734 1734 2761 e.

263 2775 330 2820 qui
346 2775 559 2811 dulcorant.
609 2774 765 2811 Nullum
778 2773 854 2810 nisi
872 2786 918 2810 ex
931 2774 1002 2811 hoc
1019 2773 1101 2810 loco
1111 2771 1285 2810 vocabuli
1303 2771 1519 2819 exemplum
1531 2771 1676 2808 citatur
1691 2770 1734 2807 in

263 2821 354 2859 Lex.
381 2822 575 2869 Ducange.
724 2823 765 2858 18
790 2823 1032 2866 rumiyeruli:
1073 2821 1155 2858 Hoc
1181 2820 1406 2858 vocabulum
1429 2819 1546 2856 habet
1571 2818 1731 2856 Hieron.

261 2870 360 2915 Epp.
381 2870 408 2905 l.
434 2881 474 2914 1.,
493 2870 602 2907 cxvii.
625 2881 670 2907 10
696 2869 845 2916 (Mignc
870 2871 915 2905 P.
932 2871 975 2906 L.
1001 2868 1093 2906 xxii.
1119 2878 1200 2917 512,
1227 2869 1326 2916 959).
1469 2877 1513 2914 23
1549 2867 1733 2904 flumem

260 2918 362 2953 αισα
387 2916 455 2954 Iob
471 2917 574 2954 xxxi.
591 2928 649 2962 22,
671 2918 726 2965 16,
747 2926 803 2963 17,
821 2928 878 2963 32,
901 2927 954 2964 19,
974 2927 1030 2953 20.

375 2981 439 3013 322
