1846 3262
49 236 132 285 677
151 244 182 275 a

513 228 780 276 IoANms
821 227 1346 274 SARESBERIENSIS
1452 224 1455 226 ’
1493 204 1690 289 [mjvn

198 349 268 393 dit
298 351 344 393 et
374 363 421 392 se
451 348 640 391 diuitem
670 348 900 404 potentem
931 345 1155 403 insignem
1186 344 1303 388 uelle
1334 345 1431 388 fieri
1462 343 1692 389 confessus

198 423 279 472 est,
304 419 381 463 sed
412 419 502 462 alia
530 419 619 469 uia,
643 417 721 460 sed
746 417 795 459 in
826 416 915 459 alio
946 419 1082 467 statu,
1110 415 1188 459 sed
1213 416 1262 458 in
1289 416 1453 459 minori
1482 415 1693 473 periculo,

199 490 359 533 maiori
380 489 602 532 libertate.
661 486 819 530 Voluit
843 501 937 529 esse
964 485 1128 529 nobilis
1155 485 1276 529 inter
1302 485 1438 529 laicos
1465 488 1546 529 aut
1573 488 1694 529 certe

199 574 392 618 magnus
427 559 475 601 in
507 558 635 602 clero.
697 556 769 600 Ob
808 556 891 600 hoc
931 556 1187 614 principum
1226 555 1429 600 uirorum
1469 555 1695 613 quaesiuit

199 630 408 688 gratiam,
438 627 796 671 familiaritatem
829 626 945 678 iniit,
975 626 1033 669 ab
1068 626 1132 670 eis
1167 641 1470 684 quascumque
1500 625 1697 683 suscepit

201 700 467 744 functiones.
518 698 706 742 Scriniis
722 697 841 740 forte
857 697 1087 755 praelatus
1100 699 1169 740 est
1189 699 1270 740 aut
1286 697 1579 755 consignandi
1600 710 1698 740 sus-

201 770 320 828 cepit
340 769 534 813 officium
555 771 636 812 aut
656 767 811 812 cimilii
833 767 1083 811 custodiam
1104 770 1185 810 aut
1205 767 1374 825 publici
1395 767 1544 811 claues
1564 765 1699 810 erarii

203 844 285 884 aut
312 840 536 884 ratiocinii
558 839 710 883 uarias
736 838 967 883 cautiones
992 840 1085 890 aut,
1106 838 1144 881 si
1170 837 1279 895 quid
1306 838 1431 881 aliud
1456 838 1625 895 nequit,
1644 839 1700 881 ut

203 911 413 956 corbibus
442 911 761 969 praeficeretur
788 909 1014 967 optinuit;
1050 923 1142 952 non
1172 912 1326 952 tamen
1356 908 1476 966 quod
1506 908 1564 952 ad
1596 923 1699 952 eum

203 982 431 1040 pertineat
450 982 505 1025 de
527 980 678 1039 egenis
699 983 780 1023 aut
800 980 854 1023 de
875 979 1149 1037 pauperibus
1170 994 1322 1023 curam
1343 981 1483 1037 gerat,
1497 979 1575 1022 sed
1593 978 1700 1038 quia

157 1057 187 1096 b
207 1052 283 1096 fur
304 1056 372 1096 est
400 1055 446 1095 et
469 1051 636 1095 loculos
662 1051 810 1102 habet,
833 1065 944 1108 quos
972 1049 1167 1093 auaritia
1194 1049 1331 1093 soluit
1361 1049 1419 1093 ad
1448 1052 1627 1107 tempus
1647 1051 1702 1093 ut

204 1123 289 1167 sub
309 1122 505 1180 imagine
525 1121 709 1180 pietatis
729 1136 803 1164 eos
823 1120 1066 1178 sacrilegus
1088 1119 1249 1164 farciat
1270 1123 1316 1164 et
1336 1120 1391 1163 de
1412 1120 1712 1164 mendicitate·

1715 642 1734 677 5

1721 996 1762 1035 ιο

206 1196 252 1238 et
282 1196 426 1236 morte
456 1193 685 1250 egentium
715 1191 919 1249 priuatas
951 1190 1038 1234 sibi
1073 1190 1259 1234 diuitias
1293 1193 1434 1248 paret.
1496 1190 1547 1234 Si
1582 1190 1724 1233 enim'

206 1278 341 1307 uerae
361 1262 678 1320 compassionis
698 1264 957 1305 moueretur
977 1261 1153 1312 affectu,
1173 1275 1256 1304 sua
1282 1261 1458 1304 fidelius
1479 1264 1525 1305 et
1544 1260 1704 1304 utilius

206 1333 482 1392 pauperibus
495 1335 701 1390 erogaret
714 1347 849 1389 quam
864 1331 922 1374 ad
938 1331 1317 1388 dispensationem
1331 1331 1466 1374 alieni
1482 1333 1705 1374 mercator

209 1404 414 1461 impurus
430 1403 667 1447 accederet.
709 1402 807 1445 Iam
821 1401 970 1459 palam
985 1404 1196 1444 emuntur
1207 1401 1370 1453 omnia,
1383 1401 1471 1444 nisi
1485 1401 1705 1445 modestia

209 1474 460 1518 uenditoris
480 1473 708 1531 impediat.
769 1472 895 1515 Adeo
921 1472 1040 1515 enim
1069 1472 1205 1516 sacris
1233 1472 1453 1515 altaribus
1484 1472 1706 1516 auaritiae

210 1544 471 1603 prophanus
503 1543 709 1586 imminet
744 1543 879 1586 ardor
913 1545 967 1586 ut
1002 1543 1111 1586 haec
1146 1542 1298 1586 omnia
1323 1543 1451 1600 quasi
1484 1543 1706 1600 quaedam

211 1614 423 1673 parodica
443 1617 761 1671 praeemantur
787 1616 844 1664 et,
865 1613 972 1671 quia
996 1628 1077 1671 per
1101 1628 1148 1657 se
1176 1628 1267 1656 non
1292 1613 1485 1656 ueniunt
1511 1613 1560 1656 in
1588 1628 1705 1657 com-

212 1685 440 1736 mercium,
475 1684 598 1728 licite
637 1686 682 1728 et
722 1684 839 1727 iuste
872 1683 1118 1727 creduntur
1156 1683 1337 1741 adquiri
1371 1684 1410 1727 si
1445 1687 1706 1742 praeempta

215 1755 389 1799 fuerint
424 1758 505 1798 aut
539 1757 754 1812 coempta.
820 1754 941 1808 Quid
977 1754 1130 1798 enim2
1205 1754 1440 1812 Numquid
1472 1755 1521 1797 in
1556 1754 1703 1798 forum

174 1840 200 1870 c
216 1826 494 1884 approbante
534 1828 751 1883 praetore,
779 1840 871 1868 11011
910 1825 1104 1868 ueniunt
1140 1839 1254 1882 quae
1290 1825 1387 1869 iure
1423 1825 1612 1883 antiquo
1646 1826 1709 1870 sic

216 1896 503 1955 possidentur
522 1910 550 1938 a
571 1895 696 1938 laicis
723 1898 777 1938 ut
804 1897 1040 1938 transeant
1063 1895 1122 1938 ad
1142 1895 1327 1938 heredes
1348 1898 1395 1938 et
1414 1895 1550 1939 titulo
1570 1895 1710 1939 dona-

216 1967 354 2011 tionis
394 1968 475 2009 aut
518 1965 864 2023 permutationis
911 1965 1167 2008 alienentur
1210 1965 1268 2008 ab
1318 1965 1416 2009 eis?
1487 1965 1566 2009 Ius
1605 1981 1711 2024 ergo

218 2036 526 2082 aduocationis
541 2039 621 2079 aut
636 2039 904 2093 patronatus
917 2035 1124 2080 ecclesiae
1141 2036 1250 2099 quid
1263 2036 1472 2094 prohibet
1487 2036 1679 2080 distrahi
1692 2037 1711 2081 ’1

221 2126 242 2163 3
269 2116 414 2154 maiore
433 2115 501 2152 SM
659 2126 681 2162 9
706 2114 873 2152 obtinuit
890 2115 931 2151 M
1092 2125 1134 2152 12
1159 2115 1342 2163 ymagine
1359 2115 1400 2151 M
1564 2126 1608 2163 13
1631 2121 1714 2164 post

219 2168 259 2202 et
277 2167 360 2201 add.
381 2165 427 2201 de
445 2165 485 2200 M
632 2174 678 2200 22
705 2165 922 2211 aprobante
941 2163 966 2200 S

268 2241 291 2275 4
310 2232 420 2266 clero:
446 2230 488 2265 in
502 2241 577 2275 quo
592 2228 866 2276 comprehendi
881 2228 1006 2266 solent
1024 2240 1156 2266 omnes
1172 2227 1239 2275 qui
1255 2229 1454 2264 tonsuram
1467 2230 1712 2275 acceperunt,

221 2278 296 2316 etsi
314 2278 429 2314 sacris
446 2277 643 2314 ordinibus
661 2289 738 2314 non
754 2280 843 2314 sunt
861 2276 1013 2319 induti;
1032 2277 1134 2313 unde
1150 2277 1223 2313 hoc
1240 2275 1323 2313 1000
1341 2277 1388 2313 de
1407 2276 1459 2313 eis
1476 2276 1552 2313 dici
1564 2277 1717 2314 videtur

223 2326 289 2373 qui
307 2327 468 2374 gradum
485 2325 696 2363 sacerdotio
722 2325 942 2363 inferiorem
961 2324 1224 2362 obtinuerunt.
1370 2335 1393 2370 9
1418 2326 1606 2362 corbibus:
1631 2325 1656 2363 i.
1669 2337 1716 2370 0.,

221 2377 266 2411 ut
299 2375 342 2410 in
374 2373 622 2420 sequentibus
649 2376 773 2421 patet,
798 2372 1070 2422 largitionibus
1094 2372 1411 2418 eleemosynariis.
1584 2384 1607 2418 9
1639 2386 1717 2411 non

223 2429 346 2459 tamen
371 2425 466 2470 quod
483 2424 580 2459 etc*
607 2435 640 2459 v.
659 2422 792 2459 Ioann.
810 2422 877 2458 xii.
896 2423 930 2458 6.
1093 2432 1137 2467 19
1160 2422 1360 2467 parodica:
1388 2420 1471 2458 Hoc
1487 2421 1716 2459 vocabulum

225 2471 329 2518 apud
354 2471 495 2508 Lexica
521 2470 680 2518 linguae
703 2470 864 2508 Latinae
886 2470 1013 2515 deest;
1039 2468 1099 2506 ita
1122 2470 1208 2514 ζωὴν
1229 2469 1419 2516 παροδικὴν
1441 2480 1528 2515 opp.
1556 2470 1716 2516 ἱδρυμένη

225 2519 343 2555 habet
369 2518 534 2555 Basilius
551 2520 658 2555 Hom.
676 2520 718 2554 in
743 2520 803 2555 P&
829 2520 902 2556 xiv.
925 2518 949 2554 i.
972 2530 1005 2555 0.
1032 2528 1046 2554 1
1074 2516 1222 2572 (Migne
1237 2518 1376 2553 Patrol.
1397 2519 1459 2553 Gr.
1479 2516 1585 2553 xxix.
1603 2521 1687 2565 252)
1704 2532 1714 2563 ς

227 2567 331 2614 quod
344 2579 434 2604 vero
453 2567 556 2614 apud
573 2566 777 2613 scriptores
795 2565 1072 2603 ecclesiasticos
1082 2565 1219 2602 Latine
1237 2567 1507 2609 transitorium,
1519 2565 1560 2601 id
1573 2565 1716 2604 Graece

225 2617 416 2660 παροδικόν
432 2615 586 2652 dicitur.
636 2614 710 2652 Η10
727 2614 855 2662 potius
872 2614 1017 2651 dicitur
1034 2614 1081 2651 de
1099 2612 1211 2650 rebus
1226 2623 1324 2659 quae
1342 2612 1428 2649 aliis
1446 2621 1618 2650 annexae
1635 2613 1716 2652 sint

229 2663 394 2710 ideoque
422 2676 509 2700 cum
539 2662 587 2699 iis
614 2662 656 2698 in
685 2662 957 2700 commercium
983 2661 1114 2699 venire
1140 2660 1300 2707 possint.
1446 2671 1492 2697 22
1517 2675 1610 2709 quae
1635 2664 1717 2699 iure

228 2714 378 2759 antiquo
405 2714 504 2750 eta:
542 2712 590 2748 cf.
614 2711 826 2748 Hostiensis
854 2713 992 2747 Summ.
1019 2712 1114 2747 Aur.
1139 2708 1194 2745 iii.
1221 2711 1265 2745 de
1289 2710 1371 2744 iure
1390 2714 1616 2755 patronatus
1642 2710 1714 2751 (ed.

229 2760 348 2807 Lugd.
379 2769 467 2806 1597
495 2772 533 2806 p.
559 2760 644 2806 221)
670 2761 835 2804 Qualiter
858 2760 1109 2799 transferatur
1130 2759 1266 2793 seilicet
1290 2759 1350 2792 ius
1363 2762 1596 2803 patronatus,
1613 2763 1718 2805 patet

229 2809 288 2844 his
318 2810 504 2844 uersibus:
536 2808 632 2843 Iura
651 2813 876 2853 patronatus
898 2808 1059 2843 transire
1081 2807 1180 2852 facit
1212 2817 1333 2841 nouus
1364 2806 1500 2850 haeres,
1532 2808 1603 2842 Res
1632 2818 1717 2853 per-

229 2861 381 2900 mutata,
416 2858 574 2899 donatio,
603 2857 790 2898 uenditi03
822 2855 1077 2900 insequuntur
1108 2852 1185 2890 loci
1216 2852 1416 2899 utriusque
1450 2853 1544 2890 iuris
1575 2853 1642 2890 ubi
1668 2854 1716 2892 de

230 2903 364 2940 eadem
392 2915 432 2940 re
461 2903 604 2951 agitur.
799 2912 842 2950 25
870 2904 1053 2939 distrahi:
1087 2914 1120 2938 v.
1146 2902 1250 2938 Ivon.
1276 2901 1427 2938 Carnot.
1450 2903 1560 2939 Decr.
1588 2901 1644 2938 iii.
1669 2903 1718 2947 46

233 2950 385 3032 (Migige
407 2953 448 2989 P.
471 2954 515 2989 L.
542 2950 630 2989 clxi.
658 2950 756 2998 207),
782 2952 957 2988 Decretal.
983 2949 1040 2987 iii.
1067 2951 1124 2987 28.
1152 2961 1206 2987 00.
1236 2959 1302 2995 1-3
1329 2949 1404 2997 (οᾱ.
1430 2949 1648 2998 Friedberg.
1674 2949 1716 2988 ii.

325 3009 340 3031 1
366 3010 389 3042 4

1724 1348 1763 1382 15

1726 1702 1772 1726 20
