1846 3262
74 1149 118 1186 1⁵

67 1745 119 1782 *25

72 2041 120 2077 30

128 198 238 236 uAP.
251 187 359 249 xxl]
670 188 1116 235 POLICRATICVS
1642 187 1732 228 620
1744 198 1778 228 a

251 311 318 355 At
346 310 491 355 fessae
520 311 666 356 multa
696 312 902 356 referunt
932 327 978 356 se
1009 314 1139 356 nocte
1168 311 1376 361 minores,

252 385 386 414 crura
414 371 560 415 thimo
590 372 772 429 plenae3
809 375 1057 430 pascuntur
1086 375 1132 415 et
1162 371 1326 414 arbuta
1354 369 1523 427 passim
1642 363 1672 403 b

252 433 300 473 et
328 430 511 488 glaucas
541 431 697 474 salices
728 431 981 488 casiamque
1011 445 1277 488 crocumque
1307 429 1545 472 rubentem

253 492 301 532 et
329 489 543 548 pinguem
574 490 721 533 tiliam
752 493 798 534 et
828 488 1110 548 ferrugineos
1138 489 1363 532 iacinctos.

253 548 476 592 Omnibus
505 563 597 592 una
628 550 754 607 quies
783 564 981 607 operum,
1012 549 1139 592 labor
1168 548 1375 592 omnibus
1405 562 1535 591 unus.

252 607 387 651 Mane
417 613 558 652 ruunt
587 609 756 666 portis;
792 623 1015 666 nusquam
1045 623 1171 651 mora
1201 623 1358 651 rursus
1387 607 1566 650 easdem

252 666 424 724 Vesper
452 668 531 710 ubi
562 682 586 711 e
616 671 751 726 pastu
779 667 962 711 tandem
993 667 1204 711 decedere
1234 667 1404 725 campis

252 725 490 770 admonuit
502 741 512 780 ;
553 730 652 770 tum
683 729 804 770 tecta
831 730 1008 784 petunt,
1036 729 1136 770 tum
1165 741 1353 784 corpora
1380 728 1554 769 curant.

254 784 331 828 Fit
360 785 535 829 sonitus
564 789 857 843 mussantque
887 786 1021 829 horas
1050 789 1095 829 et
1125 785 1283 828 limina
1311 785 1491 829 circum.

254 843 373 895 Post,
403 845 483 887 ubi
513 845 604 887 iam
635 844 848 888 thalamis
877 859 925 888 se
954 859 1252 902 composuere,
1282 844 1443 887 siletur

253 902 303 946 in
332 902 521 954 noctem,
552 903 781 961 fessosque
810 918 945 961 sopor
973 918 1083 946 suus
1113 907 1302 960 occupat
1331 906 1470 947 artus.

253 961 350 1006 Nec
378 977 487 1005 uero
516 977 544 1005 a
572 962 764 1006 stabulis
792 962 951 1021 pluuia
978 962 1266 1020 impendente
1292 962 1508 1006 recedunt

252 1020 432 1080 longius
461 1025 543 1065 aut
572 1022 763 1065 credunt
792 1036 887 1064 sese
917 1021 1272 1064 aduentantibus
1303 1021 1449 1072 Euris,

252 1079 331 1123 sed
360 1080 528 1123 circum
558 1083 686 1124 tutae
715 1080 801 1123 sub
831 1080 1037 1124 menibus
1067 1080 1193 1123 urbis
1222 1083 1453 1138 aquantur

252 1153 555 1197 excursusque
584 1139 744 1183 breues
773 1142 1013 1197 temptant,
1043 1143 1090 1182 et
1119 1153 1251 1197 saepe
1275 1139 1465 1196 lapillos,

251 1200 306 1241 ut
334 1198 506 1242 cimbae
535 1198 770 1242 instabiles
797 1198 939 1242 fluctu
968 1198 1167 1242 iactante
1196 1198 1445 1251 saburram,

251 1256 431 1308 tollunt,
462 1257 534 1301 his
563 1273 658 1301 sese
688 1273 770 1315 per
798 1258 954 1301 inania
981 1258 1139 1301 nubila
1168 1257 1350 1300 librant.

252 1315 391 1360 Illum
421 1317 533 1360 adeo
562 1317 782 1375 placuisse
811 1317 972 1375 apibus
1002 1317 1223 1360 mirabere
1252 1331 1423 1360 morem

255 1375 376 1433 quod
404 1391 486 1420 nec
513 1376 755 1420 concubitu
783 1376 912 1420 indul
945 1379 1024 1420 ent
1052 1391 1134 1420 nec
1163 1390 1350 1434 corpora
1379 1391 1539 1434 segnes

253 1433 303 1478 in
333 1434 553 1478 Venerem
574 1435 768 1491 ‚soluunt
796 1439 878 1479 aut
930 1441 1030 1479 etus
1060 1435 1253 1479 nexibus
1282 1435 1437 1487 edunt,

251 1508 412 1538 uerum
441 1494 565 1552 ipsae
594 1494 717 1538 foliis
745 1499 877 1539 natos
906 1498 953 1539 et
982 1495 1199 1538 suauibus
1227 1494 1380 1538 herbis
1643 1507 1669 1538 c

251 1567 329 1596 ore
357 1553 539 1612 legunt;
580 1554 705 1612 ipsae
734 1569 885 1612 regem
915 1568 1168 1612 paruosque
1199 1553 1400 1607 Quirites

252 1612 483 1656 sufficiunt
511 1613 727 1671 aulasque
757 1618 804 1657 et
833 1628 960 1657 cerea
990 1628 1130 1672 regna
1159 1614 1371 1671 refigunt.

253 1670 398 1730 Saepe
427 1673 565 1716 ctiam
595 1673 721 1716 duris
750 1673 942 1717 errando
970 1673 1020 1716 in
1049 1672 1225 1716 cotibus
1255 1672 1351 1716 alas

252 1731 471 1775 attriuere
500 1732 710 1790 ultroque
739 1732 938 1776 animam
968 1732 1053 1776 sub
1083 1731 1204 1776 fasce
1234 1731 1480 1784 dederunt;

252 1791 411 1834 tantus
440 1805 568 1835 amor
594 1791 757 1835 florum
787 1795 834 1835 et
863 1791 1108 1850 generandi
1137 1791 1282 1849 gloria
1311 1791 1470 1835 mellis.

253 1848 375 1908 Ergo
405 1850 526 1908 ipsas
556 1851 764 1908 quamuis
794 1851 977 1909 angusti
1006 1851 1228 1894 terminus
1259 1850 1332 1893 eui

253 1909 451 1967 excipiat
472 1911 633 1967 (neque
663 1909 784 1953 enim
813 1910 916 1968 plus
945 1910 1138 1968 septima
1168 1909 1351 1953 ducitur
1379 1910 1529 1964 estas),

253 1970 304 2011 at
331 1983 475 2026 genus
504 1969 758 2013 immortale
787 1972 954 2021 manet,
984 1969 1240 2026 multosque
1270 1983 1352 2027 per
1381 1983 1524 2012 annos

252 2029 349 2071 stat
377 2027 564 2071 fortuna
592 2028 752 2072 domus
782 2032 829 2072 et
858 2028 934 2072 aui
964 2032 1263 2072 numerantur
1291 2042 1494 2072 auorum.

253 2085 491 2130 Praeterea
520 2102 671 2144 regem
701 2102 792 2131 non
823 2088 887 2131 sic
918 2087 1112 2146 Egiptus
1141 2092 1188 2131 et
1216 2087 1377 2145 ingens

253 2145 385 2189 Lidia
405 2161 486 2190 nec
513 2146 670 2204 populi
700 2146 971 2191 Parthorum
1001 2150 1084 2190 aut
1114 2146 1273 2190 Medus
1301 2146 1527 2203 Hidaspes

252 2204 519 2258 obseruant;
549 2221 654 2264 rege
684 2205 898 2250 incolumi
928 2221 1054 2250 mens
1084 2205 1293 2250 omnibus
1322 2220 1415 2248 una
1441 2209 1510 2248 est
1523 2218 1533 2257 ;

251 2264 417 2308 amisso
444 2279 606 2322 rupere
635 2265 771 2308 fidem
801 2269 1147 2322 constructaque
1176 2264 1311 2307 mella

253 2323 480 2381 diripuere
510 2324 634 2381 ipsae
664 2324 802 2367 etiam
832 2328 978 2367 crates
1007 2324 1180 2367 soluere
1212 2324 1433 2366 fanorum.

253 2382 339 2425 me
366 2397 553 2440 operum
581 2386 744 2435 custos,
774 2383 903 2425 illum
934 2383 1219 2426 admirantur
1248 2386 1293 2425 et
1322 2396 1477 2425 omnes

253 2441 549 2485 circumstant
578 2442 773 2499 strepitu
803 2441 941 2485 denso
971 2442 1233 2499 stipantque
1262 2440 1535 2497 frequentes,

253 2503 301 2544 et
326 2515 458 2558 saepe
487 2500 705 2543 attollunt
742 2501 942 2544 humeris
971 2504 1019 2544 et
1046 2515 1233 2558 corpora
1265 2499 1380 2543 bello

253 2559 483 2602 obiectant
502 2559 824 2617 pulchramque
844 2563 1008 2618 petunt
1026 2574 1107 2617 per
1125 2559 1317 2602 uulnera
1336 2560 1540 2602 mortem.

134 2669 160 2704 4
182 2658 348 2696 iacintus
368 2659 399 2695 B
578 2660 600 2695 8
625 2657 841 2695 ammonuit
857 2658 899 2695 M
1079 2668 1123 2705 19
1147 2657 1356 2695 cuncubitu
1375 2657 1400 2695 S
1580 2666 1627 2705 25

134 2706 306 2745 atriuere
323 2707 348 2744 S
493 2717 538 2752 27
563 2706 743 2745 terminis
759 2706 838 2744 C¹A
991 2716 1033 2752 3¹
1062 2718 1142 2743 non
1160 2718 1291 2754 regem
1306 2706 1355 2742 A¹
1462 2708 1629 2754 egyptus

136 2755 181 2793 M
323 2765 367 2803 35
394 2754 610 2803 dirripuere
628 2755 653 2792 S
796 2765 844 2802 39
868 2754 1043 2802 pulcram
1059 2754 1119 2792 AS

183 2849 209 2886 9
232 2840 361 2876 horas:
386 2838 455 2876 i.e.
473 2851 569 2876 oms.
686 2848 729 2886 13
754 2850 851 2875 me:
875 2837 1107 2885 caeloVerg.
1229 2845 1273 2885 35
1301 2839 1438 2874 etiam:
1462 2843 1495 2874 et
1511 2837 1630 2885 Verg.

136 2896 183 2936 37
207 2890 384 2935 strepitu:
399 2889 561 2934 fremitu
576 2887 692 2934 Verg.

1472 2957 1515 2992 61
