1846 3262
122 236 221 272 cAP.
236 227 373 284 xxlv]
653 224 1094 271 POLICRATICVS
1614 224 1685 274 817
1698 222 1734 263 d.

120 348 438 394 inuolueretur.
482 349 653 405 Quinta
663 350 971 394 maturitatem
985 349 1162 393 ciuilem
1177 349 1356 407 promit,
1369 350 1415 392 et
1430 350 1596 392 etatem

121 419 325 478 depingit
338 420 532 465 uicinam
549 420 778 472 senectuti,
793 420 930 463 immo
949 434 1062 477 quae
1082 419 1224 477 ipsam
1239 420 1330 463 iam
1345 419 1598 477 ingreditur

122 493 405 534 senectutem.
479 491 598 534 Nam
639 494 684 534 et
723 493 903 548 patrum
942 490 1132 533 honores
1176 490 1342 542 recolit,
1375 490 1596 532 maiorum

121 560 380 604 memoriam
403 564 654 612 ueneratur,
678 563 735 612 et,
765 560 891 618 quasi
922 560 979 603 ad
1009 560 1233 604 tumulum
1264 559 1485 604 Anchisae
1512 559 1596 602 sol—

82 642 103 676 5
121 628 289 673 lemnes
308 630 499 674 celebret
517 630 656 682 ludos,
681 630 729 673 in
756 630 827 674 his
856 630 964 688 ipsis
991 630 1114 674 exilii
1145 630 1215 674 sui
1235 629 1459 674 miseriam
1479 643 1597 672 reco-

121 699 306 756 gnoscit.
365 699 486 743 Dum
520 715 628 744 uero
658 701 762 744 hinc
791 700 1030 758 egreditur,
1060 700 1224 743 transit
1254 700 1312 743 ad
1343 702 1522 743 sextum
1552 702 1598 742 et

121 769 295 812 amissis
316 769 526 813 Palinuro
546 774 593 813 et
612 770 794 823 Miseno,
813 770 924 814 duce
944 771 1110 814 scilicet
1129 770 1301 828 nauigii
1327 769 1598 813 dormitante

123 841 169 882 et
197 840 423 883 temerarii
450 840 608 898 praelii
639 841 877 892 incentore,
908 855 1009 884 cum
1040 841 1131 883 iam
1163 839 1376 898 frigescat
1414 839 1599 883 affectus

122 908 328 966 uiresque
347 910 567 962 deficiant,
587 925 678 954 non
696 912 791 953 tam
811 913 1084 954 senectutem
1104 910 1243 953 sentit
1266 923 1400 967 quam
1424 909 1598 952 senium

66 993 107 1018 ιο
125 982 172 1023 et
200 980 328 1024 uelut
355 980 577 1039 quendam
607 981 865 1024 descensum
894 980 952 1023 ad
984 979 1165 1032 inferos,
1195 979 1274 1022 ubi
1309 979 1436 1036 quasi
1467 979 1599 1022 rebus
1617 979 1689 1019 818
1703 990 1734 1018 a

123 1050 346 1094 inutiliter
363 1051 502 1109 gestis
520 1051 661 1094 totius
680 1052 910 1093 anteactae
930 1050 1052 1093 uitae
1072 1052 1356 1107 recognoscat
1371 1063 1540 1092 errores
1555 1052 1601 1092 et

123 1120 267 1164 discat
289 1120 379 1164 alia
406 1121 483 1164 uia
511 1120 804 1164 incedendum
837 1135 930 1164 esse
962 1120 1033 1163 his
1065 1120 1142 1177 qui
1169 1119 1330 1163 uolunt
1359 1119 1417 1162 ad
1450 1119 1601 1162 dulces

125 1189 339 1234 Lauiniae
357 1191 613 1248 complexus
633 1193 679 1234 et
698 1189 837 1234 fatale
857 1204 1045 1247 regnum
1060 1189 1222 1233 Italiae
1236 1189 1363 1247 quasi
1384 1189 1442 1232 ad
1462 1204 1601 1246 quan-

125 1259 229 1303 dam
249 1275 395 1304 arcem
424 1259 717 1303 beatitudinis
735 1259 979 1318 peruenire.
1041 1259 1230 1303 Constat
1249 1259 1368 1302 enim
1388 1258 1509 1316 apud
1529 1273 1603 1302 eos

66 1342 108 1378 ¹5
127 1329 205 1387 qui
233 1333 429 1374 mentem
458 1330 719 1388 diligentius
748 1331 1087 1388 perscrutantur
1109 1332 1343 1372 auctorum
1372 1329 1603 1372 Maronem

125 1399 329 1458 geminae
358 1400 586 1444 doctrinae
614 1400 733 1444 uires
762 1400 1018 1451 declarasse,
1042 1399 1150 1442 dum
1170 1398 1374 1442 uanitate
1399 1398 1604 1456 figmenti

123 1470 286 1528 poetici
305 1470 633 1528 philosophicae
644 1470 830 1513 uirtutis
841 1469 1036 1513 inuoluit
1050 1469 1254 1513 archana.
1313 1468 1437 1512 Licet
1452 1471 1604 1511 autem

125 1539 181 1584 de
191 1539 338 1598 prima
351 1540 633 1598 corruptione
652 1539 903 1598 specialiter
922 1539 1092 1583 dictum
1112 1539 1185 1590 sit,
1204 1541 1352 1596 potest
1372 1541 1418 1582 et
1436 1538 1491 1581 de
1511 1538 1603 1581 sin-

126 1610 245 1668 gulis
270 1609 512 1654 manifesta
537 1610 710 1654 ratione
732 1609 973 1653 monstrari
1001 1609 1107 1667 quia
1132 1612 1296 1652 natura
1324 1608 1533 1652 hominis.
1547 1609 1606 1651 ab

68 1689 111 1713 ²0
127 1680 424 1724 adolescentia
442 1695 524 1724 sua
543 1695 684 1738 prona
704 1683 771 1723 est
786 1679 844 1722 ad
858 1679 1026 1722 malum
1042 1696 1053 1730 ;
1083 1682 1137 1722 ut
1157 1694 1214 1722 ex
1234 1693 1322 1736 quo
1342 1678 1482 1721 libero
1501 1678 1607 1721 licet

127 1751 333 1809 depresso
352 1753 546 1808 coeperit
564 1750 635 1793 uti
654 1750 852 1801 arbitrio,
867 1765 947 1807 per
966 1765 1012 1793 se
1031 1749 1163 1793 cadat
1183 1751 1341 1806 sponte
1360 1749 1408 1791 in
1427 1748 1605 1806 culpam

128 1824 175 1864 et
207 1821 313 1864 inde
346 1821 507 1863 merito
538 1835 619 1863 suo
653 1834 862 1877 praeceps
900 1819 1161 1877 prolabatur
1194 1819 1243 1861 in
1274 1833 1461 1876 penam;
1492 1818 1604 1876 erigi
1620 1819 1650 1858 b

128 1893 280 1934 tamen
294 1904 575 1947 nequaquam
590 1892 738 1947 potest
752 1889 809 1932 ad
824 1889 1003 1942 bonum,
1013 1889 1101 1932 nisi
1115 1889 1264 1947 gratia
1283 1887 1367 1930 Dei
1382 1890 1607 1944 supponat

129 1975 313 2003 manum
347 1974 485 2003 suam.
544 1959 659 2003 Lata
692 1962 760 2003 est
791 1974 897 2017 ergo
929 1959 1247 2016 Epicureorum
1286 1959 1363 2001 uia
1401 1960 1447 2001 et
1485 1957 1608 2000 haud

72 2037 114 2072 ²5
131 2030 315 2073 dubiam
341 2029 466 2074 ducit
492 2029 550 2072 ad
579 2032 784 2082 mortem,
802 2044 882 2087 per
910 2028 1108 2086 pericula
1132 2031 1296 2079 tamen,
1319 2042 1400 2085 per
1426 2041 1608 2079 errores,

131 2114 213 2158 per
233 2099 556 2143 amaritudines
582 2102 628 2142 et
653 2114 734 2157 per
759 2099 1035 2143 omnimodas
1061 2098 1297 2149 uanitates‚
1317 2100 1370 2140 ut
1393 2097 1534 2140 letum
1561 2100 1608 2139 et

133 2170 334 2227 quietum
353 2169 622 2226 tranquillae
641 2169 763 2212 uitae
793 2172 962 2212 statum
992 2169 1040 2210 in
1065 2182 1117 2211 ea
1140 2167 1291 2210 nullus
1311 2167 1514 2209 inueniat
1533 2166 1607 2208 uel

131 2239 190 2283 ad
209 2239 337 2282 illum
357 2239 539 2283 tandem
559 2253 611 2282 ea
630 2239 818 2282 ducente
837 2238 1081 2296 perueniat.
1141 2237 1273 2290 Nam,
1297 2239 1350 2280 ut
1374 2235 1607 2279 beatitudo

131 2309 423 2367 possideatur,
461 2323 552 2351 non
594 2308 724 2351 uanis
764 2308 840 2351 sed
880 2307 999 2351 ueris
1037 2307 1332 2350 insistendum
1365 2308 1434 2349 est
1467 2305 1606 2348 bonis.

73 2384 118 2418 30
133 2378 263 2422 Vana
282 2379 400 2422 enim
415 2379 629 2422 cultorem
645 2393 775 2421 suum
788 2378 1057 2436 proturbant
1071 2378 1119 2420 in
1134 2377 1341 2421 tenebras
1354 2376 1608 2426 exteriores,

136 2524 157 2550 2
182 2513 259 2550 imo
277 2512 302 2549 S
456 2523 491 2558 4,
511 2521 529 2559 5
556 2512 744 2550 solemnes
763 2512 818 2549 B:
843 2512 1072 2567 sollempnes
1088 2511 1170 2549 AS:
1197 2511 1371 2549 solennes
1388 2511 1429 2547 M
1586 2519 1605 2557 ς

134 2561 210 2607 his]
228 2560 277 2597 iis
293 2559 378 2596 BA:
403 2560 480 2596 hiis
498 2560 523 2597 S
682 2562 703 2597 8
728 2560 930 2598 temerario
948 2559 973 2597 S
1135 2571 1181 2597 10
1203 2559 1317 2596 uelud
1332 2558 1392 2595 AS
1565 2569 1580 2596 1

133 2608 272 2646 ithalie
286 2607 312 2644 S
457 2619 502 2654 23
528 2607 717 2655 subponat
734 2608 759 2645 S
889 2618 935 2653 24
961 2618 1232 2655 epycureorum
1250 2607 1278 2644 C
1373 2606 1469 2642 haut
1485 2605 1579 2643 CBA

188 2749 203 2776 1
234 2740 397 2784 Quinta:
420 2738 447 2776 i.
461 2751 496 2776 e.
513 2740 641 2775 uirilis
656 2743 765 2775 aetas.
966 2738 990 2774 6
1013 2743 1175 2774 sextum:
1200 2736 1268 2784 qui
1285 2738 1342 2773 est
1358 2737 1406 2774 de
1422 2743 1607 2775 senectute.

140 2788 186 2825 16
209 2788 373 2833 yeminae
389 2788 574 2823 doctrinae
590 2789 688 2823 etc.:
714 2799 748 2823 v.
764 2785 876 2823 Bern.
895 2785 1062 2822 Silvestr.
1080 2797 1141 2832 ap.
1154 2785 1296 2822 Cousin
1311 2784 1382 2821 loc.
1393 2783 1458 2821 cit.
1473 2796 1512 2831 p.
1528 2787 1611 2832 358.

140 2845 195 2881 19,
212 2845 260 2871 20
282 2835 581 2872 abadolmentia
598 2836 692 2871 etc:
716 2846 750 2872 v.
762 2834 832 2871 loc.
847 2845 961 2880 supra
977 2833 1041 2869 cit.
1059 2834 1126 2880 815
1142 2842 1176 2888 c:
1275 2842 1321 2877 24
1337 2834 1433 2869 Lata
1448 2834 1543 2870 eta:
1560 2833 1608 2870 cf.

138 2882 251 2920 Matt.
268 2882 332 2920 vii.
351 2893 406 2930 13.
504 2893 552 2929 30
574 2884 617 2919 in
633 2883 796 2918 tenebras
811 2884 904 2919 ete:
929 2894 961 2918 v.
979 2881 1092 2918 Matt.
1108 2879 1186 2917 viii.
1209 2890 1262 2926 12,
1276 2879 1367 2917 xxii.
1387 2890 1440 2927 13,
1455 2892 1539 2918 xxv.
1550 2891 1609 2928 30.

192 2954 274 2974 vn·
287 2954 310 2974 ιι
825 2942 854 2984 3
872 2943 906 2971 11
1431 2946 1499 2980 417
