1846 3262
89 250 164 291 701
183 240 213 281 b
564 237 829 283 IOANNIS
871 237 1393 282 SARESBERIENSIS
1515 236 1628 297 [ΜΒ.
1642 247 1714 281 vn

227 361 323 405 eius
355 364 401 405 et
433 364 569 419 caput
601 361 696 405 eius
727 360 870 404 nubes
899 359 1114 418 tetigerit,
1146 359 1273 417 quasi
1303 359 1635 417 sterquilinium
1666 358 1715 401 in

225 432 314 475 fine
344 432 569 490 perdetur.

481 569 590 628 Cap.
616 584 681 623 24.
727 570 794 614 De
825 570 1013 614 inuidis
1043 573 1083 614 et
1114 569 1453 614 detractoribus.

285 669 395 713 Ecce
418 684 552 727 quam
573 670 708 713 miser
728 672 797 713 est
811 669 914 713 finis
929 669 1237 727 ypocritarum
1260 669 1336 727 qui
1352 667 1495 728 (sacro
1518 670 1715 712 testante

182 751 207 781 c
225 738 416 797 eloquio)
437 739 683 797 perdentur
709 743 762 783 ut
790 740 1124 797 sterquilinium
1153 754 1240 797 quo
1267 739 1406 783 nichil
1433 738 1710 781 immundius
1735 752 1755 787 5

224 813 303 853 est.
361 809 548 853 Frustra
570 825 675 868 ergo
696 811 1023 854 affectauerunt
1043 810 1249 853 umbram
1270 809 1488 853 bonorum
1509 822 1715 866 operum;

223 896 341 932 nam,
371 880 409 924 si
439 881 558 924 bona
587 883 748 934 essent,
779 896 938 924 reuera
968 895 1251 938 nequaquam
1282 880 1588 938 perderentur.
1649 878 1713 922 Vt

222 951 442 995 desideria
481 952 629 995 carnis
669 951 919 1009 implerent,
956 966 1070 1008 quae
1110 950 1328 994 aduersus
1362 951 1571 1009 spiritum
1612 965 1714 995 con-

221 1022 422 1080 cupiscit,
446 1022 592 1066 multa
623 1022 937 1066 sustinuerunt
967 1022 1015 1064 in
1045 1021 1165 1065 fame
1196 1024 1242 1065 et
1272 1022 1361 1073 siti,
1388 1022 1438 1065 in
1468 1021 1636 1080 frigore
1667 1024 1714 1065 et

221 1093 429 1136 nuditate
450 1096 497 1136 et
516 1092 748 1144 similibus,
771 1092 934 1150 quibus
959 1092 1130 1137 Christi
1155 1092 1402 1150 pretiosum
1424 1093 1510 1136 emi
1532 1094 1710 1150 poterat
1736 1104 1777 1129 ¹0

221 1163 533 1220 margaritum.
595 1163 701 1206 Non
746 1163 865 1206 enim
911 1163 960 1205 in
1010 1163 1105 1206 sola
1148 1163 1438 1206 immunditia
1487 1162 1561 1206 uel
1605 1162 1714 1221 gula

221 1234 474 1277 consistunt
494 1249 628 1292 opera
649 1234 807 1286 carnis,
823 1249 924 1277 cum
945 1234 1189 1291 Apostolus
1210 1233 1268 1277 ad
1289 1234 1506 1277 Galathas
1526 1234 1712 1291 loquens

222 1319 275 1347 ea
295 1304 343 1347 in
371 1305 527 1348 multis
553 1305 680 1348 uitiis
707 1304 950 1348 manifesta
977 1320 1071 1348 esse
1095 1305 1346 1356 conuincat,
1366 1307 1419 1347 ut
1443 1307 1550 1348 sunt
1570 1304 1710 1348 forni-

221 1375 350 1427 catio,
378 1375 678 1426 immunditia,
708 1374 914 1426 auaritia,
944 1374 1238 1432 impudicitia,
1263 1374 1458 1426 luxuria,
1487 1374 1709 1418 idolorum

221 1445 428 1496 seruitus,
463 1445 689 1497 ueneficia‚
730 1445 1006 1497 inimicitiae,
1044 1445 1363 1497 contentiones,
1404 1445 1708 1497 emulationes,
1735 1458 1774 1493 15

221 1515 326 1567 irae,
347 1516 485 1569 rixae,
505 1516 814 1570 dissensiones,
836 1517 1024 1568 hereses,
1048 1519 1206 1568 sectae,
1228 1516 1436 1567 inuidiae,
1459 1516 1710 1568 homicidia,

222 1586 472 1637 ebrietates,
494 1587 870 1638 commesationes,
891 1590 938 1630 et
965 1586 1141 1639 similia,
1162 1602 1276 1644 quae
1304 1587 1381 1644 qui
1409 1587 1711 1640 committunt,

174 1653 204 1693 d
222 1671 410 1715 regnum
451 1657 537 1700 Dei
576 1673 667 1701 non
707 1657 1012 1715 possidebunt.
1072 1657 1179 1702 Siue
1220 1673 1326 1716 ergo
1367 1658 1425 1701 ad
1459 1659 1594 1702 finem
1627 1658 1710 1701 im-

221 1727 471 1771 munditiae
498 1730 544 1771 et
573 1727 780 1771 luxuriae
807 1728 902 1772 siue
930 1728 988 1771 ad
1016 1728 1165 1772 inanis
1189 1729 1358 1787 gloriae
1388 1728 1462 1772 uel
1492 1728 1709 1772 auaritiae

221 1797 393 1841 exitum
425 1813 560 1856 opera
586 1798 853 1850 referantur,
881 1798 988 1856 quia
1017 1798 1258 1856 priuantur
1284 1800 1374 1842 fine
1401 1814 1494 1850 suo,
1518 1802 1708 1843 mortem
1729 1811 1772 1835 20

219 1867 468 1912 incurrunt.
529 1868 658 1912 Vnde
689 1868 808 1912 idem
836 1868 1102 1926 Apostolus:
1133 1869 1238 1913 Non
1266 1869 1521 1922 efficiamur,
1544 1869 1706 1927 inquit,

220 1938 369 1981 inanis
402 1938 571 1996 gloriae
605 1938 770 1996 cupidi,
797 1938 991 1982 inuicem
1021 1942 1328 1997 prouocantes,
1359 1940 1552 1984 inuicem
1587 1941 1704 1984 inui-

221 2008 388 2052 dentes.
425 2009 543 2052 Sane
559 2009 685 2060 uitia,
701 2009 864 2066 quibus
881 2008 996 2052 falsa
1012 2009 1187 2053 iustitia
1200 2010 1451 2062 innotescit,
1464 2010 1709 2068 prudenter

220 2083 267 2122 et
300 2079 528 2137 eleganter
557 2079 789 2137 expressit,
820 2094 921 2123 cum
949 2080 1234 2138 arrogantiae
1264 2083 1415 2124 tumor
1444 2080 1576 2124 facile
1605 2095 1708 2139 pro-

220 2153 350 2193 uocet
369 2150 489 2193 unde
513 2150 599 2193 sibi
627 2150 863 2208 prouenire
890 2150 1128 2194 uictoriam
1155 2151 1378 2209 opinatur,
1403 2154 1450 2195 et
1475 2151 1593 2195 liuor
1619 2151 1709 2194 illis
1730 2165 1771 2199 25

220 2219 426 2263 inuideat
446 2235 556 2277 quos
576 2220 826 2278 superiores
846 2223 980 2278 putat
1000 2235 1094 2264 esse
1114 2221 1187 2264 uel
1207 2236 1348 2279 pares.
1409 2221 1508 2275 Quo
1528 2221 1710 2280 quidem

219 2290 359 2333 nichil
390 2291 654 2334 crediderim
682 2306 775 2334 esse
806 2291 1024 2342 miserius,
1052 2291 1157 2335 licet
1188 2292 1314 2335 nulla
1348 2292 1529 2336 miseria
1559 2292 1710 2336 minus

219 2364 400 2404 moueat
420 2361 769 2405 misericordiam
794 2361 859 2420 (et
882 2362 967 2406 hoc
989 2361 1125 2421 recte)
1147 2377 1282 2420 quam
1302 2362 1535 2407 calamitas
1555 2377 1709 2407 eorum

223 2488 259 2563 11:
262 2478 483 2572 ἷοὴίἷεὲἕτίᾑ
498 2478 533 2514 A
670 2487 712 2524 17
739 2477 1034 2516 comessationes
1051 2477 1081 2514 B
1098 2491 1107 2515 z
1133 2478 1467 2517 commessationes
1485 2478 1524 2517 S¹
1665 2489 1710 2527 19

219 2538 240 2564 e
293 2538 341 2563 ue

270 2640 288 2678 5
311 2634 514 2678 perdentur
528 2638 570 2668 ut
585 2633 882 2679 sterquilinium:
908 2644 944 2670 v.
963 2632 1032 2669 Iob
1048 2644 1110 2669 xx.
1131 2641 1166 2677 7.
1364 2634 1387 2670 8
1411 2634 1592 2670 desideria
1609 2635 1682 2670 etc.
1699 2645 1709 2669 ε

219 2692 253 2715 v.
271 2679 352 2717 Gal.
371 2692 405 2716 v.
429 2682 483 2725 16,
505 2689 558 2726 17.
657 2691 680 2726 9
705 2682 864 2727 infame
881 2683 978 2718 ctc.:
1003 2694 1035 2718 v.
1055 2691 1076 2717 2
1095 2680 1179 2719 Cor.
1197 2680 1248 2718 xi.
1267 2689 1325 2726 27.
1445 2692 1488 2717 10
1505 2683 1709 2727 pretiosum

220 2730 294 2764 etc.
312 2742 320 2764 :
346 2740 378 2764 v.
398 2728 511 2765 Matt.
530 2727 614 2766 xiii.
633 2730 691 2772 46.
808 2739 850 2775 13
877 2731 1073 2774 manifesta
1090 2731 1163 2766 etc.
1179 2742 1187 2765 τ
1212 2741 1245 2765 v.
1263 2728 1346 2765 Gal.
1363 2741 1399 2766 v.
1422 2739 1548 2774 19-21.
1666 2739 1708 2774 14

220 2778 409 2812 auaritia:
434 2776 476 2812 in
501 2776 613 2824 Vulg.
641 2776 758 2813 deest.
956 2779 999 2814 16
1022 2778 1170 2822 hereses,
1199 2782 1331 2813 sectae:
1369 2776 1512 2823 duplex
1538 2775 1708 2814 eiusdem

219 2824 392 2860 vocabuli
413 2823 557 2868 Graeci,
576 2825 727 2872 αἱρέσεις
743 2823 898 2868 scilicet,
918 2824 1190 2872 interpretatio
1204 2837 1214 2868 ;
1241 2824 1289 2861 cf.
1303 2824 1402 2871 Aug.
1419 2827 1462 2861 de
1474 2827 1586 2861 Serm.
1602 2826 1707 2860 Dom.

217 2870 257 2907 ii.
275 2873 318 2956 8&
341 2872 489 2918 (Migne
513 2875 555 2910 P.
575 2874 619 2909 L.
645 2872 772 2909 xxxiv.
803 2873 922 2920 1306).
1104 2884 1146 2910 21
1174 2874 1260 2910 Non
1277 2875 1482 2920 efficiamur
1498 2874 1593 2910 etc.:
1619 2871 1704 2909 Gal.

219 2931 253 2956 v.
272 2929 293 2955 2
319 2947 329 2956 .

331 3000 396 3024 210
