<?xml version="1.0" encoding="UTF-8"?>
<!DOCTYPE html PUBLIC "-//W3C//DTD XHTML 1.0 Transitional//EN"
    "http://www.w3.org/TR/xhtml1/DTD/xhtml1-transitional.dtd">
<html xmlns="http://www.w3.org/1999/xhtml" xml:lang="en" lang="en">
 <head>
  <title>
</title>
<meta http-equiv="Content-Type" content="text/html;charset=utf-8" />
  <meta name='ocr-system' content='tesseract 3.04.00' />
  <meta name='ocr-capabilities' content='ocr_page ocr_carea ocr_par ocr_line ocrx_word'/>
</head>
<body>
  <div class='ocr_page' id='page_1' title='image "./ioannissaresberi02johnuoft_0175.png"; bbox 0 0 1846 3262; ppageno 0'>
   <div class='ocr_carea' id='block_1_1' title="bbox 157 226 1799 289">
    <p class='ocr_par' dir='ltr' id='par_1_1' title="bbox 157 226 1799 289">
     <span class='ocr_line' id='line_1_1' title="bbox 157 226 1799 289; baseline -0.001 -15"><span class='ocrx_word' id='word_1_1' title='bbox 157 239 260 274; x_wconf 62' lang='lat' dir='ltr'>car.</span> <span class='ocrx_word' id='word_1_2' title='bbox 273 226 400 289; x_wconf 79' lang='lat' dir='ltr'>xvn]</span> <span class='ocrx_word' id='word_1_3' title='bbox 682 227 1091 275; x_wconf 85' lang='lat' dir='ltr'>POLICRATICV</span> <span class='ocrx_word' id='word_1_4' title='bbox 1093 228 1127 274; x_wconf 87' lang='lat' dir='ltr'>S</span> <span class='ocrx_word' id='word_1_5' title='bbox 1669 231 1755 281; x_wconf 84' lang='lat'>676</span> <span class='ocrx_word' id='word_1_6' title='bbox 1774 241 1799 272; x_wconf 86' lang='lat' dir='ltr'>c</span> 
     </span>
    </p>
   </div>
   <div class='ocr_carea' id='block_1_2' title="bbox 90 348 1794 2178">
    <p class='ocr_par' dir='ltr' id='par_1_2' title="bbox 90 348 1794 2178">
     <span class='ocr_line' id='line_1_2' title="bbox 153 348 1646 409; baseline 0 -15"><span class='ocrx_word' id='word_1_7' title='bbox 153 353 202 395; x_wconf 87' lang='lat' dir='ltr'>et</span> <span class='ocrx_word' id='word_1_8' title='bbox 219 351 318 409; x_wconf 65' lang='lat' dir='ltr'>ipm</span> <span class='ocrx_word' id='word_1_9' title='bbox 337 349 572 409; x_wconf 76' lang='lat' dir='ltr'>occupanti</span> <span class='ocrx_word' id='word_1_10' title='bbox 600 351 859 395; x_wconf 74' lang='lat' dir='ltr'>conceditur</span> <span class='ocrx_word' id='word_1_11' title='bbox 878 366 929 395; x_wconf 92' lang='lat' dir='ltr'>eo</span> <span class='ocrx_word' id='word_1_12' title='bbox 950 350 1069 395; x_wconf 86' lang='lat' dir='ltr'>forte</span> <span class='ocrx_word' id='word_1_13' title='bbox 1096 349 1215 409; x_wconf 90' lang='lat' dir='ltr'>quod</span> <span class='ocrx_word' id='word_1_14' title='bbox 1242 348 1291 394; x_wconf 91' lang='lat' dir='ltr'>in</span> <span class='ocrx_word' id='word_1_15' title='bbox 1321 349 1491 394; x_wconf 86' lang='lat' dir='ltr'>nullius</span> <span class='ocrx_word' id='word_1_16' title='bbox 1515 349 1646 394; x_wconf 88' lang='lat' dir='ltr'>bonis</span> 
     </span>
     <span class='ocr_line' id='line_1_3' title="bbox 153 420 1647 479; baseline -0.001 -14"><span class='ocrx_word' id='word_1_17' title='bbox 153 424 236 466; x_wconf 87' lang='lat' dir='ltr'>est.</span> <span class='ocrx_word' id='word_1_18' title='bbox 308 421 413 465; x_wconf 92' lang='lat' dir='ltr'>Non</span> <span class='ocrx_word' id='word_1_19' title='bbox 440 425 509 465; x_wconf 91' lang='lat' dir='ltr'>est</span> <span class='ocrx_word' id='word_1_20' title='bbox 536 421 654 465; x_wconf 90' lang='lat' dir='ltr'>enim</span> <span class='ocrx_word' id='word_1_21' title='bbox 683 422 896 465; x_wconf 87' lang='lat' dir='ltr'>inuentus</span> <span class='ocrx_word' id='word_1_22' title='bbox 926 421 1014 465; x_wconf 91' lang='lat' dir='ltr'>nisi</span> <span class='ocrx_word' id='word_1_23' title='bbox 1041 436 1251 479; x_wconf 84' lang='lat' dir='ltr'>perrarus</span> <span class='ocrx_word' id='word_1_24' title='bbox 1277 420 1355 479; x_wconf 92' lang='lat' dir='ltr'>qui</span> <span class='ocrx_word' id='word_1_25' title='bbox 1383 421 1647 479; x_wconf 76' lang='lat' dir='ltr'>accingatur</span> 
     </span>
     <span class='ocr_line' id='line_1_4' title="bbox 152 491 1647 550; baseline 0.001 -16"><span class='ocrx_word' id='word_1_26' title='bbox 152 491 304 550; x_wconf 83' lang='lat' dir='ltr'>gladio</span> <span class='ocrx_word' id='word_1_27' title='bbox 338 506 474 549; x_wconf 89' lang='lat' dir='ltr'>super</span> <span class='ocrx_word' id='word_1_28' title='bbox 504 491 654 535; x_wconf 79' lang='lat' dir='ltr'>femur</span> <span class='ocrx_word' id='word_1_29' title='bbox 687 507 819 535; x_wconf 90' lang='lat' dir='ltr'>suum</span> <span class='ocrx_word' id='word_1_30' title='bbox 852 492 910 535; x_wconf 85' lang='lat' dir='ltr'>ad</span> <span class='ocrx_word' id='word_1_31' title='bbox 944 491 1353 550; x_wconf 74' lang='lat' dir='ltr'>praesumptionem</span> <span class='ocrx_word' id='word_1_32' title='bbox 1384 491 1647 535; x_wconf 75' lang='lat' dir='ltr'>ambitionis</span> 
     </span>
     <span class='ocr_line' id='line_1_5' title="bbox 153 561 1647 620; baseline 0.001 -16"><span class='ocrx_word' id='word_1_33' title='bbox 153 562 495 619; x_wconf 85' lang='lat' dir='ltr'>reprimendam.</span> <span class='ocrx_word' id='word_1_34' title='bbox 553 561 642 605; x_wconf 83' lang='lat' dir='ltr'>Illa</span> <span class='ocrx_word' id='word_1_35' title='bbox 661 577 854 619; x_wconf 87' lang='lat' dir='ltr'>namque</span> <span class='ocrx_word' id='word_1_36' title='bbox 874 562 1105 606; x_wconf 86' lang='lat' dir='ltr'>machinas</span> <span class='ocrx_word' id='word_1_37' title='bbox 1132 562 1403 620; x_wconf 80' lang='lat' dir='ltr'>multiplices</span> <span class='ocrx_word' id='word_1_38' title='bbox 1424 562 1571 620; x_wconf 86' lang='lat' dir='ltr'>erigit,</span> <span class='ocrx_word' id='word_1_39' title='bbox 1591 565 1647 605; x_wconf 87' lang='lat' dir='ltr'>ut</span> 
     </span>
     <span class='ocr_line' id='line_1_6' title="bbox 114 631 1648 690; baseline 0 -15"><span class='ocrx_word' id='word_1_40' title='bbox 114 649 134 684; x_wconf 79' lang='lat'><strong>5</strong></span> <span class='ocrx_word' id='word_1_41' title='bbox 154 646 251 675; x_wconf 82' lang='lat' dir='ltr'>eam</span> <span class='ocrx_word' id='word_1_42' title='bbox 271 635 502 690; x_wconf 87' lang='lat' dir='ltr'>expugnet</span> <span class='ocrx_word' id='word_1_43' title='bbox 521 632 699 675; x_wconf 92' lang='lat' dir='ltr'>nemine</span> <span class='ocrx_word' id='word_1_44' title='bbox 714 632 995 677; x_wconf 87' lang='lat' dir='ltr'>defendente.</span> <span class='ocrx_word' id='word_1_45' title='bbox 1057 632 1187 675; x_wconf 90' lang='lat' dir='ltr'>Alius</span> <span class='ocrx_word' id='word_1_46' title='bbox 1202 632 1322 676; x_wconf 90' lang='lat' dir='ltr'>enim</span> <span class='ocrx_word' id='word_1_47' title='bbox 1338 632 1394 675; x_wconf 91' lang='lat' dir='ltr'>de</span> <span class='ocrx_word' id='word_1_48' title='bbox 1409 631 1648 675; x_wconf 82' lang='lat' dir='ltr'>nobilitate</span> 
     </span>
     <span class='ocr_line' id='line_1_7' title="bbox 151 702 1647 760; baseline -0.001 -14"><span class='ocrx_word' id='word_1_49' title='bbox 151 702 346 746; x_wconf 86' lang='lat' dir='ltr'>confisus</span> <span class='ocrx_word' id='word_1_50' title='bbox 365 706 447 746; x_wconf 86' lang='lat' dir='ltr'>aut</span> <span class='ocrx_word' id='word_1_51' title='bbox 466 702 640 746; x_wconf 82' lang='lat' dir='ltr'>uiribus</span> <span class='ocrx_word' id='word_1_52' title='bbox 654 706 930 760; x_wconf 83' lang='lat' dir='ltr'>potestatum</span> <span class='ocrx_word' id='word_1_53' title='bbox 946 702 1167 746; x_wconf 89' lang='lat' dir='ltr'>uiolenter</span> <span class='ocrx_word' id='word_1_54' title='bbox 1186 703 1235 745; x_wconf 92' lang='lat' dir='ltr'>in</span> <span class='ocrx_word' id='word_1_55' title='bbox 1255 705 1412 746; x_wconf 83' lang='lat' dir='ltr'>sancta</span> <span class='ocrx_word' id='word_1_56' title='bbox 1430 702 1567 745; x_wconf 87' lang='lat' dir='ltr'>irruit</span> <span class='ocrx_word' id='word_1_57' title='bbox 1587 704 1647 755; x_wconf 91' lang='lat' dir='ltr'>et,</span> 
     </span>
     <span class='ocr_line' id='line_1_8' title="bbox 152 772 1647 831; baseline 0 -15"><span class='ocrx_word' id='word_1_58' title='bbox 152 773 192 817; x_wconf 87' lang='lat' dir='ltr'>si</span> <span class='ocrx_word' id='word_1_59' title='bbox 224 772 343 816; x_wconf 88' lang='lat' dir='ltr'>forte</span> <span class='ocrx_word' id='word_1_60' title='bbox 374 773 526 830; x_wconf 87' lang='lat' dir='ltr'>pulsat</span> <span class='ocrx_word' id='word_1_61' title='bbox 558 773 616 816; x_wconf 91' lang='lat' dir='ltr'>ad</span> <span class='ocrx_word' id='word_1_62' title='bbox 646 773 856 824; x_wconf 87' lang='lat' dir='ltr'>hostium,</span> <span class='ocrx_word' id='word_1_63' title='bbox 880 774 1098 831; x_wconf 88' lang='lat' dir='ltr'>parietem</span> <span class='ocrx_word' id='word_1_64' title='bbox 1128 776 1210 817; x_wconf 89' lang='lat' dir='ltr'>aut</span> <span class='ocrx_word' id='word_1_65' title='bbox 1239 773 1398 816; x_wconf 84' lang='lat' dir='ltr'>limina</span> <span class='ocrx_word' id='word_1_66' title='bbox 1427 772 1647 816; x_wconf 85' lang='lat' dir='ltr'>suffodere</span> 
     </span>
     <span class='ocr_line' id='line_1_9' title="bbox 151 843 1694 900; baseline 0.001 -15"><span class='ocrx_word' id='word_1_67' title='bbox 151 857 245 886; x_wconf 90' lang='lat' dir='ltr'>non</span> <span class='ocrx_word' id='word_1_68' title='bbox 271 846 466 887; x_wconf 89' lang='lat' dir='ltr'>ueretur.</span> <span class='ocrx_word' id='word_1_69' title='bbox 527 843 648 886; x_wconf 89' lang='lat' dir='ltr'>Nam</span> <span class='ocrx_word' id='word_1_70' title='bbox 678 846 725 886; x_wconf 90' lang='lat' dir='ltr'>et</span> <span class='ocrx_word' id='word_1_71' title='bbox 751 843 1016 887; x_wconf 78' lang='lat' dir='ltr'>seditionem</span> <span class='ocrx_word' id='word_1_72' title='bbox 1047 843 1292 887; x_wconf 88' lang='lat' dir='ltr'>concitabit</span> <span class='ocrx_word' id='word_1_73' title='bbox 1318 843 1367 886; x_wconf 92' lang='lat' dir='ltr'>in</span> <span class='ocrx_word' id='word_1_74' title='bbox 1388 843 1577 900; x_wconf 87' lang='lat' dir='ltr'>Moysen</span> <span class='ocrx_word' id='word_1_75' title='bbox 1598 845 1645 887; x_wconf 89' lang='lat' dir='ltr'>et</span> <span class='ocrx_word' id='word_1_76' title='bbox 1662 845 1694 887; x_wconf 89' lang='lat' dir='ltr'>d</span> 
     </span>
     <span class='ocr_line' id='line_1_10' title="bbox 153 913 1647 972; baseline -0.001 -15"><span class='ocrx_word' id='word_1_77' title='bbox 153 913 350 957; x_wconf 77' lang='lat' dir='ltr'>alienum</span> <span class='ocrx_word' id='word_1_78' title='bbox 370 913 520 972; x_wconf 89' lang='lat' dir='ltr'>ignem</span> <span class='ocrx_word' id='word_1_79' title='bbox 544 913 592 956; x_wconf 93' lang='lat' dir='ltr'>in</span> <span class='ocrx_word' id='word_1_80' title='bbox 623 913 842 971; x_wconf 90' lang='lat' dir='ltr'>templum</span> <span class='ocrx_word' id='word_1_81' title='bbox 872 913 1039 957; x_wconf 89' lang='lat' dir='ltr'>inferet</span> <span class='ocrx_word' id='word_1_82' title='bbox 1063 918 1110 956; x_wconf 87' lang='lat' dir='ltr'>et</span> <span class='ocrx_word' id='word_1_83' title='bbox 1134 928 1246 957; x_wconf 88' lang='lat' dir='ltr'>uasa</span> <span class='ocrx_word' id='word_1_84' title='bbox 1275 913 1521 957; x_wconf 87' lang='lat' dir='ltr'>sanctuarii</span> <span class='ocrx_word' id='word_1_85' title='bbox 1541 927 1647 956; x_wconf 92' lang='lat' dir='ltr'>con-</span> 
     </span>
     <span class='ocr_line' id='line_1_11' title="bbox 94 983 1647 1041; baseline 0 -14"><span class='ocrx_word' id='word_1_86' title='bbox 94 996 138 1022; x_wconf 78' lang='grc' dir='ltr'>ιο</span> <span class='ocrx_word' id='word_1_87' title='bbox 153 983 406 1027; x_wconf 81' lang='lat' dir='ltr'>taminabit.</span> <span class='ocrx_word' id='word_1_88' title='bbox 451 983 592 1034; x_wconf 89' lang='lat' dir='ltr'>Alius,</span> <span class='ocrx_word' id='word_1_89' title='bbox 606 998 791 1041; x_wconf 87' lang='lat' dir='ltr'>sperans</span> <span class='ocrx_word' id='word_1_90' title='bbox 803 983 851 1026; x_wconf 93' lang='lat' dir='ltr'>in</span> <span class='ocrx_word' id='word_1_91' title='bbox 864 983 1157 1027; x_wconf 88' lang='lat' dir='ltr'>multitudine</span> <span class='ocrx_word' id='word_1_92' title='bbox 1170 984 1447 1035; x_wconf 88' lang='lat' dir='ltr'>diuitiarum,</span> <span class='ocrx_word' id='word_1_93' title='bbox 1462 983 1647 1028; x_wconf 87' lang='lat' dir='ltr'>Simone</span> 
     </span>
     <span class='ocr_line' id='line_1_12' title="bbox 152 1053 1646 1111; baseline 0 -15"><span class='ocrx_word' id='word_1_94' title='bbox 152 1053 343 1097; x_wconf 88' lang='lat' dir='ltr'>ducente</span> <span class='ocrx_word' id='word_1_95' title='bbox 363 1053 629 1111; x_wconf 88' lang='lat' dir='ltr'>ingreditur,</span> <span class='ocrx_word' id='word_1_96' title='bbox 650 1068 740 1096; x_wconf 92' lang='lat' dir='ltr'>non</span> <span class='ocrx_word' id='word_1_97' title='bbox 761 1053 996 1097; x_wconf 87' lang='lat' dir='ltr'>inueniens</span> <span class='ocrx_word' id='word_1_98' title='bbox 1021 1053 1085 1096; x_wconf 92' lang='lat' dir='ltr'>ibi</span> <span class='ocrx_word' id='word_1_99' title='bbox 1110 1053 1189 1111; x_wconf 92' lang='lat' dir='ltr'>qui</span> <span class='ocrx_word' id='word_1_100' title='bbox 1216 1068 1320 1097; x_wconf 90' lang='lat' dir='ltr'>eum</span> <span class='ocrx_word' id='word_1_101' title='bbox 1340 1056 1387 1097; x_wconf 87' lang='lat' dir='ltr'>et</span> <span class='ocrx_word' id='word_1_102' title='bbox 1406 1053 1646 1111; x_wconf 88' lang='lat' dir='ltr'>pecuniam</span> 
     </span>
     <span class='ocr_line' id='line_1_13' title="bbox 150 1123 1646 1181; baseline 0.001 -15"><span class='ocrx_word' id='word_1_103' title='bbox 150 1137 280 1166; x_wconf 79' lang='lat' dir='ltr'>suam</span> <span class='ocrx_word' id='word_1_104' title='bbox 308 1123 375 1166; x_wconf 92' lang='lat' dir='ltr'>ire</span> <span class='ocrx_word' id='word_1_105' title='bbox 404 1123 559 1166; x_wconf 87' lang='lat' dir='ltr'>iubeat</span> <span class='ocrx_word' id='word_1_106' title='bbox 588 1123 636 1166; x_wconf 92' lang='lat' dir='ltr'>in</span> <span class='ocrx_word' id='word_1_107' title='bbox 666 1123 976 1181; x_wconf 86' lang='lat' dir='ltr'>perditionem.</span> <span class='ocrx_word' id='word_1_108' title='bbox 1044 1123 1176 1167; x_wconf 80' lang='lat' dir='ltr'>Alius</span> <span class='ocrx_word' id='word_1_109' title='bbox 1206 1123 1256 1166; x_wconf 93' lang='lat' dir='ltr'>in</span> <span class='ocrx_word' id='word_1_110' title='bbox 1290 1123 1552 1166; x_wconf 89' lang='lat' dir='ltr'>muneribus</span> <span class='ocrx_word' id='word_1_111' title='bbox 1586 1123 1646 1167; x_wconf 77' lang='lat' dir='ltr'>ad</span> 
     </span>
     <span class='ocr_line' id='line_1_14' title="bbox 150 1192 1646 1251; baseline 0 -15"><span class='ocrx_word' id='word_1_112' title='bbox 150 1192 337 1237; x_wconf 86' lang='lat' dir='ltr'>Petrum</span> <span class='ocrx_word' id='word_1_113' title='bbox 351 1192 618 1237; x_wconf 78' lang='lat' dir='ltr'>reformidat</span> <span class='ocrx_word' id='word_1_114' title='bbox 631 1193 838 1237; x_wconf 83' lang='lat' dir='ltr'>accedere</span> <span class='ocrx_word' id='word_1_115' title='bbox 852 1208 861 1245; x_wconf 94' lang='grc'>;</span> <span class='ocrx_word' id='word_1_116' title='bbox 890 1193 1092 1237; x_wconf 90' lang='lat' dir='ltr'>clanculo</span> <span class='ocrx_word' id='word_1_117' title='bbox 1108 1196 1260 1237; x_wconf 85' lang='lat' dir='ltr'>tamen</span> <span class='ocrx_word' id='word_1_118' title='bbox 1276 1208 1358 1251; x_wconf 90' lang='lat' dir='ltr'>per</span> <span class='ocrx_word' id='word_1_119' title='bbox 1372 1193 1646 1251; x_wconf 86' lang='lat' dir='ltr'>impluuium</span> 
     </span>
     <span class='ocr_line' id='line_1_15' title="bbox 150 1263 1645 1322; baseline 0 -16"><span class='ocrx_word' id='word_1_120' title='bbox 150 1263 252 1306; x_wconf 78' lang='lat' dir='ltr'>auri</span> <span class='ocrx_word' id='word_1_121' title='bbox 273 1278 325 1308; x_wconf 77' lang='lat' dir='ltr'>ac</span> <span class='ocrx_word' id='word_1_122' title='bbox 348 1263 388 1307; x_wconf 89' lang='lat' dir='ltr'>si</span> <span class='ocrx_word' id='word_1_123' title='bbox 413 1278 496 1321; x_wconf 89' lang='lat' dir='ltr'>per</span> <span class='ocrx_word' id='word_1_124' title='bbox 518 1263 695 1321; x_wconf 83' lang='lat' dir='ltr'>tegulas</span> <span class='ocrx_word' id='word_1_125' title='bbox 716 1263 892 1322; x_wconf 89' lang='lat' dir='ltr'>Iupiter</span> <span class='ocrx_word' id='word_1_126' title='bbox 918 1263 1135 1307; x_wconf 77' lang='lat' dir='ltr'>illabatur</span> <span class='ocrx_word' id='word_1_127' title='bbox 1159 1264 1209 1306; x_wconf 92' lang='lat' dir='ltr'>in</span> <span class='ocrx_word' id='word_1_128' title='bbox 1237 1263 1460 1322; x_wconf 89' lang='lat' dir='ltr'>gremium</span> <span class='ocrx_word' id='word_1_129' title='bbox 1481 1263 1645 1316; x_wconf 88' lang='lat' dir='ltr'>Danes,</span> 
     </span>
     <span class='ocr_line' id='line_1_16' title="bbox 91 1333 1646 1392; baseline -0.001 -13"><span class='ocrx_word' id='word_1_130' title='bbox 91 1350 135 1387; x_wconf 78' lang='lat'>¹5</span> <span class='ocrx_word' id='word_1_131' title='bbox 151 1333 216 1377; x_wconf 86' lang='lat' dir='ltr'>sic</span> <span class='ocrx_word' id='word_1_132' title='bbox 249 1333 298 1376; x_wconf 91' lang='lat' dir='ltr'>in</span> <span class='ocrx_word' id='word_1_133' title='bbox 329 1333 479 1377; x_wconf 88' lang='lat' dir='ltr'>sinum</span> <span class='ocrx_word' id='word_1_134' title='bbox 512 1333 734 1378; x_wconf 84' lang='lat' dir='ltr'>Ecclesiae</span> <span class='ocrx_word' id='word_1_135' title='bbox 768 1348 930 1392; x_wconf 90' lang='lat' dir='ltr'>procus</span> <span class='ocrx_word' id='word_1_136' title='bbox 964 1333 1195 1377; x_wconf 88' lang='lat' dir='ltr'>descendit</span> <span class='ocrx_word' id='word_1_137' title='bbox 1233 1333 1441 1378; x_wconf 86' lang='lat' dir='ltr'>incestus.</span> <span class='ocrx_word' id='word_1_138' title='bbox 1513 1333 1646 1378; x_wconf 89' lang='lat' dir='ltr'>Alius</span> 
     </span>
     <span class='ocr_line' id='line_1_17' title="bbox 150 1402 1646 1462; baseline -0.001 -15"><span class='ocrx_word' id='word_1_139' title='bbox 150 1402 363 1461; x_wconf 85' lang='lat' dir='ltr'>obsequio</span> <span class='ocrx_word' id='word_1_140' title='bbox 395 1403 524 1461; x_wconf 83' lang='lat' dir='ltr'>quasi</span> <span class='ocrx_word' id='word_1_141' title='bbox 557 1404 757 1448; x_wconf 89' lang='lat' dir='ltr'>muneris</span> <span class='ocrx_word' id='word_1_142' title='bbox 787 1404 973 1462; x_wconf 87' lang='lat' dir='ltr'>ignarus</span> <span class='ocrx_word' id='word_1_143' title='bbox 999 1403 1138 1455; x_wconf 84' lang='lat' dir='ltr'>adest,</span> <span class='ocrx_word' id='word_1_144' title='bbox 1164 1418 1215 1448; x_wconf 82' lang='lat' dir='ltr'>ac</span> <span class='ocrx_word' id='word_1_145' title='bbox 1244 1403 1283 1447; x_wconf 92' lang='lat' dir='ltr'>si</span> <span class='ocrx_word' id='word_1_146' title='bbox 1308 1403 1523 1461; x_wconf 85' lang='lat' dir='ltr'>obsequia</span> <span class='ocrx_word' id='word_1_147' title='bbox 1553 1418 1646 1447; x_wconf 91' lang='lat' dir='ltr'>non</span> 
     </span>
     <span class='ocr_line' id='line_1_18' title="bbox 150 1473 1646 1532; baseline 0 -15"><span class='ocrx_word' id='word_1_148' title='bbox 150 1473 314 1518; x_wconf 78' lang='lat' dir='ltr'>cedant</span> <span class='ocrx_word' id='word_1_149' title='bbox 346 1473 396 1517; x_wconf 89' lang='lat' dir='ltr'>in</span> <span class='ocrx_word' id='word_1_150' title='bbox 427 1474 627 1518; x_wconf 85' lang='lat' dir='ltr'>muneris</span> <span class='ocrx_word' id='word_1_151' title='bbox 658 1474 906 1528; x_wconf 83' lang='lat' dir='ltr'>rationem3</span> <span class='ocrx_word' id='word_1_152' title='bbox 949 1473 1153 1532; x_wconf 83' lang='lat' dir='ltr'>profecto</span> <span class='ocrx_word' id='word_1_153' title='bbox 1184 1474 1362 1517; x_wconf 88' lang='lat' dir='ltr'>nullum</span> <span class='ocrx_word' id='word_1_154' title='bbox 1394 1474 1540 1517; x_wconf 87' lang='lat' dir='ltr'>maius</span> <span class='ocrx_word' id='word_1_155' title='bbox 1575 1477 1646 1517; x_wconf 87' lang='lat' dir='ltr'>est</span> 
     </span>
     <span class='ocr_line' id='line_1_19' title="bbox 150 1543 1646 1602; baseline 0.001 -16"><span class='ocrx_word' id='word_1_156' title='bbox 150 1557 317 1587; x_wconf 86' lang='lat' dir='ltr'>munus</span> <span class='ocrx_word' id='word_1_157' title='bbox 337 1558 473 1602; x_wconf 87' lang='lat' dir='ltr'>quam</span> <span class='ocrx_word' id='word_1_158' title='bbox 496 1559 598 1588; x_wconf 91' lang='lat' dir='ltr'>cum</span> <span class='ocrx_word' id='word_1_159' title='bbox 618 1544 752 1588; x_wconf 92' lang='lat' dir='ltr'>homo</span> <span class='ocrx_word' id='word_1_160' title='bbox 772 1544 969 1602; x_wconf 86' lang='lat' dir='ltr'>seipsum</span> <span class='ocrx_word' id='word_1_161' title='bbox 989 1544 1185 1588; x_wconf 89' lang='lat' dir='ltr'>hominis</span> <span class='ocrx_word' id='word_1_162' title='bbox 1204 1544 1400 1588; x_wconf 91' lang='lat' dir='ltr'>deuouet</span> <span class='ocrx_word' id='word_1_163' title='bbox 1419 1543 1646 1587; x_wconf 87' lang='lat' dir='ltr'>seruituti.</span> 
     </span>
     <span class='ocr_line' id='line_1_20' title="bbox 151 1613 1645 1672; baseline 0.001 -15"><span class='ocrx_word' id='word_1_164' title='bbox 151 1613 309 1658; x_wconf 89' lang='lat' dir='ltr'>Alium</span> <span class='ocrx_word' id='word_1_165' title='bbox 346 1614 589 1658; x_wconf 87' lang='lat' dir='ltr'>collusione</span> <span class='ocrx_word' id='word_1_166' title='bbox 629 1614 824 1672; x_wconf 78' lang='lat' dir='ltr'>quadam</span> <span class='ocrx_word' id='word_1_167' title='bbox 863 1615 1068 1659; x_wconf 86' lang='lat' dir='ltr'>uocantis</span> <span class='ocrx_word' id='word_1_168' title='bbox 1101 1614 1350 1658; x_wconf 85' lang='lat' dir='ltr'>liberalitas</span> <span class='ocrx_word' id='word_1_169' title='bbox 1381 1614 1645 1672; x_wconf 88' lang='lat' dir='ltr'>praeuenit;</span> 
     </span>
     <span class='ocr_line' id='line_1_21' title="bbox 90 1684 1646 1744; baseline -0.001 -16"><span class='ocrx_word' id='word_1_170' title='bbox 90 1702 138 1728; x_wconf 78' lang='lat' dir='ltr'>ao</span> <span class='ocrx_word' id='word_1_171' title='bbox 152 1684 232 1728; x_wconf 85' lang='lat' dir='ltr'>sed</span> <span class='ocrx_word' id='word_1_172' title='bbox 251 1685 536 1743; x_wconf 89' lang='lat' dir='ltr'>postmodum</span> <span class='ocrx_word' id='word_1_173' title='bbox 556 1685 764 1729; x_wconf 84' lang='lat' dir='ltr'>collatam</span> <span class='ocrx_word' id='word_1_174' title='bbox 784 1685 979 1744; x_wconf 81' lang='lat' dir='ltr'>gratiam</span> <span class='ocrx_word' id='word_1_175' title='bbox 999 1700 1081 1729; x_wconf 90' lang='lat' dir='ltr'>suo</span> <span class='ocrx_word' id='word_1_176' title='bbox 1096 1685 1222 1728; x_wconf 86' lang='lat' dir='ltr'>Giezi</span> <span class='ocrx_word' id='word_1_177' title='bbox 1241 1685 1419 1743; x_wconf 89' lang='lat' dir='ltr'>plenius</span> <span class='ocrx_word' id='word_1_178' title='bbox 1438 1699 1646 1742; x_wconf 90' lang='lat' dir='ltr'>compen-</span> 
     </span>
     <span class='ocr_line' id='line_1_22' title="bbox 152 1755 1794 1814; baseline 0.001 -16"><span class='ocrx_word' id='word_1_179' title='bbox 152 1755 283 1798; x_wconf 82' lang='lat' dir='ltr'>sabit.</span> <span class='ocrx_word' id='word_1_180' title='bbox 342 1755 474 1799; x_wconf 90' lang='lat' dir='ltr'>Alius</span> <span class='ocrx_word' id='word_1_181' title='bbox 493 1756 591 1814; x_wconf 85' lang='lat' dir='ltr'>agit</span> <span class='ocrx_word' id='word_1_182' title='bbox 610 1771 667 1799; x_wconf 92' lang='lat' dir='ltr'>ne</span> <span class='ocrx_word' id='word_1_183' title='bbox 687 1756 836 1814; x_wconf 92' lang='lat' dir='ltr'>ipsum</span> <span class='ocrx_word' id='word_1_184' title='bbox 859 1756 1039 1814; x_wconf 87' lang='lat' dir='ltr'>pulsare</span> <span class='ocrx_word' id='word_1_185' title='bbox 1059 1759 1277 1814; x_wconf 87' lang='lat' dir='ltr'>oporteat,</span> <span class='ocrx_word' id='word_1_186' title='bbox 1299 1755 1378 1799; x_wconf 87' lang='lat' dir='ltr'>sed</span> <span class='ocrx_word' id='word_1_187' title='bbox 1405 1755 1463 1799; x_wconf 83' lang='lat' dir='ltr'>ad</span> <span class='ocrx_word' id='word_1_188' title='bbox 1493 1755 1642 1813; x_wconf 89' lang='lat' dir='ltr'>ingre-</span> <span class='ocrx_word' id='word_1_189' title='bbox 1661 1760 1743 1810; x_wconf 87' lang='lat'>677</span> <span class='ocrx_word' id='word_1_190' title='bbox 1763 1771 1794 1800; x_wconf 89' lang='lat' dir='ltr'>a</span> 
     </span>
     <span class='ocr_line' id='line_1_23' title="bbox 150 1825 1646 1884; baseline -0.001 -15"><span class='ocrx_word' id='word_1_191' title='bbox 150 1825 366 1869; x_wconf 87' lang='lat' dir='ltr'>diendum</span> <span class='ocrx_word' id='word_1_192' title='bbox 385 1826 680 1884; x_wconf 87' lang='lat' dir='ltr'>compellatur</span> <span class='ocrx_word' id='word_1_193' title='bbox 697 1826 872 1870; x_wconf 89' lang='lat' dir='ltr'>inuitus</span> <span class='ocrx_word' id='word_1_194' title='bbox 892 1829 939 1870; x_wconf 92' lang='lat' dir='ltr'>et</span> <span class='ocrx_word' id='word_1_195' title='bbox 962 1826 1091 1884; x_wconf 85' lang='lat' dir='ltr'>quasi</span> <span class='ocrx_word' id='word_1_196' title='bbox 1121 1826 1390 1870; x_wconf 88' lang='lat' dir='ltr'>obnubilans</span> <span class='ocrx_word' id='word_1_197' title='bbox 1416 1825 1646 1869; x_wconf 86' lang='lat' dir='ltr'>lucernam</span> 
     </span>
     <span class='ocr_line' id='line_1_24' title="bbox 151 1895 1646 1954; baseline -0.001 -15"><span class='ocrx_word' id='word_1_198' title='bbox 151 1895 238 1939; x_wconf 90' lang='lat' dir='ltr'>Dei</span> <span class='ocrx_word' id='word_1_199' title='bbox 266 1899 321 1940; x_wconf 87' lang='lat' dir='ltr'>ut</span> <span class='ocrx_word' id='word_1_200' title='bbox 349 1911 452 1939; x_wconf 91' lang='lat' dir='ltr'>eum</span> <span class='ocrx_word' id='word_1_201' title='bbox 481 1896 665 1954; x_wconf 88' lang='lat' dir='ltr'>impune</span> <span class='ocrx_word' id='word_1_202' title='bbox 694 1896 882 1940; x_wconf 87' lang='lat' dir='ltr'>irrideat</span> <span class='ocrx_word' id='word_1_203' title='bbox 910 1896 1240 1940; x_wconf 81' lang='lat' dir='ltr'>fraudulentus.</span> <span class='ocrx_word' id='word_1_204' title='bbox 1300 1896 1394 1940; x_wconf 88' lang='lat' dir='ltr'>Diu</span> <span class='ocrx_word' id='word_1_205' title='bbox 1423 1895 1646 1954; x_wconf 89' lang='lat' dir='ltr'>siquidem</span> 
     </span>
     <span class='ocr_line' id='line_1_25' title="bbox 151 1965 1646 2025; baseline 0 -16"><span class='ocrx_word' id='word_1_206' title='bbox 151 1966 268 2010; x_wconf 77' lang='lat' dir='ltr'>alius</span> <span class='ocrx_word' id='word_1_207' title='bbox 287 1966 546 2019; x_wconf 87' lang='lat' dir='ltr'>simulauit,</span> <span class='ocrx_word' id='word_1_208' title='bbox 536 1981 546 1989; x_wconf 90' lang='lat'><strong>·</strong></span> <span class='ocrx_word' id='word_1_209' title='bbox 576 1967 868 2011; x_wconf 84' lang='lat' dir='ltr'>ambitionem</span> <span class='ocrx_word' id='word_1_210' title='bbox 892 1981 1087 2025; x_wconf 85' lang='lat' dir='ltr'>namque</span> <span class='ocrx_word' id='word_1_211' title='bbox 1106 1966 1264 2011; x_wconf 89' lang='lat' dir='ltr'>multis</span> <span class='ocrx_word' id='word_1_212' title='bbox 1290 1966 1469 2012; x_wconf 86' lang='lat' dir='ltr'>indiciis</span> <span class='ocrx_word' id='word_1_213' title='bbox 1495 1965 1646 2024; x_wconf 89' lang='lat' dir='ltr'>prodi·</span> 
     </span>
     <span class='ocr_line' id='line_1_26' title="bbox 151 2081 1571 2178; baseline -0.002 -10"><span class='ocrx_word' id='word_1_214' title='bbox 151 2081 574 2178; x_wconf 42' lang='grc' dir='ltr'>ΜΨ</span> <span class='ocrx_word' id='word_1_215' title='bbox 591 2130 633 2167; x_wconf 59' lang='lat' dir='ltr'><strong>M</strong></span> <span class='ocrx_word' id='word_1_216' title='bbox 681 2081 980 2127; x_wconf 63' lang='grc' dir='ltr'>’Μ</span> <span class='ocrx_word' id='word_1_217' title='bbox 1074 2083 1115 2166; x_wconf 47' lang='grc' dir='ltr'><em>ἃ</em></span> <span class='ocrx_word' id='word_1_218' title='bbox 1264 2129 1571 2176; x_wconf 54' lang='lat' dir='ltr'><strong>m</strong></span> 
     </span>
    </p>
   </div>
   <div class='ocr_carea' id='block_1_3' title="bbox 149 2228 1648 2952">
    <p class='ocr_par' dir='ltr' id='par_1_3' title="bbox 149 2228 1648 2952">
     <span class='ocr_line' id='line_1_27' title="bbox 203 2228 1648 2276; baseline -0.003 -8"><span class='ocrx_word' id='word_1_219' title='bbox 203 2241 236 2276; x_wconf 89' lang='lat'>1,</span> <span class='ocrx_word' id='word_1_220' title='bbox 254 2241 276 2267; x_wconf 89' lang='lat'>2</span> <span class='ocrx_word' id='word_1_221' title='bbox 302 2232 346 2266; x_wconf 71' lang='lat' dir='ltr'>in</span> <span class='ocrx_word' id='word_1_222' title='bbox 370 2231 515 2266; x_wconf 69' lang='lat' dir='ltr'>nullius</span> <span class='ocrx_word' id='word_1_223' title='bbox 542 2230 647 2266; x_wconf 71' lang='lat' dir='ltr'>bonis</span> <span class='ocrx_word' id='word_1_224' title='bbox 674 2230 957 2266; x_wconf 67' lang='lat' dir='ltr'>est.v.1nstit.</span> <span class='ocrx_word' id='word_1_225' title='bbox 986 2228 1028 2266; x_wconf 89' lang='lat' dir='ltr'>ii.</span> <span class='ocrx_word' id='word_1_226' title='bbox 1055 2239 1072 2267; x_wconf 86' lang='lat'>1</span> <span class='ocrx_word' id='word_1_227' title='bbox 1102 2228 1122 2276; x_wconf 69' lang='grc' dir='ltr'><strong>ξ</strong></span> <span class='ocrx_word' id='word_1_228' title='bbox 1150 2238 1185 2275; x_wconf 87' lang='grc'>7.</span> <span class='ocrx_word' id='word_1_229' title='bbox 1329 2238 1363 2272; x_wconf 84' lang='lat'>2,</span> <span class='ocrx_word' id='word_1_230' title='bbox 1381 2239 1403 2275; x_wconf 89' lang='lat'>3</span> <span class='ocrx_word' id='word_1_231' title='bbox 1429 2230 1648 2274; x_wconf 73' lang='lat' dir='ltr'>accinqatur</span> 
     </span>
     <span class='ocr_line' id='line_1_28' title="bbox 150 2275 1643 2327; baseline -0.002 -12"><span class='ocrx_word' id='word_1_232' title='bbox 150 2280 275 2327; x_wconf 70' lang='lat' dir='ltr'>qladio</span> <span class='ocrx_word' id='word_1_233' title='bbox 290 2291 402 2325; x_wconf 67' lang='lat' dir='ltr'>super</span> <span class='ocrx_word' id='word_1_234' title='bbox 406 2280 539 2323; x_wconf 84' lang='lat' dir='ltr'>femur</span> <span class='ocrx_word' id='word_1_235' title='bbox 550 2290 679 2314; x_wconf 68' lang='lat' dir='ltr'>suum:</span> <span class='ocrx_word' id='word_1_236' title='bbox 705 2289 738 2314; x_wconf 86' lang='lat' dir='ltr'>v.</span> <span class='ocrx_word' id='word_1_237' title='bbox 755 2277 813 2313; x_wconf 72' lang='grc' dir='ltr'>ΡΒ.</span> <span class='ocrx_word' id='word_1_238' title='bbox 830 2276 920 2314; x_wconf 85' lang='lat' dir='ltr'>xliv.</span> <span class='ocrx_word' id='word_1_239' title='bbox 939 2287 974 2321; x_wconf 87' lang='lat'>4.</span> <span class='ocrx_word' id='word_1_240' title='bbox 1171 2285 1189 2323; x_wconf 87' lang='grc'><strong><em>5</em></strong></span> <span class='ocrx_word' id='word_1_241' title='bbox 1218 2288 1317 2313; x_wconf 81' lang='lat' dir='ltr'>eam:</span> <span class='ocrx_word' id='word_1_242' title='bbox 1343 2288 1394 2312; x_wconf 83' lang='lat' dir='ltr'>sc.</span> <span class='ocrx_word' id='word_1_243' title='bbox 1414 2275 1643 2313; x_wconf 81' lang='lat' dir='ltr'>Ecclesiam.</span> 
     </span>
     <span class='ocr_line' id='line_1_29' title="bbox 340 2323 1643 2372; baseline -0.002 -9"><span class='ocrx_word' id='word_1_244' title='bbox 340 2328 390 2363; x_wconf 79' lang='lat' dir='ltr'>ad</span> <span class='ocrx_word' id='word_1_245' title='bbox 405 2327 586 2362; x_wconf 77' lang='lat' dir='ltr'>hostium:</span> <span class='ocrx_word' id='word_1_246' title='bbox 612 2338 646 2362; x_wconf 87' lang='lat' dir='ltr'>v.</span> <span class='ocrx_word' id='word_1_247' title='bbox 663 2337 779 2372; x_wconf 83' lang='lat' dir='ltr'>supra</span> <span class='ocrx_word' id='word_1_248' title='bbox 802 2337 836 2361; x_wconf 87' lang='lat' dir='ltr'>v.</span> <span class='ocrx_word' id='word_1_249' title='bbox 856 2335 880 2370; x_wconf 91' lang='lat'>9</span> <span class='ocrx_word' id='word_1_250' title='bbox 898 2328 909 2364; x_wconf 84' lang='lat'><strong><em>(</em></strong></span> <span class='ocrx_word' id='word_1_251' title='bbox 915 2326 980 2371; x_wconf 85' lang='lat'>561</span> <span class='ocrx_word' id='word_1_252' title='bbox 994 2323 1041 2370; x_wconf 72' lang='lat' dir='ltr'>A)</span> <span class='ocrx_word' id='word_1_253' title='bbox 1058 2326 1099 2362; x_wconf 87' lang='lat' dir='ltr'>et</span> <span class='ocrx_word' id='word_1_254' title='bbox 1123 2323 1441 2361; x_wconf 77' lang='lat' dir='ltr'>commentarium</span> <span class='ocrx_word' id='word_1_255' title='bbox 1467 2326 1643 2360; x_wconf 84' lang='lat' dir='ltr'>nostrum</span> 
     </span>
     <span class='ocr_line' id='line_1_30' title="bbox 152 2372 1643 2456; baseline -0.003 -44"><span class='ocrx_word' id='word_1_256' title='bbox 152 2375 204 2413; x_wconf 78' lang='lat' dir='ltr'>ad</span> <span class='ocrx_word' id='word_1_257' title='bbox 219 2375 292 2411; x_wconf 85' lang='lat' dir='ltr'>loc.</span> <span class='ocrx_word' id='word_1_258' title='bbox 450 2375 472 2410; x_wconf 90' lang='lat'>8</span> <span class='ocrx_word' id='word_1_259' title='bbox 497 2375 709 2409; x_wconf 76' lang='lat' dir='ltr'>seditionem</span> <span class='ocrx_word' id='word_1_260' title='bbox 726 2376 820 2410; x_wconf 87' lang='lat' dir='ltr'>etc.:</span> <span class='ocrx_word' id='word_1_261' title='bbox 846 2385 880 2408; x_wconf 86' lang='lat' dir='ltr'>v.</span> <span class='ocrx_word' id='word_1_262' title='bbox 900 2372 986 2410; x_wconf 88' lang='lat' dir='ltr'>Lev.</span> <span class='ocrx_word' id='word_1_263' title='bbox 1004 2384 1040 2409; x_wconf 91' lang='grc' dir='ltr'>Χ.</span> <span class='ocrx_word' id='word_1_264' title='bbox 1063 2383 1193 2419; x_wconf 82' lang='lat' dir='ltr'>lseqq.</span> <span class='ocrx_word' id='word_1_265' title='bbox 1357 2383 1403 2409; x_wconf 90' lang='lat'>10</span> <span class='ocrx_word' id='word_1_266' title='bbox 1427 2384 1629 2456; x_wconf 63' lang='lat' dir='ltr'>speransviu</span> <span class='ocrx_word' id='word_1_267' title='bbox 1597 2374 1643 2408; x_wconf 75' lang='lat' dir='ltr'>in</span> 
     </span>
     <span class='ocr_line' id='line_1_31' title="bbox 153 2419 1531 2467; baseline -0.003 -8"><span class='ocrx_word' id='word_1_268' title='bbox 153 2423 390 2460; x_wconf 71' lang='lat' dir='ltr'>multitudine</span> <span class='ocrx_word' id='word_1_269' title='bbox 406 2422 653 2457; x_wconf 77' lang='lat' dir='ltr'>diuitiarum·</span> <span class='ocrx_word' id='word_1_270' title='bbox 688 2433 721 2457; x_wconf 88' lang='lat' dir='ltr'>v.</span> <span class='ocrx_word' id='word_1_271' title='bbox 741 2421 800 2457; x_wconf 89' lang='lat' dir='ltr'>Ps.</span> <span class='ocrx_word' id='word_1_272' title='bbox 816 2419 856 2456; x_wconf 90' lang='lat' dir='ltr'>li.</span> <span class='ocrx_word' id='word_1_273' title='bbox 874 2431 909 2467; x_wconf 88' lang='lat'>9.</span> <span class='ocrx_word' id='word_1_274' title='bbox 1005 2422 1151 2458; x_wconf 79' lang='lat' dir='ltr'>Simone</span> <span class='ocrx_word' id='word_1_275' title='bbox 1168 2423 1267 2457; x_wconf 85' lang='lat' dir='ltr'>etc.:</span> <span class='ocrx_word' id='word_1_276' title='bbox 1290 2432 1324 2456; x_wconf 77' lang='lat' dir='ltr'>v,</span> <span class='ocrx_word' id='word_1_277' title='bbox 1342 2420 1426 2458; x_wconf 77' lang='lat' dir='ltr'>Aet.</span> <span class='ocrx_word' id='word_1_278' title='bbox 1444 2420 1531 2466; x_wconf 89' lang='lat' dir='ltr'>App</span> 
     </span>
     <span class='ocr_line' id='line_1_32' title="bbox 155 2432 1643 2523; baseline -0.003 -14"><span class='ocrx_word' id='word_1_279' title='bbox 155 2472 342 2516; x_wconf 80' lang='lat' dir='ltr'>18seqq.;</span> <span class='ocrx_word' id='word_1_280' title='bbox 368 2468 417 2506; x_wconf 82' lang='lat' dir='ltr'>cf.</span> <span class='ocrx_word' id='word_1_281' title='bbox 438 2468 545 2505; x_wconf 84' lang='lat' dir='ltr'>Grat.</span> <span class='ocrx_word' id='word_1_282' title='bbox 570 2471 676 2506; x_wconf 81' lang='lat' dir='ltr'>Decr.</span> <span class='ocrx_word' id='word_1_283' title='bbox 700 2469 750 2506; x_wconf 91' lang='lat' dir='ltr'>II.</span> <span class='ocrx_word' id='word_1_284' title='bbox 779 2478 810 2504; x_wconf 94' lang='lat'>1.</span> <span class='ocrx_word' id='word_1_285' title='bbox 838 2480 874 2514; x_wconf 90' lang='lat' dir='ltr'>q.</span> <span class='ocrx_word' id='word_1_286' title='bbox 906 2478 937 2505; x_wconf 89' lang='lat'>1.</span> <span class='ocrx_word' id='word_1_287' title='bbox 959 2480 995 2505; x_wconf 89' lang='lat' dir='ltr'>c.</span> <span class='ocrx_word' id='word_1_288' title='bbox 1023 2479 1063 2505; x_wconf 89' lang='lat'>11</span> <span class='ocrx_word' id='word_1_289' title='bbox 1093 2468 1168 2511; x_wconf 89' lang='lat' dir='ltr'>(ed.</span> <span class='ocrx_word' id='word_1_290' title='bbox 1198 2467 1455 2523; x_wconf 84' lang='lat' dir='ltr'>Friedbergi.</span> <span class='ocrx_word' id='word_1_291' title='bbox 1480 2480 1517 2514; x_wconf 92' lang='lat' dir='ltr'>p.</span> <span class='ocrx_word' id='word_1_292' title='bbox 1505 2432 1643 2513; x_wconf 77' lang='lat' dir='ltr'>p361).</span> 
     </span>
     <span class='ocr_line' id='line_1_33' title="bbox 155 2515 1639 2571; baseline -0.002 -15"><span class='ocrx_word' id='word_1_293' title='bbox 155 2530 198 2563; x_wconf 86' lang='lat'>13</span> <span class='ocrx_word' id='word_1_294' title='bbox 224 2520 397 2554; x_wconf 75' lang='lat' dir='ltr'>Petrum:</span> <span class='ocrx_word' id='word_1_295' title='bbox 422 2516 571 2554; x_wconf 81' lang='lat' dir='ltr'>scilicet</span> <span class='ocrx_word' id='word_1_296' title='bbox 591 2516 659 2563; x_wconf 88' lang='lat' dir='ltr'>qui</span> <span class='ocrx_word' id='word_1_297' title='bbox 682 2515 878 2571; x_wconf 79' lang='lat' dir='ltr'>Simonem</span> <span class='ocrx_word' id='word_1_298' title='bbox 900 2516 1060 2564; x_wconf 82' lang='lat' dir='ltr'>Magum</span> <span class='ocrx_word' id='word_1_299' title='bbox 1084 2515 1195 2553; x_wconf 80' lang='lat' dir='ltr'>iussit</span> <span class='ocrx_word' id='word_1_300' title='bbox 1220 2516 1276 2553; x_wconf 88' lang='lat' dir='ltr'>ire</span> <span class='ocrx_word' id='word_1_301' title='bbox 1300 2515 1343 2551; x_wconf 89' lang='lat' dir='ltr'>in</span> <span class='ocrx_word' id='word_1_302' title='bbox 1366 2515 1639 2562; x_wconf 83' lang='lat' dir='ltr'>perditionem.</span> 
     </span>
     <span class='ocr_line' id='line_1_34' title="bbox 151 2564 1644 2612; baseline -0.001 -9"><span class='ocrx_word' id='word_1_303' title='bbox 151 2568 316 2603; x_wconf 78' lang='lat' dir='ltr'>clanculo</span> <span class='ocrx_word' id='word_1_304' title='bbox 340 2566 435 2602; x_wconf 63' lang='lat' dir='ltr'>ete:</span> <span class='ocrx_word' id='word_1_305' title='bbox 462 2576 496 2600; x_wconf 86' lang='lat' dir='ltr'>v.</span> <span class='ocrx_word' id='word_1_306' title='bbox 522 2565 605 2601; x_wconf 86' lang='lat' dir='ltr'>Ter.</span> <span class='ocrx_word' id='word_1_307' title='bbox 635 2566 734 2601; x_wconf 78' lang='lat' dir='ltr'>Eun.</span> <span class='ocrx_word' id='word_1_308' title='bbox 762 2564 818 2600; x_wconf 91' lang='lat' dir='ltr'>iii.</span> <span class='ocrx_word' id='word_1_309' title='bbox 848 2573 880 2610; x_wconf 91' lang='grc'>5.</span> <span class='ocrx_word' id='word_1_310' title='bbox 905 2575 950 2609; x_wconf 86' lang='lat'>41</span> <span class='ocrx_word' id='word_1_311' title='bbox 977 2576 1082 2611; x_wconf 83' lang='lat' dir='ltr'>seqq.</span> <span class='ocrx_word' id='word_1_312' title='bbox 1193 2573 1247 2612; x_wconf 83' lang='lat'>15,</span> <span class='ocrx_word' id='word_1_313' title='bbox 1269 2565 1313 2600; x_wconf 90' lang='lat'>16</span> <span class='ocrx_word' id='word_1_314' title='bbox 1336 2566 1449 2600; x_wconf 73' lang='lat' dir='ltr'>Alius</span> <span class='ocrx_word' id='word_1_315' title='bbox 1478 2565 1644 2611; x_wconf 72' lang='lat' dir='ltr'>obsequio</span> 
     </span>
     <span class='ocr_line' id='line_1_35' title="bbox 151 2611 1644 2667; baseline -0.001 -17"><span class='ocrx_word' id='word_1_316' title='bbox 151 2616 247 2652; x_wconf 61' lang='lat' dir='ltr'>etz-..z</span> <span class='ocrx_word' id='word_1_317' title='bbox 274 2614 322 2650; x_wconf 82' lang='lat' dir='ltr'>cf.</span> <span class='ocrx_word' id='word_1_318' title='bbox 348 2613 462 2660; x_wconf 84' lang='lat' dir='ltr'>Greg.</span> <span class='ocrx_word' id='word_1_319' title='bbox 485 2612 537 2648; x_wconf 79' lang='lat' dir='ltr'>M.</span> <span class='ocrx_word' id='word_1_320' title='bbox 555 2614 662 2649; x_wconf 84' lang='lat' dir='ltr'>Hom.</span> <span class='ocrx_word' id='word_1_321' title='bbox 687 2615 729 2648; x_wconf 74' lang='lat' dir='ltr'>in</span> <span class='ocrx_word' id='word_1_322' title='bbox 752 2614 893 2658; x_wconf 75' lang='lat' dir='ltr'>Ecany.</span> <span class='ocrx_word' id='word_1_323' title='bbox 913 2611 962 2648; x_wconf 84' lang='lat' dir='ltr'>iv.</span> <span class='ocrx_word' id='word_1_324' title='bbox 989 2611 1059 2667; x_wconf 80' lang='lat'>§4</span> <span class='ocrx_word' id='word_1_325' title='bbox 1084 2611 1233 2660; x_wconf 81' lang='lat' dir='ltr'>(Migne</span> <span class='ocrx_word' id='word_1_326' title='bbox 1257 2613 1298 2648; x_wconf 90' lang='lat' dir='ltr'>P.</span> <span class='ocrx_word' id='word_1_327' title='bbox 1318 2613 1364 2648; x_wconf 91' lang='lat' dir='ltr'>L.</span> <span class='ocrx_word' id='word_1_328' title='bbox 1390 2611 1507 2648; x_wconf 86' lang='lat' dir='ltr'>lxxvi.</span> <span class='ocrx_word' id='word_1_329' title='bbox 1536 2622 1644 2658; x_wconf 85' lang='lat'>1091,</span> 
     </span>
     <span class='ocr_line' id='line_1_36' title="bbox 150 2658 1641 2767; baseline -0.003 -19"><span class='ocrx_word' id='word_1_330' title='bbox 150 2662 264 2767; x_wconf 53' lang='grc' dir='ltr'>ᾗῇ.)</span> <span class='ocrx_word' id='word_1_331' title='bbox 277 2673 379 2746; x_wconf 59' lang='lat' dir='ltr'>iffi.</span> <span class='ocrx_word' id='word_1_332' title='bbox 393 2661 495 2755; x_wconf 63' lang='grc' dir='ltr'>ἷζοῖ.</span> <span class='ocrx_word' id='word_1_333' title='bbox 507 2659 1079 2762; x_wconf 54' lang='grc' dir='ltr'>ἓῖῗὲῗεῖῗὲὧέῗεὲᾞῗ</span> <span class='ocrx_word' id='word_1_334' title='bbox 1081 2662 1168 2753; x_wconf 67' lang='grc' dir='ltr'>Ξοξζ</span> <span class='ocrx_word' id='word_1_335' title='bbox 1186 2659 1339 2754; x_wconf 40' lang='lat'>&amp;3¹³</span> <span class='ocrx_word' id='word_1_336' title='bbox 1362 2658 1641 2754; x_wconf 49' lang='grc' dir='ltr'>3Ξ3ἃῖὶαῗῖῗεῖ</span> 
     </span>
     <span class='ocr_line' id='line_1_37' title="bbox 149 2755 1643 2812; baseline -0.002 -16"><span class='ocrx_word' id='word_1_337' title='bbox 149 2759 177 2796; x_wconf 89' lang='lat' dir='ltr'>i.</span> <span class='ocrx_word' id='word_1_338' title='bbox 188 2770 223 2796; x_wconf 87' lang='lat' dir='ltr'>c.</span> <span class='ocrx_word' id='word_1_339' title='bbox 252 2769 391 2794; x_wconf 86' lang='lat' dir='ltr'>munus</span> <span class='ocrx_word' id='word_1_340' title='bbox 416 2756 716 2812; x_wconf 77' lang='lat' dir='ltr'>ecclesiasticum</span> <span class='ocrx_word' id='word_1_341' title='bbox 742 2755 949 2793; x_wconf 79' lang='lat' dir='ltr'>offerentis.</span> <span class='ocrx_word' id='word_1_342' title='bbox 1079 2767 1128 2792; x_wconf 89' lang='lat'>20</span> <span class='ocrx_word' id='word_1_343' title='bbox 1154 2757 1280 2792; x_wconf 80' lang='lat' dir='ltr'>Giezi.</span> <span class='ocrx_word' id='word_1_344' title='bbox 1304 2769 1340 2792; x_wconf 84' lang='lat' dir='ltr'>v.</span> <span class='ocrx_word' id='word_1_345' title='bbox 1365 2767 1389 2802; x_wconf 89' lang='lat'>4</span> <span class='ocrx_word' id='word_1_346' title='bbox 1413 2755 1506 2803; x_wconf 77' lang='lat' dir='ltr'>Reg.</span> <span class='ocrx_word' id='word_1_347' title='bbox 1531 2769 1565 2793; x_wconf 89' lang='lat' dir='ltr'>v.</span> <span class='ocrx_word' id='word_1_348' title='bbox 1592 2766 1643 2793; x_wconf 87' lang='lat'>20</span> 
     </span>
     <span class='ocr_line' id='line_1_38' title="bbox 151 2803 1638 2854; baseline -0.003 -9"><span class='ocrx_word' id='word_1_349' title='bbox 151 2819 191 2845; x_wconf 83' lang='lat' dir='ltr'>se</span> <span class='ocrx_word' id='word_1_350' title='bbox 193 2819 279 2854; x_wconf 89' lang='lat' dir='ltr'>qq.;</span> <span class='ocrx_word' id='word_1_351' title='bbox 304 2806 351 2843; x_wconf 88' lang='lat' dir='ltr'>de</span> <span class='ocrx_word' id='word_1_352' title='bbox 378 2804 484 2841; x_wconf 80' lang='lat' dir='ltr'>Giezi</span> <span class='ocrx_word' id='word_1_353' title='bbox 507 2807 552 2842; x_wconf 87' lang='lat' dir='ltr'>ut</span> <span class='ocrx_word' id='word_1_354' title='bbox 575 2804 761 2842; x_wconf 77' lang='lat' dir='ltr'>simoniae</span> <span class='ocrx_word' id='word_1_355' title='bbox 786 2804 961 2850; x_wconf 87' lang='lat' dir='ltr'>exemplo</span> <span class='ocrx_word' id='word_1_356' title='bbox 986 2816 1019 2840; x_wconf 84' lang='lat' dir='ltr'>v.</span> <span class='ocrx_word' id='word_1_357' title='bbox 1044 2803 1151 2841; x_wconf 83' lang='lat' dir='ltr'>Grat.</span> <span class='ocrx_word' id='word_1_358' title='bbox 1180 2806 1285 2840; x_wconf 85' lang='lat' dir='ltr'>Decr.</span> <span class='ocrx_word' id='word_1_359' title='bbox 1302 2804 1354 2842; x_wconf 88' lang='lat'>11.</span> <span class='ocrx_word' id='word_1_360' title='bbox 1375 2815 1406 2842; x_wconf 92' lang='lat'>1.</span> <span class='ocrx_word' id='word_1_361' title='bbox 1423 2816 1459 2850; x_wconf 93' lang='lat' dir='ltr'>q.</span> <span class='ocrx_word' id='word_1_362' title='bbox 1483 2815 1512 2841; x_wconf 86' lang='lat'>1.</span> <span class='ocrx_word' id='word_1_363' title='bbox 1537 2816 1568 2841; x_wconf 86' lang='lat' dir='ltr'>c.</span> <span class='ocrx_word' id='word_1_364' title='bbox 1596 2814 1638 2842; x_wconf 89' lang='lat'>11</span> 
     </span>
     <span class='ocr_line' id='line_1_39' title="bbox 153 2851 1638 2908; baseline -0.003 -15"><span class='ocrx_word' id='word_1_365' title='bbox 153 2855 230 2902; x_wconf 83' lang='lat' dir='ltr'>(ed.</span> <span class='ocrx_word' id='word_1_366' title='bbox 249 2853 459 2908; x_wconf 84' lang='lat' dir='ltr'>Friedberg</span> <span class='ocrx_word' id='word_1_367' title='bbox 482 2852 508 2889; x_wconf 81' lang='lat' dir='ltr'>i.</span> <span class='ocrx_word' id='word_1_368' title='bbox 534 2854 634 2900; x_wconf 81' lang='lat'>361).</span> <span class='ocrx_word' id='word_1_369' title='bbox 816 2862 874 2896; x_wconf 86' lang='lat'>22,</span> <span class='ocrx_word' id='word_1_370' title='bbox 893 2862 938 2900; x_wconf 87' lang='lat'>23</span> <span class='ocrx_word' id='word_1_371' title='bbox 964 2854 1154 2890; x_wconf 76' lang='lat' dir='ltr'>lucernam</span> <span class='ocrx_word' id='word_1_372' title='bbox 1172 2853 1268 2890; x_wconf 75' lang='lat' dir='ltr'>Dei:</span> <span class='ocrx_word' id='word_1_373' title='bbox 1292 2864 1327 2890; x_wconf 82' lang='lat' dir='ltr'>v.</span> <span class='ocrx_word' id='word_1_374' title='bbox 1357 2863 1372 2891; x_wconf 87' lang='lat'>1</span> <span class='ocrx_word' id='word_1_375' title='bbox 1399 2852 1494 2901; x_wconf 71' lang='lat' dir='ltr'>Reg-</span> <span class='ocrx_word' id='word_1_376' title='bbox 1519 2851 1576 2890; x_wconf 84' lang='lat' dir='ltr'>iii.</span> <span class='ocrx_word' id='word_1_377' title='bbox 1603 2862 1638 2899; x_wconf 93' lang='lat'>3.</span> 
     </span>
     <span class='ocr_line' id='line_1_40' title="bbox 153 2900 583 2952; baseline -0.009 -10"><span class='ocrx_word' id='word_1_378' title='bbox 153 2914 200 2952; x_wconf 81' lang='lat'>23</span> <span class='ocrx_word' id='word_1_379' title='bbox 225 2914 329 2940; x_wconf 73' lang='lat' dir='ltr'>eum.</span> <span class='ocrx_word' id='word_1_380' title='bbox 352 2901 427 2939; x_wconf 85' lang='lat' dir='ltr'>i.e.</span> <span class='ocrx_word' id='word_1_381' title='bbox 447 2900 583 2939; x_wconf 86' lang='lat' dir='ltr'>Deum.</span> 
     </span>
    </p>
   </div>
   <div class='ocr_carea' id='block_1_4' title="bbox 1463 2972 1530 3017">
    <p class='ocr_par' dir='ltr' id='par_1_4' title="bbox 1463 2972 1530 3017">
     <span class='ocr_line' id='line_1_41' title="bbox 1463 2972 1530 3017; baseline -0.015 -10"><span class='ocrx_word' id='word_1_382' title='bbox 1463 2972 1530 3017; x_wconf 77' lang='lat'>163</span> 
     </span>
    </p>
   </div>
  </div>
 </body>
</html>
