<?xml version="1.0" encoding="UTF-8"?>
<!DOCTYPE html PUBLIC "-//W3C//DTD XHTML 1.0 Transitional//EN"
    "http://www.w3.org/TR/xhtml1/DTD/xhtml1-transitional.dtd">
<html xmlns="http://www.w3.org/1999/xhtml" xml:lang="en" lang="en">
 <head>
  <title>
</title>
<meta http-equiv="Content-Type" content="text/html;charset=utf-8" />
  <meta name='ocr-system' content='tesseract 3.04.00' />
  <meta name='ocr-capabilities' content='ocr_page ocr_carea ocr_par ocr_line ocrx_word'/>
</head>
<body>
  <div class='ocr_page' id='page_1' title='image "./ioannissaresberi02johnuoft_0196.png"; bbox 0 0 1846 3262; ppageno 0'>
   <div class='ocr_carea' id='block_1_1' title="bbox 79 193 1703 258">
    <p class='ocr_par' dir='ltr' id='par_1_1' title="bbox 79 193 1703 258">
     <span class='ocr_line' id='line_1_1' title="bbox 79 193 1703 258; baseline -0.003 -10"><span class='ocrx_word' id='word_1_1' title='bbox 79 207 162 258; x_wconf 85' lang='lat'>687</span> <span class='ocrx_word' id='word_1_2' title='bbox 183 215 208 248; x_wconf 84' lang='lat' dir='ltr'>c</span> <span class='ocrx_word' id='word_1_3' title='bbox 558 202 822 248; x_wconf 86' lang='lat' dir='ltr'>IOANNIS</span> <span class='ocrx_word' id='word_1_4' title='bbox 863 201 1383 246; x_wconf 84' lang='lat' dir='ltr'><strong>SARESBERIENSIS</strong></span> <span class='ocrx_word' id='word_1_5' title='bbox 1507 193 1616 258; x_wconf 64' lang='grc' dir='ltr'><strong>[ΠΒ.</strong></span> <span class='ocrx_word' id='word_1_6' title='bbox 1629 210 1703 245; x_wconf 76' lang='lat' dir='ltr'>vn</span> 
     </span>
    </p>
   </div>
   <div class='ocr_carea' id='block_1_2' title="bbox 94 323 1794 2484">
    <p class='ocr_par' dir='ltr' id='par_1_2' title="bbox 224 323 1777 1159">
     <span class='ocr_line' id='line_1_2' title="bbox 224 323 1706 387; baseline -0.004 -15"><span class='ocrx_word' id='word_1_7' title='bbox 224 328 390 387; x_wconf 89' lang='lat' dir='ltr'>poterit</span> <span class='ocrx_word' id='word_1_8' title='bbox 430 342 523 371; x_wconf 90' lang='lat' dir='ltr'>esse</span> <span class='ocrx_word' id='word_1_9' title='bbox 558 328 782 377; x_wconf 80' lang='lat' dir='ltr'>excusata,</span> <span class='ocrx_word' id='word_1_10' title='bbox 813 325 851 369; x_wconf 92' lang='lat' dir='ltr'>si</span> <span class='ocrx_word' id='word_1_11' title='bbox 887 324 1142 368; x_wconf 89' lang='lat' dir='ltr'>ueneranda</span> <span class='ocrx_word' id='word_1_12' title='bbox 1177 323 1262 367; x_wconf 90' lang='lat' dir='ltr'>Dei</span> <span class='ocrx_word' id='word_1_13' title='bbox 1301 324 1468 382; x_wconf 91' lang='lat' dir='ltr'>templa</span> <span class='ocrx_word' id='word_1_14' title='bbox 1506 323 1706 382; x_wconf 89' lang='lat' dir='ltr'>pecuniis</span> 
     </span>
     <span class='ocr_line' id='line_1_3' title="bbox 225 393 1707 457; baseline -0.005 -14"><span class='ocrx_word' id='word_1_15' title='bbox 225 400 570 457; x_wconf 61' lang='lat' dir='ltr'>expugnentur&#39;ss</span> <span class='ocrx_word' id='word_1_16' title='bbox 632 397 775 450; x_wconf 79' lang='lat' dir='ltr'>Quem</span> <span class='ocrx_word' id='word_1_17' title='bbox 805 410 984 438; x_wconf 90' lang='lat' dir='ltr'>murum</span> <span class='ocrx_word' id='word_1_18' title='bbox 1013 394 1266 452; x_wconf 68' lang='lat' dir='ltr'>integritati</span> <span class='ocrx_word' id='word_1_19' title='bbox 1296 397 1377 438; x_wconf 90' lang='lat' dir='ltr'>aut</span> <span class='ocrx_word' id='word_1_20' title='bbox 1402 394 1573 438; x_wconf 90' lang='lat' dir='ltr'>uallum</span> <span class='ocrx_word' id='word_1_21' title='bbox 1601 393 1707 437; x_wconf 89' lang='lat' dir='ltr'>fidei</span> 
     </span>
     <span class='ocr_line' id='line_1_4' title="bbox 225 464 1708 528; baseline -0.003 -16"><span class='ocrx_word' id='word_1_22' title='bbox 225 469 572 528; x_wconf 88' lang='lat' dir='ltr'>prouidebimus,</span> <span class='ocrx_word' id='word_1_23' title='bbox 591 467 630 510; x_wconf 90' lang='lat' dir='ltr'>si</span> <span class='ocrx_word' id='word_1_24' title='bbox 651 466 751 510; x_wconf 88' lang='lat' dir='ltr'>auri</span> <span class='ocrx_word' id='word_1_25' title='bbox 771 480 897 509; x_wconf 81' lang='lat' dir='ltr'>sacra</span> <span class='ocrx_word' id='word_1_26' title='bbox 917 465 1059 508; x_wconf 78' lang='lat' dir='ltr'>fames</span> <span class='ocrx_word' id='word_1_27' title='bbox 1081 464 1165 522; x_wconf 78' lang='lat' dir='ltr'>(in)</span> <span class='ocrx_word' id='word_1_28' title='bbox 1185 464 1441 507; x_wconf 90' lang='lat' dir='ltr'>ueneranda</span> <span class='ocrx_word' id='word_1_29' title='bbox 1460 464 1708 522; x_wconf 87' lang='lat' dir='ltr'>penetralia</span> 
     </span>
     <span class='ocr_line' id='line_1_5' title="bbox 226 534 1711 596; baseline -0.005 -13"><span class='ocrx_word' id='word_1_30' title='bbox 226 539 449 596; x_wconf 89' lang='lat' dir='ltr'>proserpit</span> <span class='ocrx_word' id='word_1_31' title='bbox 465 539 482 582; x_wconf 66' lang='lat'>3</span> <span class='ocrx_word' id='word_1_32' title='bbox 534 537 665 591; x_wconf 79' lang='lat' dir='ltr'>Quod</span> <span class='ocrx_word' id='word_1_33' title='bbox 685 536 878 593; x_wconf 91' lang='lat' dir='ltr'>denique</span> <span class='ocrx_word' id='word_1_34' title='bbox 897 537 1081 579; x_wconf 89' lang='lat' dir='ltr'>cautum</span> <span class='ocrx_word' id='word_1_35' title='bbox 1097 549 1191 578; x_wconf 91' lang='lat' dir='ltr'>esse</span> <span class='ocrx_word' id='word_1_36' title='bbox 1206 534 1372 592; x_wconf 88' lang='lat' dir='ltr'>poterit</span> <span class='ocrx_word' id='word_1_37' title='bbox 1392 537 1474 578; x_wconf 92' lang='lat' dir='ltr'>aut</span> <span class='ocrx_word' id='word_1_38' title='bbox 1493 549 1711 585; x_wconf 81' lang='lat' dir='ltr'>securum,</span> 
     </span>
     <span class='ocr_line' id='line_1_6' title="bbox 228 604 1748 664; baseline -0.003 -12"><span class='ocrx_word' id='word_1_39' title='bbox 228 609 266 652; x_wconf 91' lang='lat' dir='ltr'>si</span> <span class='ocrx_word' id='word_1_40' title='bbox 313 608 528 652; x_wconf 86' lang='lat' dir='ltr'>sanctitas</span> <span class='ocrx_word' id='word_1_41' title='bbox 575 607 835 664; x_wconf 88' lang='lat' dir='ltr'>incorrupta</span> <span class='ocrx_word' id='word_1_42' title='bbox 878 604 1210 663; x_wconf 62' lang='lat' dir='ltr'>corrumpitur?</span> <span class='ocrx_word' id='word_1_43' title='bbox 1289 604 1442 648; x_wconf 86' lang='lat' dir='ltr'>Cesset</span> <span class='ocrx_word' id='word_1_44' title='bbox 1492 604 1711 649; x_wconf 84' lang='lat' dir='ltr'>altaribus</span> <span class='ocrx_word' id='word_1_45' title='bbox 1729 617 1748 652; x_wconf 88' lang='lat'><strong>5</strong></span> 
     </span>
     <span class='ocr_line' id='line_1_7' title="bbox 229 674 1713 736; baseline -0.003 -14"><span class='ocrx_word' id='word_1_46' title='bbox 229 679 460 722; x_wconf 88' lang='lat' dir='ltr'>imminere</span> <span class='ocrx_word' id='word_1_47' title='bbox 507 678 766 736; x_wconf 89' lang='lat' dir='ltr'>prophanus</span> <span class='ocrx_word' id='word_1_48' title='bbox 811 676 946 720; x_wconf 88' lang='lat' dir='ltr'>ardor</span> <span class='ocrx_word' id='word_1_49' title='bbox 977 675 1196 719; x_wconf 87' lang='lat' dir='ltr'>auaritiae</span> <span class='ocrx_word' id='word_1_50' title='bbox 1236 677 1282 718; x_wconf 91' lang='lat' dir='ltr'>et</span> <span class='ocrx_word' id='word_1_51' title='bbox 1325 690 1353 718; x_wconf 88' lang='lat' dir='ltr'>a</span> <span class='ocrx_word' id='word_1_52' title='bbox 1395 675 1533 719; x_wconf 88' lang='lat' dir='ltr'>sacris</span> <span class='ocrx_word' id='word_1_53' title='bbox 1575 674 1713 718; x_wconf 82' lang='lat' dir='ltr'>aditis</span> 
     </span>
     <span class='ocr_line' id='line_1_8' title="bbox 229 744 1715 806; baseline -0.003 -14"><span class='ocrx_word' id='word_1_54' title='bbox 229 749 473 806; x_wconf 89' lang='lat' dir='ltr'>repellatur</span> <span class='ocrx_word' id='word_1_55' title='bbox 505 748 730 806; x_wconf 89' lang='lat' dir='ltr'>piaculare</span> <span class='ocrx_word' id='word_1_56' title='bbox 769 747 1005 805; x_wconf 88' lang='lat' dir='ltr'>flagitium.</span> <span class='ocrx_word' id='word_1_57' title='bbox 1066 745 1227 803; x_wconf 92' lang='lat' dir='ltr'>Itaque</span> <span class='ocrx_word' id='word_1_58' title='bbox 1267 748 1416 789; x_wconf 89' lang='lat' dir='ltr'>castus</span> <span class='ocrx_word' id='word_1_59' title='bbox 1453 748 1499 789; x_wconf 89' lang='lat' dir='ltr'>et</span> <span class='ocrx_word' id='word_1_60' title='bbox 1530 744 1715 788; x_wconf 88' lang='lat' dir='ltr'>humilis</span> 
     </span>
     <span class='ocr_line' id='line_1_9' title="bbox 230 816 1714 877; baseline -0.002 -15"><span class='ocrx_word' id='word_1_61' title='bbox 230 820 425 877; x_wconf 83' lang='lat' dir='ltr'>eligatur</span> <span class='ocrx_word' id='word_1_62' title='bbox 439 819 606 862; x_wconf 91' lang='lat' dir='ltr'>nostris</span> <span class='ocrx_word' id='word_1_63' title='bbox 620 818 897 876; x_wconf 82' lang='lat' dir='ltr'>temporibus</span> <span class='ocrx_word' id='word_1_64' title='bbox 913 817 1154 875; x_wconf 88' lang='lat' dir='ltr'>episcopus,</span> <span class='ocrx_word' id='word_1_65' title='bbox 1163 819 1216 860; x_wconf 91' lang='lat' dir='ltr'>ut</span> <span class='ocrx_word' id='word_1_66' title='bbox 1231 816 1428 860; x_wconf 88' lang='lat' dir='ltr'>locorum</span> <span class='ocrx_word' id='word_1_67' title='bbox 1436 829 1714 873; x_wconf 84' lang='lat' dir='ltr'>quocumque</span> 
     </span>
     <span class='ocr_line' id='line_1_10' title="bbox 230 886 1714 948; baseline -0.003 -15"><span class='ocrx_word' id='word_1_68' title='bbox 230 889 488 948; x_wconf 88' lang='lat' dir='ltr'>peruenerit</span> <span class='ocrx_word' id='word_1_69' title='bbox 507 889 658 933; x_wconf 90' lang='lat' dir='ltr'>omnia</span> <span class='ocrx_word' id='word_1_70' title='bbox 678 889 802 932; x_wconf 89' lang='lat' dir='ltr'>uitae</span> <span class='ocrx_word' id='word_1_71' title='bbox 822 887 1029 946; x_wconf 89' lang='lat' dir='ltr'>propriae</span> <span class='ocrx_word' id='word_1_72' title='bbox 1049 887 1312 945; x_wconf 89' lang='lat' dir='ltr'>integritate</span> <span class='ocrx_word' id='word_1_73' title='bbox 1331 886 1550 944; x_wconf 88' lang='lat' dir='ltr'>purificet.</span> <span class='ocrx_word' id='word_1_74' title='bbox 1608 886 1714 929; x_wconf 91' lang='lat' dir='ltr'>Non</span> 
     </span>
     <span class='ocr_line' id='line_1_11' title="bbox 231 955 1777 1019; baseline -0.005 -15"><span class='ocrx_word' id='word_1_75' title='bbox 231 960 380 1019; x_wconf 91' lang='lat' dir='ltr'>precio</span> <span class='ocrx_word' id='word_1_76' title='bbox 410 959 487 1003; x_wconf 92' lang='lat' dir='ltr'>sed</span> <span class='ocrx_word' id='word_1_77' title='bbox 522 959 728 1017; x_wconf 83' lang='lat' dir='ltr'>precibus</span> <span class='ocrx_word' id='word_1_78' title='bbox 757 958 990 1003; x_wconf 87' lang='lat' dir='ltr'>ordinetur</span> <span class='ocrx_word' id='word_1_79' title='bbox 1020 958 1220 1009; x_wconf 90' lang='lat' dir='ltr'>antistes,</span> <span class='ocrx_word' id='word_1_80' title='bbox 1244 960 1423 1001; x_wconf 90' lang='lat' dir='ltr'>tantum</span> <span class='ocrx_word' id='word_1_81' title='bbox 1453 957 1511 1000; x_wconf 93' lang='lat' dir='ltr'>ab</span> <span class='ocrx_word' id='word_1_82' title='bbox 1541 955 1716 1000; x_wconf 89' lang='lat' dir='ltr'>ambitu</span> <span class='ocrx_word' id='word_1_83' title='bbox 1734 971 1777 996; x_wconf 87' lang='lat'>10</span> 
     </span>
     <span class='ocr_line' id='line_1_12' title="bbox 233 1027 1718 1088; baseline -0.003 -13"><span class='ocrx_word' id='word_1_84' title='bbox 233 1031 366 1075; x_wconf 90' lang='lat' dir='ltr'>debet</span> <span class='ocrx_word' id='word_1_85' title='bbox 386 1046 480 1074; x_wconf 92' lang='lat' dir='ltr'>esse</span> <span class='ocrx_word' id='word_1_86' title='bbox 501 1031 722 1088; x_wconf 89' lang='lat' dir='ltr'>sepositus</span> <span class='ocrx_word' id='word_1_87' title='bbox 736 1032 790 1074; x_wconf 92' lang='lat' dir='ltr'>ut</span> <span class='ocrx_word' id='word_1_88' title='bbox 805 1031 1049 1087; x_wconf 80' lang='lat' dir='ltr'>quaeratur</span> <span class='ocrx_word' id='word_1_89' title='bbox 1063 1028 1300 1087; x_wconf 86' lang='lat' dir='ltr'>cogendus,</span> <span class='ocrx_word' id='word_1_90' title='bbox 1321 1030 1506 1086; x_wconf 87' lang='lat' dir='ltr'>rogatus</span> <span class='ocrx_word' id='word_1_91' title='bbox 1525 1027 1718 1080; x_wconf 80' lang='lat' dir='ltr'>recedat,</span> 
     </span>
     <span class='ocr_line' id='line_1_13' title="bbox 234 1097 1718 1159; baseline -0.003 -14"><span class='ocrx_word' id='word_1_92' title='bbox 234 1102 456 1145; x_wconf 85' lang='lat' dir='ltr'>inuitatus</span> <span class='ocrx_word' id='word_1_93' title='bbox 469 1101 669 1159; x_wconf 86' lang='lat' dir='ltr'>effugiat.</span> <span class='ocrx_word' id='word_1_94' title='bbox 721 1101 827 1144; x_wconf 85' lang='lat' dir='ltr'>Sola</span> <span class='ocrx_word' id='word_1_95' title='bbox 839 1100 906 1143; x_wconf 92' lang='lat' dir='ltr'>illi</span> <span class='ocrx_word' id='word_1_96' title='bbox 922 1100 1195 1157; x_wconf 88' lang='lat' dir='ltr'>suffragetur</span> <span class='ocrx_word' id='word_1_97' title='bbox 1209 1098 1449 1142; x_wconf 81' lang='lat' dir='ltr'>necessitas</span> <span class='ocrx_word' id='word_1_98' title='bbox 1464 1097 1718 1142; x_wconf 82' lang='lat' dir='ltr'>excusandi.</span> 
     </span>
    </p>

    <p class='ocr_par' dir='ltr' id='par_1_3' title="bbox 187 1167 1785 1792">
     <span class='ocr_line' id='line_1_14' title="bbox 187 1167 1718 1229; baseline -0.001 -16"><span class='ocrx_word' id='word_1_99' title='bbox 187 1173 217 1213; x_wconf 87' lang='lat' dir='ltr'>d</span> <span class='ocrx_word' id='word_1_100' title='bbox 237 1171 441 1215; x_wconf 87' lang='lat' dir='ltr'>Profecto</span> <span class='ocrx_word' id='word_1_101' title='bbox 462 1171 582 1215; x_wconf 90' lang='lat' dir='ltr'>enim</span> <span class='ocrx_word' id='word_1_102' title='bbox 602 1171 817 1229; x_wconf 88' lang='lat' dir='ltr'>indignus</span> <span class='ocrx_word' id='word_1_103' title='bbox 841 1173 910 1214; x_wconf 87' lang='lat' dir='ltr'>est</span> <span class='ocrx_word' id='word_1_104' title='bbox 936 1169 1198 1221; x_wconf 87' lang='lat' dir='ltr'>sacerdotio,</span> <span class='ocrx_word' id='word_1_105' title='bbox 1215 1169 1303 1212; x_wconf 90' lang='lat' dir='ltr'>nisi</span> <span class='ocrx_word' id='word_1_106' title='bbox 1325 1169 1465 1212; x_wconf 82' lang='lat' dir='ltr'>fuerit</span> <span class='ocrx_word' id='word_1_107' title='bbox 1484 1167 1718 1212; x_wconf 88' lang='lat' dir='ltr'>ordinatus</span> 
     </span>
     <span class='ocr_line' id='line_1_15' title="bbox 236 1238 1718 1299; baseline -0.003 -14"><span class='ocrx_word' id='word_1_108' title='bbox 236 1242 421 1294; x_wconf 91' lang='lat' dir='ltr'>inuitus,</span> <span class='ocrx_word' id='word_1_109' title='bbox 452 1257 554 1285; x_wconf 91' lang='lat' dir='ltr'>cum</span> <span class='ocrx_word' id='word_1_110' title='bbox 585 1256 691 1285; x_wconf 91' lang='lat' dir='ltr'>sane</span> <span class='ocrx_word' id='word_1_111' title='bbox 725 1241 927 1299; x_wconf 89' lang='lat' dir='ltr'>quisquis</span> <span class='ocrx_word' id='word_1_112' title='bbox 959 1241 1075 1284; x_wconf 89' lang='lat' dir='ltr'>hanc</span> <span class='ocrx_word' id='word_1_113' title='bbox 1104 1242 1304 1283; x_wconf 81' lang='lat' dir='ltr'>sanctam</span> <span class='ocrx_word' id='word_1_114' title='bbox 1336 1242 1382 1282; x_wconf 90' lang='lat' dir='ltr'>et</span> <span class='ocrx_word' id='word_1_115' title='bbox 1416 1238 1718 1282; x_wconf 87' lang='lat' dir='ltr'>uenerabilem</span> 
     </span>
     <span class='ocr_line' id='line_1_16' title="bbox 237 1308 1780 1369; baseline -0.001 -13"><span class='ocrx_word' id='word_1_116' title='bbox 237 1312 456 1356; x_wconf 88' lang='lat' dir='ltr'>antistitis</span> <span class='ocrx_word' id='word_1_117' title='bbox 488 1312 637 1355; x_wconf 91' lang='lat' dir='ltr'>sedem</span> <span class='ocrx_word' id='word_1_118' title='bbox 672 1312 886 1369; x_wconf 89' lang='lat' dir='ltr'>pecuniae</span> <span class='ocrx_word' id='word_1_119' title='bbox 921 1311 1182 1354; x_wconf 89' lang='lat' dir='ltr'>interuentu</span> <span class='ocrx_word' id='word_1_120' title='bbox 1217 1309 1387 1353; x_wconf 88' lang='lat' dir='ltr'>subisse</span> <span class='ocrx_word' id='word_1_121' title='bbox 1421 1313 1502 1353; x_wconf 92' lang='lat' dir='ltr'>aut</span> <span class='ocrx_word' id='word_1_122' title='bbox 1535 1309 1574 1352; x_wconf 89' lang='lat' dir='ltr'>si</span> <span class='ocrx_word' id='word_1_123' title='bbox 1606 1308 1718 1366; x_wconf 90' lang='lat' dir='ltr'>quis,</span> <span class='ocrx_word' id='word_1_124' title='bbox 1739 1319 1780 1354; x_wconf 86' lang='lat'>15</span> 
     </span>
     <span class='ocr_line' id='line_1_17' title="bbox 237 1379 1720 1440; baseline -0.002 -15"><span class='ocrx_word' id='word_1_125' title='bbox 237 1385 291 1426; x_wconf 90' lang='lat' dir='ltr'>ut</span> <span class='ocrx_word' id='word_1_126' title='bbox 306 1382 498 1425; x_wconf 91' lang='lat' dir='ltr'>alterum</span> <span class='ocrx_word' id='word_1_127' title='bbox 514 1382 742 1425; x_wconf 89' lang='lat' dir='ltr'>ordinaret</span> <span class='ocrx_word' id='word_1_128' title='bbox 754 1382 827 1425; x_wconf 91' lang='lat' dir='ltr'>uel</span> <span class='ocrx_word' id='word_1_129' title='bbox 845 1382 1040 1440; x_wconf 85' lang='lat' dir='ltr'>eligeret,</span> <span class='ocrx_word' id='word_1_130' title='bbox 1056 1380 1226 1438; x_wconf 88' lang='lat' dir='ltr'>aliquid</span> <span class='ocrx_word' id='word_1_131' title='bbox 1246 1379 1463 1437; x_wconf 89' lang='lat' dir='ltr'>accepisse</span> <span class='ocrx_word' id='word_1_132' title='bbox 1479 1379 1720 1437; x_wconf 88' lang='lat' dir='ltr'>detegitur,</span> 
     </span>
     <span class='ocr_line' id='line_1_18' title="bbox 240 1449 1720 1510; baseline -0.002 -14"><span class='ocrx_word' id='word_1_133' title='bbox 240 1453 299 1496; x_wconf 90' lang='lat' dir='ltr'>ad</span> <span class='ocrx_word' id='word_1_134' title='bbox 328 1453 473 1495; x_wconf 91' lang='lat' dir='ltr'>instar</span> <span class='ocrx_word' id='word_1_135' title='bbox 505 1452 674 1510; x_wconf 92' lang='lat' dir='ltr'>publici</span> <span class='ocrx_word' id='word_1_136' title='bbox 703 1452 902 1496; x_wconf 91' lang='lat' dir='ltr'>criminis</span> <span class='ocrx_word' id='word_1_137' title='bbox 933 1454 979 1495; x_wconf 89' lang='lat' dir='ltr'>et</span> <span class='ocrx_word' id='word_1_138' title='bbox 1014 1452 1130 1494; x_wconf 90' lang='lat' dir='ltr'>lesae</span> <span class='ocrx_word' id='word_1_139' title='bbox 1161 1450 1409 1494; x_wconf 88' lang='lat' dir='ltr'>maiestatis</span> <span class='ocrx_word' id='word_1_140' title='bbox 1440 1449 1720 1493; x_wconf 87' lang='lat' dir='ltr'>accusatione</span> 
     </span>
     <span class='ocr_line' id='line_1_19' title="bbox 240 1519 1722 1581; baseline -0.001 -15"><span class='ocrx_word' id='word_1_141' title='bbox 240 1523 470 1581; x_wconf 89' lang='lat' dir='ltr'>proposita</span> <span class='ocrx_word' id='word_1_142' title='bbox 486 1537 513 1565; x_wconf 93' lang='lat' dir='ltr'>a</span> <span class='ocrx_word' id='word_1_143' title='bbox 525 1522 669 1580; x_wconf 88' lang='lat' dir='ltr'>gradu</span> <span class='ocrx_word' id='word_1_144' title='bbox 681 1522 916 1566; x_wconf 87' lang='lat' dir='ltr'>sacerdotii</span> <span class='ocrx_word' id='word_1_145' title='bbox 929 1522 1198 1566; x_wconf 88' lang='lat' dir='ltr'>retrahatur.</span> <span class='ocrx_word' id='word_1_146' title='bbox 1248 1520 1343 1564; x_wconf 93' lang='lat' dir='ltr'>Nec</span> <span class='ocrx_word' id='word_1_147' title='bbox 1359 1520 1502 1563; x_wconf 90' lang='lat' dir='ltr'>solum</span> <span class='ocrx_word' id='word_1_148' title='bbox 1514 1519 1722 1578; x_wconf 84' lang='lat' dir='ltr'>deinceps</span> 
     </span>
     <span class='ocr_line' id='line_1_20' title="bbox 241 1589 1721 1651; baseline -0.002 -15"><span class='ocrx_word' id='word_1_149' title='bbox 241 1594 408 1637; x_wconf 88' lang='lat' dir='ltr'>honore</span> <span class='ocrx_word' id='word_1_150' title='bbox 447 1593 619 1651; x_wconf 87' lang='lat' dir='ltr'>priuari</span> <span class='ocrx_word' id='word_1_151' title='bbox 658 1592 736 1636; x_wconf 92' lang='lat' dir='ltr'>sed</span> <span class='ocrx_word' id='word_1_152' title='bbox 773 1595 1014 1651; x_wconf 88' lang='lat' dir='ltr'>perpetuae</span> <span class='ocrx_word' id='word_1_153' title='bbox 1054 1606 1229 1649; x_wconf 90' lang='lat' dir='ltr'>quoque</span> <span class='ocrx_word' id='word_1_154' title='bbox 1268 1589 1482 1634; x_wconf 81' lang='lat' dir='ltr'>infamiae</span> <span class='ocrx_word' id='word_1_155' title='bbox 1516 1589 1721 1634; x_wconf 81' lang='lat' dir='ltr'>damnari</span> 
     </span>
     <span class='ocr_line' id='line_1_21' title="bbox 243 1661 1785 1721; baseline -0.003 -14"><span class='ocrx_word' id='word_1_156' title='bbox 243 1663 533 1715; x_wconf 73' lang='lat' dir='ltr'>decreuimu5‚</span> <span class='ocrx_word' id='word_1_157' title='bbox 558 1665 612 1706; x_wconf 93' lang='lat' dir='ltr'>ut</span> <span class='ocrx_word' id='word_1_158' title='bbox 638 1678 723 1715; x_wconf 88' lang='lat' dir='ltr'>eos,</span> <span class='ocrx_word' id='word_1_159' title='bbox 749 1678 860 1721; x_wconf 92' lang='lat' dir='ltr'>quos</span> <span class='ocrx_word' id='word_1_160' title='bbox 886 1662 1061 1707; x_wconf 80' lang='lat' dir='ltr'>facinus</span> <span class='ocrx_word' id='word_1_161' title='bbox 1088 1677 1170 1721; x_wconf 88' lang='lat' dir='ltr'>par</span> <span class='ocrx_word' id='word_1_162' title='bbox 1193 1661 1454 1719; x_wconf 85' lang='lat' dir='ltr'>coinquinat</span> <span class='ocrx_word' id='word_1_163' title='bbox 1476 1663 1522 1705; x_wconf 91' lang='lat' dir='ltr'>et</span> <span class='ocrx_word' id='word_1_164' title='bbox 1546 1663 1721 1718; x_wconf 87' lang='lat' dir='ltr'>aequat,</span> <span class='ocrx_word' id='word_1_165' title='bbox 1740 1669 1785 1694; x_wconf 80' lang='lat'>²0</span> 
     </span>
     <span class='ocr_line' id='line_1_22' title="bbox 242 1733 1036 1792; baseline -0.003 -14"><span class='ocrx_word' id='word_1_166' title='bbox 242 1738 456 1792; x_wconf 92' lang='lat' dir='ltr'>utrosque</span> <span class='ocrx_word' id='word_1_167' title='bbox 476 1733 634 1777; x_wconf 88' lang='lat' dir='ltr'>similis</span> <span class='ocrx_word' id='word_1_168' title='bbox 653 1748 769 1792; x_wconf 90' lang='lat' dir='ltr'>pena</span> <span class='ocrx_word' id='word_1_169' title='bbox 788 1734 1036 1778; x_wconf 90' lang='lat' dir='ltr'>comitetur.</span> 
     </span>
    </p>

    <p class='ocr_par' dir='ltr' id='par_1_4' title="bbox 244 1800 1788 2072">
     <span class='ocr_line' id='line_1_23' title="bbox 305 1800 1724 1848; baseline -0.003 0"><span class='ocrx_word' id='word_1_170' title='bbox 305 1804 423 1848; x_wconf 92' lang='lat' dir='ltr'>Item</span> <span class='ocrx_word' id='word_1_171' title='bbox 458 1803 736 1848; x_wconf 90' lang='lat' dir='ltr'>Iustinianus</span> <span class='ocrx_word' id='word_1_172' title='bbox 766 1804 1086 1848; x_wconf 88' lang='lat' dir='ltr'>constitutione</span> <span class='ocrx_word' id='word_1_173' title='bbox 1121 1802 1335 1847; x_wconf 87' lang='lat' dir='ltr'>Nouella:</span> <span class='ocrx_word' id='word_1_174' title='bbox 1374 1801 1485 1845; x_wconf 89' lang='lat' dir='ltr'>Prae</span> <span class='ocrx_word' id='word_1_175' title='bbox 1517 1800 1724 1845; x_wconf 85' lang='lat' dir='ltr'>omnibus</span> 
     </span>
     <span class='ocr_line' id='line_1_24' title="bbox 244 1871 1726 1931; baseline -0.003 -12"><span class='ocrx_word' id='word_1_176' title='bbox 244 1875 356 1919; x_wconf 87' lang='lat' dir='ltr'>illud</span> <span class='ocrx_word' id='word_1_177' title='bbox 381 1874 609 1918; x_wconf 91' lang='lat' dir='ltr'>obseruari</span> <span class='ocrx_word' id='word_1_178' title='bbox 633 1874 857 1918; x_wconf 85' lang='lat' dir='ltr'>sancimus</span> <span class='ocrx_word' id='word_1_179' title='bbox 883 1876 937 1918; x_wconf 92' lang='lat' dir='ltr'>ut</span> <span class='ocrx_word' id='word_1_180' title='bbox 963 1873 1114 1917; x_wconf 91' lang='lat' dir='ltr'>nullus</span> <span class='ocrx_word' id='word_1_181' title='bbox 1139 1887 1219 1931; x_wconf 88' lang='lat' dir='ltr'>per</span> <span class='ocrx_word' id='word_1_182' title='bbox 1248 1871 1510 1930; x_wconf 86' lang='lat' dir='ltr'>suffragium</span> <span class='ocrx_word' id='word_1_183' title='bbox 1537 1871 1726 1915; x_wconf 85' lang='lat' dir='ltr'>alicuius</span> 
     </span>
     <span class='ocr_line' id='line_1_25' title="bbox 244 1941 1726 2002; baseline -0.003 -13"><span class='ocrx_word' id='word_1_184' title='bbox 244 1945 442 1989; x_wconf 90' lang='lat' dir='ltr'>muneris</span> <span class='ocrx_word' id='word_1_185' title='bbox 478 1944 709 2002; x_wconf 89' lang='lat' dir='ltr'>episcopus</span> <span class='ocrx_word' id='word_1_186' title='bbox 744 1944 988 1988; x_wconf 89' lang='lat' dir='ltr'>ordinetur.</span> <span class='ocrx_word' id='word_1_187' title='bbox 1051 1943 1102 1987; x_wconf 86' lang='lat' dir='ltr'>Si</span> <span class='ocrx_word' id='word_1_188' title='bbox 1141 1941 1251 2001; x_wconf 87' lang='lat' dir='ltr'>quid</span> <span class='ocrx_word' id='word_1_189' title='bbox 1289 1945 1441 1986; x_wconf 88' lang='lat' dir='ltr'>autem</span> <span class='ocrx_word' id='word_1_190' title='bbox 1480 1941 1571 1985; x_wconf 87' lang='lat' dir='ltr'>tale</span> <span class='ocrx_word' id='word_1_191' title='bbox 1609 1957 1726 1986; x_wconf 89' lang='lat' dir='ltr'>com-</span> 
     </span>
     <span class='ocr_line' id='line_1_26' title="bbox 245 2012 1788 2072; baseline -0.003 -13"><span class='ocrx_word' id='word_1_192' title='bbox 245 2016 399 2067; x_wconf 89' lang='lat' dir='ltr'>itatur,</span> <span class='ocrx_word' id='word_1_193' title='bbox 440 2014 524 2072; x_wconf 83' lang='lat' dir='ltr'>ipsi</span> <span class='ocrx_word' id='word_1_194' title='bbox 565 2014 724 2058; x_wconf 88' lang='lat' dir='ltr'>dantes</span> <span class='ocrx_word' id='word_1_195' title='bbox 773 2017 819 2058; x_wconf 90' lang='lat' dir='ltr'>et</span> <span class='ocrx_word' id='word_1_196' title='bbox 858 2013 1125 2072; x_wconf 88' lang='lat' dir='ltr'>accipientes</span> <span class='ocrx_word' id='word_1_197' title='bbox 1176 2016 1222 2057; x_wconf 90' lang='lat' dir='ltr'>et</span> <span class='ocrx_word' id='word_1_198' title='bbox 1268 2028 1421 2058; x_wconf 87' lang='lat' dir='ltr'>eorum</span> <span class='ocrx_word' id='word_1_199' title='bbox 1460 2012 1727 2056; x_wconf 84' lang='lat' dir='ltr'>mediatores</span> <span class='ocrx_word' id='word_1_200' title='bbox 1746 2019 1788 2054; x_wconf 80' lang='lat'>²⁵</span> 
     </span>
    </p>

    <p class='ocr_par' dir='ltr' id='par_1_5' title="bbox 94 2083 1794 2484">
     <span class='ocr_line' id='line_1_27' title="bbox 94 2083 1727 2144; baseline -0.003 -13"><span class='ocrx_word' id='word_1_201' title='bbox 94 2085 178 2128; x_wconf 89' lang='lat'>688</span> <span class='ocrx_word' id='word_1_202' title='bbox 200 2095 230 2126; x_wconf 82' lang='lat' dir='ltr'>a</span> <span class='ocrx_word' id='word_1_203' title='bbox 247 2086 557 2144; x_wconf 85' lang='lat' dir='ltr'>dampnationi</span> <span class='ocrx_word' id='word_1_204' title='bbox 597 2085 888 2129; x_wconf 88' lang='lat' dir='ltr'>subiciantur.</span> <span class='ocrx_word' id='word_1_205' title='bbox 955 2085 1015 2128; x_wconf 91' lang='lat' dir='ltr'>Et</span> <span class='ocrx_word' id='word_1_206' title='bbox 1053 2087 1289 2143; x_wconf 87' lang='lat' dir='ltr'>propterea</span> <span class='ocrx_word' id='word_1_207' title='bbox 1328 2084 1406 2142; x_wconf 85' lang='lat' dir='ltr'>qui</span> <span class='ocrx_word' id='word_1_208' title='bbox 1445 2083 1526 2127; x_wconf 90' lang='lat' dir='ltr'>dat</span> <span class='ocrx_word' id='word_1_209' title='bbox 1563 2085 1611 2127; x_wconf 89' lang='lat' dir='ltr'>et</span> <span class='ocrx_word' id='word_1_210' title='bbox 1649 2083 1727 2140; x_wconf 92' lang='lat' dir='ltr'>qui</span> 
     </span>
     <span class='ocr_line' id='line_1_28' title="bbox 247 2155 1729 2215; baseline -0.002 -14"><span class='ocrx_word' id='word_1_211' title='bbox 247 2157 410 2215; x_wconf 85' lang='lat' dir='ltr'>accipit</span> <span class='ocrx_word' id='word_1_212' title='bbox 431 2159 476 2200; x_wconf 91' lang='lat' dir='ltr'>et</span> <span class='ocrx_word' id='word_1_213' title='bbox 496 2156 716 2200; x_wconf 89' lang='lat' dir='ltr'>mediator</span> <span class='ocrx_word' id='word_1_214' title='bbox 735 2155 971 2199; x_wconf 87' lang='lat' dir='ltr'>sacerdotii</span> <span class='ocrx_word' id='word_1_215' title='bbox 998 2159 1079 2199; x_wconf 89' lang='lat' dir='ltr'>aut</span> <span class='ocrx_word' id='word_1_216' title='bbox 1106 2155 1211 2199; x_wconf 89' lang='lat' dir='ltr'>cleri</span> <span class='ocrx_word' id='word_1_217' title='bbox 1239 2155 1404 2198; x_wconf 86' lang='lat' dir='ltr'>honore</span> <span class='ocrx_word' id='word_1_218' title='bbox 1432 2156 1729 2198; x_wconf 87' lang='lat' dir='ltr'>remoueatur.</span> 
     </span>
     <span class='ocr_line' id='line_1_29' title="bbox 250 2224 1728 2285; baseline -0.003 -13"><span class='ocrx_word' id='word_1_219' title='bbox 250 2227 380 2282; x_wconf 79' lang='lat' dir='ltr'>Quod</span> <span class='ocrx_word' id='word_1_220' title='bbox 419 2230 571 2271; x_wconf 89' lang='lat' dir='ltr'>autem</span> <span class='ocrx_word' id='word_1_221' title='bbox 605 2242 687 2285; x_wconf 94' lang='lat' dir='ltr'>pro</span> <span class='ocrx_word' id='word_1_222' title='bbox 714 2227 798 2270; x_wconf 91' lang='lat' dir='ltr'>hac</span> <span class='ocrx_word' id='word_1_223' title='bbox 827 2241 961 2270; x_wconf 86' lang='lat' dir='ltr'>causa</span> <span class='ocrx_word' id='word_1_224' title='bbox 991 2226 1148 2270; x_wconf 87' lang='lat' dir='ltr'>datum</span> <span class='ocrx_word' id='word_1_225' title='bbox 1178 2228 1258 2277; x_wconf 91' lang='lat' dir='ltr'>est,</span> <span class='ocrx_word' id='word_1_226' title='bbox 1287 2225 1492 2269; x_wconf 84' lang='lat' dir='ltr'>ecclesiae</span> <span class='ocrx_word' id='word_1_227' title='bbox 1522 2224 1590 2267; x_wconf 92' lang='lat' dir='ltr'>illi</span> <span class='ocrx_word' id='word_1_228' title='bbox 1619 2238 1728 2268; x_wconf 86' lang='lat' dir='ltr'>uen-</span> 
     </span>
     <span class='ocr_line' id='line_1_30' title="bbox 249 2293 1731 2354; baseline -0.004 -12"><span class='ocrx_word' id='word_1_229' title='bbox 249 2299 424 2342; x_wconf 89' lang='lat' dir='ltr'>dicetur</span> <span class='ocrx_word' id='word_1_230' title='bbox 443 2298 570 2342; x_wconf 87' lang='lat' dir='ltr'>cuius</span> <span class='ocrx_word' id='word_1_231' title='bbox 586 2297 733 2341; x_wconf 93' lang='lat' dir='ltr'>uoluit</span> <span class='ocrx_word' id='word_1_232' title='bbox 748 2296 1045 2341; x_wconf 88' lang='lat' dir='ltr'>sacerdotium</span> <span class='ocrx_word' id='word_1_233' title='bbox 1065 2311 1333 2354; x_wconf 88' lang='lat' dir='ltr'>comparare.</span> <span class='ocrx_word' id='word_1_234' title='bbox 1385 2295 1433 2339; x_wconf 87' lang='lat' dir='ltr'>Si</span> <span class='ocrx_word' id='word_1_235' title='bbox 1453 2294 1571 2338; x_wconf 80' lang='lat' dir='ltr'>forte</span> <span class='ocrx_word' id='word_1_236' title='bbox 1590 2293 1731 2337; x_wconf 87' lang='lat' dir='ltr'>laicus</span> 
     </span>
     <span class='ocr_line' id='line_1_31' title="bbox 249 2362 1794 2426; baseline -0.002 -14"><span class='ocrx_word' id='word_1_237' title='bbox 249 2368 469 2413; x_wconf 87' lang='lat' dir='ltr'>mediator</span> <span class='ocrx_word' id='word_1_238' title='bbox 508 2383 590 2426; x_wconf 91' lang='lat' dir='ltr'>pro</span> <span class='ocrx_word' id='word_1_239' title='bbox 629 2368 714 2412; x_wconf 90' lang='lat' dir='ltr'>hac</span> <span class='ocrx_word' id='word_1_240' title='bbox 753 2382 887 2411; x_wconf 84' lang='lat' dir='ltr'>causa</span> <span class='ocrx_word' id='word_1_241' title='bbox 927 2367 1098 2425; x_wconf 90' lang='lat' dir='ltr'>aliquid</span> <span class='ocrx_word' id='word_1_242' title='bbox 1137 2366 1338 2424; x_wconf 87' lang='lat' dir='ltr'>accipiat,</span> <span class='ocrx_word' id='word_1_243' title='bbox 1373 2365 1421 2408; x_wconf 91' lang='lat' dir='ltr'>in</span> <span class='ocrx_word' id='word_1_244' title='bbox 1456 2364 1644 2422; x_wconf 90' lang='lat' dir='ltr'>duplum</span> <span class='ocrx_word' id='word_1_245' title='bbox 1682 2362 1731 2407; x_wconf 92' lang='lat' dir='ltr'>id</span> <span class='ocrx_word' id='word_1_246' title='bbox 1749 2373 1794 2409; x_wconf 83' lang='lat'>30</span> 
     </span>
     <span class='ocr_line' id='line_1_32' title="bbox 251 2439 710 2484; baseline -0.002 0"><span class='ocrx_word' id='word_1_247' title='bbox 251 2439 458 2484; x_wconf 90' lang='lat' dir='ltr'>ecclesiae</span> <span class='ocrx_word' id='word_1_248' title='bbox 487 2439 710 2483; x_wconf 89' lang='lat' dir='ltr'>restituat.</span> 
     </span>
    </p>
   </div>
   <div class='ocr_carea' id='block_1_3' title="bbox 252 2561 1732 2662">
    <p class='ocr_par' dir='ltr' id='par_1_6' title="bbox 252 2561 1732 2662">
     <span class='ocr_line' id='line_1_33' title="bbox 252 2561 1732 2614; baseline -0.003 -10"><span class='ocrx_word' id='word_1_249' title='bbox 252 2578 273 2614; x_wconf 88' lang='lat'><strong>3</strong></span> <span class='ocrx_word' id='word_1_250' title='bbox 299 2569 341 2603; x_wconf 85' lang='lat' dir='ltr'>in</span> <span class='ocrx_word' id='word_1_251' title='bbox 358 2569 453 2604; x_wconf 72' lang='lat' dir='ltr'>deest</span> <span class='ocrx_word' id='word_1_252' title='bbox 469 2569 511 2603; x_wconf 82' lang='lat' dir='ltr'>in</span> <span class='ocrx_word' id='word_1_253' title='bbox 529 2569 630 2604; x_wconf 85' lang='lat' dir='ltr'>codd.</span> <span class='ocrx_word' id='word_1_254' title='bbox 825 2576 869 2612; x_wconf 88' lang='lat'>23</span> <span class='ocrx_word' id='word_1_255' title='bbox 896 2564 1108 2603; x_wconf 74' lang='lat' dir='ltr'>sanctimus</span> <span class='ocrx_word' id='word_1_256' title='bbox 1125 2565 1160 2601; x_wconf 92' lang='lat' dir='ltr'>A</span> <span class='ocrx_word' id='word_1_257' title='bbox 1367 2575 1414 2611; x_wconf 84' lang='lat'>30</span> <span class='ocrx_word' id='word_1_258' title='bbox 1439 2562 1606 2610; x_wconf 79' lang='lat' dir='ltr'>accipiat</span> <span class='ocrx_word' id='word_1_259' title='bbox 1623 2573 1690 2600; x_wconf 85' lang='lat' dir='ltr'>om.</span> <span class='ocrx_word' id='word_1_260' title='bbox 1708 2561 1732 2599; x_wconf 89' lang='lat' dir='ltr'>S</span> 
     </span>
     <span class='ocr_line' id='line_1_34' title="bbox 252 2613 954 2662; baseline -0.001 -11"><span class='ocrx_word' id='word_1_261' title='bbox 252 2615 440 2662; x_wconf 89' lang='lat' dir='ltr'>dupplum</span> <span class='ocrx_word' id='word_1_262' title='bbox 456 2615 490 2652; x_wconf 80' lang='lat' dir='ltr'>A</span> <span class='ocrx_word' id='word_1_263' title='bbox 633 2613 844 2653; x_wconf 83' lang='lat' dir='ltr'>aecclesiae</span> <span class='ocrx_word' id='word_1_264' title='bbox 863 2613 903 2650; x_wconf 90' lang='lat' dir='ltr'>id</span> <span class='ocrx_word' id='word_1_265' title='bbox 919 2613 954 2650; x_wconf 88' lang='lat' dir='ltr'>A</span> 
     </span>
    </p>
   </div>
   <div class='ocr_carea' id='block_1_4' title="bbox 253 2731 1738 2829">
    <p class='ocr_par' dir='ltr' id='par_1_7' title="bbox 253 2731 1738 2829">
     <span class='ocr_line' id='line_1_35' title="bbox 303 2731 1735 2782; baseline -0.003 -10"><span class='ocrx_word' id='word_1_266' title='bbox 303 2747 323 2782; x_wconf 93' lang='lat'>3</span> <span class='ocrx_word' id='word_1_267' title='bbox 349 2737 437 2772; x_wconf 84' lang='lat' dir='ltr'>auri</span> <span class='ocrx_word' id='word_1_268' title='bbox 452 2748 558 2772; x_wconf 79' lang='lat' dir='ltr'>sacra</span> <span class='ocrx_word' id='word_1_269' title='bbox 574 2738 707 2777; x_wconf 80' lang='lat' dir='ltr'>fames:</span> <span class='ocrx_word' id='word_1_270' title='bbox 733 2735 848 2782; x_wconf 87' lang='lat' dir='ltr'>Verg.</span> <span class='ocrx_word' id='word_1_271' title='bbox 864 2737 955 2771; x_wconf 82' lang='lat' dir='ltr'>Aen.</span> <span class='ocrx_word' id='word_1_272' title='bbox 971 2733 1027 2771; x_wconf 86' lang='lat' dir='ltr'>iii.</span> <span class='ocrx_word' id='word_1_273' title='bbox 1047 2743 1102 2782; x_wconf 75' lang='lat'>57.</span> <span class='ocrx_word' id='word_1_274' title='bbox 1199 2745 1222 2780; x_wconf 90' lang='lat'>4</span> <span class='ocrx_word' id='word_1_275' title='bbox 1251 2735 1376 2779; x_wconf 80' lang='lat' dir='ltr'>Quod:</span> <span class='ocrx_word' id='word_1_276' title='bbox 1401 2734 1491 2780; x_wconf 74' lang='lat' dir='ltr'>quid</span> <span class='ocrx_word' id='word_1_277' title='bbox 1503 2731 1592 2769; x_wconf 77' lang='lat' dir='ltr'>cod.</span> <span class='ocrx_word' id='word_1_278' title='bbox 1691 2740 1735 2776; x_wconf 90' lang='lat'>14</span> 
     </span>
     <span class='ocr_line' id='line_1_36' title="bbox 253 2780 1738 2829; baseline -0.004 -9"><span class='ocrx_word' id='word_1_279' title='bbox 253 2785 516 2820; x_wconf 68' lang='lat' dir='ltr'>uenerabilem:</span> <span class='ocrx_word' id='word_1_280' title='bbox 541 2786 790 2820; x_wconf 74' lang='lat' dir='ltr'>uenerandum</span> <span class='ocrx_word' id='word_1_281' title='bbox 806 2783 896 2820; x_wconf 85' lang='lat' dir='ltr'>God.</span> <span class='ocrx_word' id='word_1_282' title='bbox 1053 2793 1100 2819; x_wconf 88' lang='lat'>20</span> <span class='ocrx_word' id='word_1_283' title='bbox 1123 2794 1210 2829; x_wconf 77' lang='lat' dir='ltr'>quos</span> <span class='ocrx_word' id='word_1_284' title='bbox 1216 2783 1374 2828; x_wconf 74' lang='lat' dir='ltr'>facinus</span> <span class='ocrx_word' id='word_1_285' title='bbox 1385 2792 1463 2828; x_wconf 81' lang='lat' dir='ltr'>par</span> <span class='ocrx_word' id='word_1_286' title='bbox 1476 2780 1689 2827; x_wconf 76' lang='lat' dir='ltr'>coinquinat</span> <span class='ocrx_word' id='word_1_287' title='bbox 1704 2783 1738 2815; x_wconf 77' lang='lat' dir='ltr'>et</span> 
     </span>
    </p>
   </div>
   <div class='ocr_carea' id='block_1_5' title="bbox 253 2827 1734 2927">
    <p class='ocr_par' dir='ltr' id='par_1_8' title="bbox 253 2827 1734 2927">
     <span class='ocr_line' id='line_1_37' title="bbox 253 2827 1734 2879; baseline -0.003 -11"><span class='ocrx_word' id='word_1_288' title='bbox 253 2837 405 2879; x_wconf 81' lang='lat' dir='ltr'>aequat:</span> <span class='ocrx_word' id='word_1_289' title='bbox 433 2844 466 2868; x_wconf 87' lang='lat' dir='ltr'>v.</span> <span class='ocrx_word' id='word_1_290' title='bbox 484 2831 627 2868; x_wconf 86' lang='lat' dir='ltr'>Lucan.</span> <span class='ocrx_word' id='word_1_291' title='bbox 643 2834 774 2868; x_wconf 80' lang='lat' dir='ltr'>Phars.</span> <span class='ocrx_word' id='word_1_292' title='bbox 791 2844 824 2868; x_wconf 90' lang='lat' dir='ltr'>v.</span> <span class='ocrx_word' id='word_1_293' title='bbox 843 2842 924 2878; x_wconf 88' lang='lat'>290.</span> <span class='ocrx_word' id='word_1_294' title='bbox 1071 2841 1116 2867; x_wconf 89' lang='lat'>22</span> <span class='ocrx_word' id='word_1_295' title='bbox 1142 2832 1236 2867; x_wconf 80' lang='lat' dir='ltr'>Prae</span> <span class='ocrx_word' id='word_1_296' title='bbox 1252 2831 1418 2867; x_wconf 69' lang='lat' dir='ltr'>omnibus</span> <span class='ocrx_word' id='word_1_297' title='bbox 1431 2831 1501 2866; x_wconf 87' lang='lat' dir='ltr'>etc.</span> <span class='ocrx_word' id='word_1_298' title='bbox 1516 2841 1525 2865; x_wconf 71' lang='grc' dir='ltr'><strong>ε</strong></span> <span class='ocrx_word' id='word_1_299' title='bbox 1549 2840 1582 2865; x_wconf 80' lang='lat' dir='ltr'>v.</span> <span class='ocrx_word' id='word_1_300' title='bbox 1600 2827 1734 2864; x_wconf 75' lang='lat' dir='ltr'>Novell.</span> 
     </span>
     <span class='ocr_line' id='line_1_38' title="bbox 257 2877 1119 2927; baseline -0.001 -11"><span class='ocrx_word' id='word_1_301' title='bbox 257 2878 373 2916; x_wconf 83' lang='lat' dir='ltr'>cxxiii</span> <span class='ocrx_word' id='word_1_302' title='bbox 392 2879 627 2926; x_wconf 77' lang='lat' dir='ltr'>(=Authent.</span> <span class='ocrx_word' id='word_1_303' title='bbox 645 2880 732 2917; x_wconf 90' lang='lat' dir='ltr'>coll.</span> <span class='ocrx_word' id='word_1_304' title='bbox 750 2879 801 2917; x_wconf 90' lang='lat' dir='ltr'>ix.</span> <span class='ocrx_word' id='word_1_305' title='bbox 818 2878 881 2916; x_wconf 90' lang='lat' dir='ltr'>tit.</span> <span class='ocrx_word' id='word_1_306' title='bbox 899 2881 937 2927; x_wconf 87' lang='lat'>6)</span> <span class='ocrx_word' id='word_1_307' title='bbox 955 2890 990 2916; x_wconf 82' lang='lat' dir='ltr'>c.</span> <span class='ocrx_word' id='word_1_308' title='bbox 1008 2888 1028 2915; x_wconf 87' lang='lat'>2</span> <span class='ocrx_word' id='word_1_309' title='bbox 1048 2877 1067 2926; x_wconf 68' lang='grc' dir='ltr'><strong>ξ</strong></span> <span class='ocrx_word' id='word_1_310' title='bbox 1089 2889 1119 2916; x_wconf 85' lang='lat'>1.</span> 
     </span>
    </p>
   </div>
   <div class='ocr_carea' id='block_1_6' title="bbox 368 2952 431 2994">
    <p class='ocr_par' dir='ltr' id='par_1_9' title="bbox 368 2952 431 2994">
     <span class='ocr_line' id='line_1_39' title="bbox 368 2952 431 2994; baseline -0.016 -9"><span class='ocrx_word' id='word_1_311' title='bbox 368 2952 431 2994; x_wconf 86' lang='lat'>184</span> 
     </span>
    </p>
   </div>
  </div>
 </body>
</html>
