1846 3262
59 207 135 247 719
157 206 181 238 c
531 194 734 240 IOANN
737 193 795 239 IS
835 191 1353 237 SARESBERIENSIS
1460 190 1568 253 [ΗΒ.
1583 201 1678 236 VIII

197 318 354 375 utique
395 317 549 360 fouere
589 304 824 367 malitiam,
856 315 934 359 sed
963 318 1168 373 correpta
1207 317 1263 366 et,
1300 315 1340 359 si
1378 315 1476 358 fieri
1516 315 1681 372 potest,

197 388 444 439 emendata,
467 387 693 430 fraternae
720 386 922 429 caritatis
950 385 1047 428 iure
1074 388 1251 442 oportet
1278 385 1521 428 sustentari
1545 387 1680 427 natu-

197 473 305 501 ram.
366 457 562 514 Expedit
591 457 770 513 quidem
799 456 920 499 omni
948 456 1120 513 petenti
1146 456 1343 499 tribuere
1371 455 1444 498 uel
1472 454 1681 498 affectum

150 529 179 569 d
198 528 361 570 mentis
388 527 460 570 uel
488 527 699 570 solatium
727 526 943 570 caritatis.
1005 526 1240 569 Interdum
1270 529 1422 569 tamen
1452 525 1682 582 increpare

197 598 388 655 pigrum,
423 597 702 640 meretricem
743 597 816 639 uel
851 596 1115 639 histrionem
1150 595 1423 640 confundere
1459 594 1682 638 salubrius
1700 606 1722 642 s

198 671 266 711 est
294 683 428 725 quam
457 667 575 724 quod
602 667 791 724 exigunt
819 666 1012 725 elargiri.
1073 666 1194 720 Quid
1218 668 1397 709 moror?
1458 663 1684 722 Quicquid

198 738 362 781 caritas
402 741 569 795 erogat,
610 739 923 780 remuneratur
962 752 990 780 a
1030 737 1245 790 Domin03
1296 736 1414 794 quod
1454 736 1685 794 dispensat

198 808 391 859 uanitas,
408 807 644 851 euanescit.
696 807 752 850 In
770 807 940 860 Quinto
957 806 1170 850 Considio
1185 806 1468 850 saluberrimi
1489 804 1684 863 exempli

198 893 278 922 nec
309 878 405 921 sine
435 893 576 935 paruo
606 877 749 935 ipsius
779 877 932 920 fructu
967 877 1214 920 liberalitas
1248 877 1470 920 referente
1505 875 1685 919 Valerio

199 948 415 991 adnotata
455 953 546 1001 est;
592 948 682 1006 qui,
714 947 978 992 Cathelinae
1014 947 1166 991 furore
1205 948 1272 991 ita
1308 950 1593 991 consternata
1632 961 1681 990 re
1706 964 1748 988 10

199 1019 378 1076 publica
417 1022 470 1062 ut
509 1034 566 1061 ne
606 1034 633 1061 a
673 1018 969 1075 locupletibus
1017 1018 1197 1075 quidem
1245 1007 1436 1061 debitae*
1469 1017 1684 1075 pecuniae

201 1089 402 1146 (propter
446 1089 675 1132 cumulum
725 1088 860 1145 pretii
910 1088 1237 1145 possessionum
1287 1088 1519 1146 diminuti)
1569 1087 1685 1131 solui

200 1159 495 1202 creditoribus
524 1162 715 1216 possent,
749 1174 850 1202 cum
885 1159 1052 1202 centies
1082 1162 1217 1216 atque
1248 1158 1543 1217 quinquagies
1583 1173 1682 1202 sex-

201 1229 325 1272 tertii
346 1244 565 1272 summam
587 1229 635 1271 in
656 1229 809 1272 fenore
825 1229 1021 1281 haberet,
1036 1244 1179 1286 neque
1201 1229 1255 1272 de
1276 1233 1395 1272 sorte
1416 1243 1684 1287 quemquam

201 1299 454 1342 debitorum
468 1315 648 1342 suorum
660 1314 803 1356 neque
819 1299 874 1342 de
886 1314 1023 1342 usura
1039 1315 1066 1342 a
1081 1300 1174 1342 suis
1186 1314 1344 1356 passus
1362 1302 1430 1343 est
1444 1299 1686 1350 conueniri‚
1707 1318 1747 1352 15

204 1373 510 1427 quantumque
531 1370 578 1412 in
595 1370 692 1427 ipso
714 1369 804 1412 fuit
828 1369 1176 1413 amaritudinem
1189 1369 1393 1427 publicae
1409 1369 1685 1414 confusionis

52 1450 135 1490 720
156 1450 186 1479 a
203 1440 384 1498 priuata
445 1440 774 1497 tranquillitate
834 1440 1076 1497 mitigauit‚
1135 1443 1354 1497 oportune
1414 1441 1687 1498 mirificeque

156 1534 158 1536 v
203 1512 396 1553 testatus
441 1525 487 1553 se
538 1525 822 1552 nummorum
876 1525 1070 1561 suorum,
1112 1525 1203 1553 non
1245 1510 1390 1553 ciuilis
1440 1511 1685 1568 sanguinis,

203 1596 297 1624 esse
333 1580 641 1623 feneratorem.
705 1579 824 1622 Nam
855 1580 931 1637 qui
967 1595 1085 1623 nunc
1120 1580 1356 1638 praecipue
1391 1581 1687 1638 negotiationi

203 1651 494 1701 delectantur,
526 1665 627 1693 cum
660 1650 893 1708 pecuniam
929 1650 1110 1693 domum
1150 1653 1382 1694 cruentam
1422 1651 1687 1706 retulerunt,
1707 1672 1750 1697 20

204 1736 339 1778 quam
360 1720 652 1778 improbando
677 1721 885 1764 exultant
904 1721 1069 1778 gaudio
1090 1724 1367 1778 cognoscent,
1388 1721 1426 1764 si
1447 1721 1688 1780 diligenter

203 1795 386 1834 senatus
407 1791 671 1842 consultum,
693 1806 781 1848 quo
809 1790 1022 1835 Considio
1049 1791 1223 1849 gratiae
1251 1794 1377 1834 actae
1404 1795 1522 1843 sunt,
1542 1792 1689 1851 legere

203 1877 295 1905 non
336 1861 624 1904 fastidierint.
701 1861 939 1905 Subnectit
973 1862 1079 1905 huic
1107 1862 1458 1920 Agrigentinum
1491 1862 1686 1915 Gilliam‚

205 1947 337 1990 quem
374 1932 693 1989 propemodum
725 1932 866 1990 ipsius
900 1932 1186 1976 liberalitatis
1219 1933 1479 1990 praecordia
1513 1937 1690 1979 constat

205 2002 427 2045 habuisse.
489 2002 599 2045 Erat
634 2003 794 2060 opibus
827 2003 1058 2054 excellens,
1078 2003 1155 2046 sed
1188 2003 1331 2046 multo
1366 2004 1503 2047 etiam
1538 2005 1688 2050 animo
1709 2022 1750 2058 ²⁵

207 2088 342 2130 quam
377 2072 552 2115 diuitiis
591 2073 865 2130 locupletior,
901 2088 1160 2131 semperque
1199 2074 1248 2116 in
1281 2075 1507 2132 eroganda
1539 2076 1690 2134 potius

1026 2180 1073 2206 uel
1084 2179 1127 2206 ef-

209 2223 230 2248 2
255 2212 436 2249 karitatis
453 2212 494 2248 M
593 2223 613 2258 3
639 2211 810 2259 quidem]
830 2212 935 2250 enim
951 2213 985 2250 A
1081 2214 1263 2251 affectum
1279 2213 1336 2250 A:
1362 2214 1542 2252 effectum
1559 2214 1584 2252 S
1669 2227 1693 2265 7

208 2260 387 2296 karitatis
402 2260 455 2296 M¹
470 2262 571 2307 Cyn:
589 2261 734 2297 karitas
745 2261 828 2297 SM²
914 2273 958 2298 10
981 2264 1169 2299 annotata
1182 2262 1222 2297 M
1296 2262 1491 2301 chateline
1506 2264 1566 2300 CB
1649 2274 1690 2311 15

209 2309 267 2345 sui
281 2308 446 2345 CBASM
536 2311 577 2346 16
603 2309 645 2344 in
659 2311 764 2346 habet
775 2310 808 2346 A
822 2322 935 2356 marq.
954 2323 962 2346 z
981 2322 1050 2347 om.
1063 2309 1243 2347 CBA¹SM
1326 2311 1584 2350 amaritudine
1597 2311 1695 2350 CBA

259 2442 279 2478 3
305 2434 405 2468 omni
417 2433 556 2478 petenti
572 2433 749 2468 tribuere:
777 2444 810 2468 v.
830 2431 922 2469 Luc.
939 2432 988 2468 vi.
1008 2443 1067 2478 30.
1252 2435 1274 2470 8
1298 2435 1348 2470 Iu
1367 2436 1501 2479 Quinto
1523 2436 1695 2472 Considio

212 2481 304 2516 etc.:
339 2479 422 2516 Val.
450 2480 549 2515 Max.
577 2479 624 2515 iv.
657 2482 677 2516 8
707 2479 724 2526 ξ
755 2491 788 2526 3.
940 2492 981 2517 12
1012 2483 1220 2518 cumulum:
1244 2480 1303 2518 ita
1335 2482 1483 2519 codices
1517 2483 1695 2528 Ioannis;

211 2529 393 2563 tumulum
410 2527 557 2564 habent
577 2528 634 2574 (ut
653 2530 820 2564 testatur
836 2528 874 2564 C.
892 2528 1039 2575 Kempf
1051 2529 1091 2565 in
1106 2530 1164 2566 ed.
1182 2529 1469 2568 Teubnerianae
1484 2542 1574 2578 app.
1593 2532 1693 2577 crit.)

212 2575 363 2612 codices
392 2575 537 2612 Valerii
566 2575 837 2622 antiquissimi,
868 2577 1094 2623 quibuscum
1120 2578 1300 2624 congruit
1333 2579 1471 2616 Noster
1504 2579 1621 2616 etiam
1652 2580 1695 2616 in

211 2626 446 2669 neyotiationi
463 2636 530 2670 pro
550 2626 819 2660 nundinatione
838 2624 876 2669 (1.
900 2625 956 2672 19)
975 2625 1158 2672 legendo;
1187 2628 1384 2662 tumultum
1401 2626 1541 2664 rectius
1558 2627 1696 2675 legunt

213 2671 358 2707 Valerii
375 2672 494 2709 ceteri
517 2671 667 2708 codices
693 2674 731 2708 et
754 2672 930 2709 editores.
1070 2675 1185 2720 pretii
1207 2677 1472 2720 possessionum
1498 2678 1694 2712 diminuti:

210 2722 341 2764 pretiis
360 2722 626 2765 possessionum
646 2722 843 2756 deminutis
865 2721 946 2757 Val.
967 2721 1090 2766 Max.;
1118 2722 1340 2768 genetivum
1366 2722 1519 2770 scripsit
1535 2723 1696 2760 Ioannes

215 2770 258 2802 ut
276 2770 461 2803 cumulum
478 2767 737 2814 intellegeret.
848 2778 886 2815 15
914 2771 1103 2805 conueniri
1117 2783 1125 2806 z
1151 2772 1335 2816 appellari
1350 2770 1433 2807 Val.
1449 2771 1551 2808 Max.
1648 2782 1693 2817 23

214 2816 398 2851 Subnectit
417 2818 551 2862 (usque
576 2816 624 2852 ad.
647 2816 862 2861 custodiam)
886 2819 979 2853 etc.:
1007 2818 1091 2853 Val.
1109 2817 1210 2854 Max.
1227 2818 1273 2855 iv.
1293 2820 1314 2856 8
1333 2821 1408 2856 ext.
1425 2829 1447 2856 2
1467 2820 1697 2867 (Subnectam

214 2863 318 2908 eta).
438 2874 483 2909 23
513 2865 690 2901 Gillium:
720 2863 769 2901 cf.
787 2866 934 2902 Enthet.
959 2866 1049 2912 1663
1067 2868 1179 2911 (1000
1192 2868 1250 2914 D).

326 2941 394 2976 242
