1846 3262
52 205 137 254 623
156 203 186 246 d
534 199 798 246 IOANNIS
839 195 1359 244 SARESBERIENSIS
1505 192 1616 254 [Lm.
1633 204 1685 237 VI

202 325 414 376 excitant,
434 324 652 368 collidunt
671 322 839 367 clerum
860 324 907 366 et
926 321 1154 379 populum,
1173 320 1401 363 laboribus
1429 321 1475 362 et
1494 316 1686 361 miseriis

201 395 467 439 afflictorum
494 408 778 451 nequaquam
806 392 1153 450 compatiuntur,
1174 391 1457 434 ecclesiarum
1485 389 1687 432 letantur

202 466 356 523 spoliis
383 468 430 509 et
456 467 692 522 quaestum
723 478 901 507 omnem
928 464 1142 520 reputant
1170 461 1398 519 pietatem.
1457 458 1687 502 Iustitiam

203 551 295 579 non
330 539 424 579 tam
461 534 646 577 ueritati
679 549 814 591 quam
849 533 995 591 pretio
1030 532 1237 575 reddunt.
1301 530 1464 574 Omnia
1494 543 1687 586 namque

204 621 306 650 cum
326 605 471 663 pretio
491 605 623 648 hodie
639 618 650 657 ;
675 604 752 647 sed
771 619 852 647 nec
868 619 965 647 cras
986 603 1156 660 aliquid
1177 603 1271 646 sine
1291 601 1436 659 pretio
1452 599 1688 644 obtinebis.
1710 614 1728 649 5

205 676 382 720 Nocent
415 675 592 732 saepius
627 677 674 718 et
707 674 757 717 in
791 689 843 718 eo
878 674 1114 717 daemones
1149 673 1387 715 imitantur
1422 670 1541 728 quod
1580 673 1690 713 tunc

204 746 413 804 prodesse
444 747 666 803 putantur
705 759 807 788 cum
839 759 995 787 nocere
1030 743 1265 794 desistunt,
1298 741 1496 799 exceptis
1535 739 1692 798 paucis

207 815 284 873 qui
324 830 487 858 nomen
527 817 573 858 et
612 814 806 858 officium
847 814 1039 871 pastoris
1079 813 1279 871 implent.
1360 811 1449 855 Sed
1499 814 1546 854 et
1594 810 1690 868 ipse

54 892 139 938 624
159 898 189 927 a
208 886 437 931 Romanus
476 883 684 942 pontifex
724 884 931 928 omnibus
975 884 1128 942 grauis
1169 885 1215 926 et
1254 882 1348 926 fere
1396 880 1693 925 intolerabilis

207 959 302 1008 est3
348 957 580 1013 praeterea
611 969 764 998 omnes
799 957 998 1012 arguunt
1038 953 1168 1011 quod,
1199 953 1434 996 ruentibus
1475 954 1521 995 et
1560 951 1692 995 colla·
1715 972 1758 996 10

207 1026 418 1070 bentibus
439 1025 633 1069 ecclesiis
655 1039 766 1082 quas
787 1028 968 1082 patrum
989 1024 1244 1068 construxit
1264 1023 1457 1074 deuotio,
1472 1022 1694 1066 altaribus

209 1112 385 1155 quoque
404 1095 598 1146 incultis,
611 1095 781 1153 palatia
797 1095 970 1139 extruit
990 1098 1036 1139 et
1051 1096 1145 1153 ipse
1161 1110 1252 1138 non
1267 1094 1399 1138 modo
1419 1095 1696 1151 purpuratus

209 1167 287 1211 sed
308 1167 550 1210 deauratus
569 1165 747 1209 incedit.
809 1165 984 1209 Palatia
1003 1166 1240 1223 splendent
1266 1165 1546 1209 sacerdotum
1574 1167 1620 1208 et
1647 1163 1696 1206 in

208 1236 417 1280 manibus
437 1250 591 1280 eorum
612 1234 785 1280 Christi
805 1236 1063 1280 sordidatur
1085 1236 1293 1280 Ecclesia.
1355 1234 1694 1278 Prouinciamm

208 1307 431 1364 diripiunt
461 1306 603 1363 spolia
639 1320 690 1349 ac
721 1305 758 1349 si
790 1306 1025 1350 thesauros
1056 1306 1181 1351 Cresi
1221 1306 1435 1350 studeant
1474 1320 1694 1363 reparare.
1718 1324 1758 1358 15

211 1377 301 1421 Sed
330 1379 449 1420 recte
479 1391 580 1420 cum
611 1376 675 1419 eis
705 1376 802 1434 agit
835 1377 1108 1430 Altissimus,
1145 1378 1357 1435 quoniam
1389 1379 1435 1419 et
1474 1376 1561 1434 ipsi
1596 1376 1698 1419 aliis

212 1451 259 1492 et
297 1461 428 1504 saepe
462 1446 693 1490 uilissimis
731 1447 988 1491 hominibus
1027 1448 1123 1491 dati
1158 1451 1267 1491 sunt
1305 1447 1354 1490 in
1388 1446 1698 1504 direptionem.

214 1517 286 1568 Et,
306 1520 359 1560 ut
378 1517 549 1575 opinor,
569 1516 677 1559 dum
701 1517 763 1560 sic
784 1517 832 1559 in
859 1517 984 1561 inuio
1005 1518 1267 1569 errauerint,
1288 1532 1535 1575 numquam
1556 1517 1701 1560 deerit

215 1588 279 1631 eis
313 1587 540 1645 flagellum
577 1587 772 1631 Domini.
835 1588 898 1632 Os
927 1588 1148 1646 siquidem
1189 1588 1372 1632 Domini
1402 1588 1602 1632 locutum
1633 1590 1703 1631 est

215 1659 322 1716 quia
343 1672 431 1716 quo
451 1658 616 1701 iudicio
638 1657 949 1710 iudicauerint,
969 1659 1303 1710 iudicabuntur,
1325 1661 1371 1702 et
1390 1673 1473 1702 sua
1492 1673 1703 1702 mensura
1723 1673 1767 1698 20

216 1729 478 1773 remetietur
498 1728 573 1771 eis.
612 1728 842 1785 Antiquus
862 1728 1036 1772 dierum
1057 1730 1240 1773 mentiri
1261 1744 1352 1773 non
1373 1729 1515 1773 nouit.
1567 1729 1704 1780 Haec,

169 1807 198 1846 b
217 1800 414 1856 inquam,
453 1802 594 1856 pater,
633 1798 835 1856 loquitur
881 1800 1085 1857 populus,
1130 1799 1493 1857 quandoquidem
1540 1800 1612 1843 uis
1651 1802 1706 1842 ut

217 1869 339 1912 illius
359 1868 445 1914 tibi
465 1868 712 1912 sententias
738 1867 979 1926 proferam.
1041 1869 1101 1913 Et
1127 1872 1192 1921 tu,
1212 1870 1374 1927 inquit,
1396 1869 1506 1927 quid
1532 1870 1706 1914 sentis'ss

217 1938 480 1997 Angustiae,
493 1938 689 1996 inquam,
702 1941 810 1982 sunt
829 1938 1039 1996 undique.
1080 1940 1248 1983 Vereor
1269 1940 1388 1983 enim
1408 1955 1465 1983 ne
1486 1940 1706 1984 mendacii

219 2007 293 2052 uel
323 2008 595 2052 adulationis
625 2009 888 2052 contraham
917 2013 1071 2053 notam
1102 2009 1140 2053 si
1175 2010 1295 2054 solus
1330 2010 1496 2068 populo
1531 2013 1707 2054 contra·
1729 2028 1744 2050 2
1750 2028 1768 2062 5

219 2080 399 2132 dixero3
429 2079 500 2122 sin
530 2081 694 2131 autem,
722 2081 900 2122 reatum
927 2094 1085 2123 uereor
1111 2080 1362 2124 maiestatis
1389 2096 1447 2124 ne
1475 2083 1708 2138 tamquam

224 2185 267 2211 12
293 2173 460 2211 exstruit
476 2173 531 2210 B:
557 2173 727 2211 extruxit
743 2172 791 2209 A¹

221 2267 297 2342 Sa}
314 2258 616 2350 ffffff‘ifffflseffi
642 2255 1048 2359 V'8¹{2¹0¹z¹²e'1‘'2·¹2;⁸{‘ess0.2
1075 2258 1604 2342 ..tatfffleffiffifitf'ffi
1629 2258 1712 2344 1⁰12

222 2354 413 2389 ruentibus
445 2353 544 2389 etc.:
580 2351 636 2388 De
664 2353 770 2389 urbis
799 2352 942 2389 Romae
968 2352 1080 2389 ruina
1109 2353 1177 2389 sub
1203 2352 1388 2401 Gregorio
1414 2353 1489 2390 VII
1514 2354 1654 2392 effecta
1677 2367 1710 2392 v.

224 2399 428 2448 Gregorov.
449 2401 571 2437 Gesch.
588 2402 654 2436 der
669 2402 774 2436 Stadt
790 2402 882 2436 Rom
899 2400 961 2438 vii.
979 2402 1002 2437 6
1021 2400 1039 2448 ᾗ
1059 2412 1082 2446 4
1102 2400 1165 2448 (iv.
1181 2414 1247 2448 pp.
1265 2403 1334 2448 238
1349 2401 1482 2448 seqq.).
1668 2413 1712 2440 12

219 2451 369 2496 palatia
384 2460 393 2485 ε
420 2447 608 2484 Hadriani
625 2448 678 2485 IV
689 2450 904 2485 antecessor
914 2449 1112 2495 proximus
1122 2449 1349 2486 Anastasius
1362 2450 1415 2486 IV
1427 2450 1469 2486 in
1483 2450 1714 2497 pontificatu

226 2497 449 2534 brevissimo
469 2497 517 2544 (a.
535 2507 550 2533 1
560 2502 760 2543 153-1154)
774 2498 867 2542 fecit
883 2499 984 2544 apud
999 2503 1163 2534 sanctam
1175 2500 1340 2534 Mariam
1359 2501 1557 2535 rotundam
1573 2511 1716 2536 nouum

166 2583 170 2587 ,
221 2547 419 2592 palatium,
437 2546 481 2581 ut
505 2544 561 2581 ait
586 2544 684 2582 Boso
708 2544 915 2581 cardinalis
941 2545 1129 2582 Hadriani
1149 2546 1203 2582 IV
1225 2545 1455 2583 camerarius
1481 2547 1715 2594 (Watterich

226 2595 366 2640 Pontis.
377 2594 479 2629 Rom.
498 2594 568 2630 Vit.
582 2591 624 2630 ii.
641 2605 678 2639 p.
698 2603 768 2638 322
784 2605 793 2638 ;
820 2591 1022 2631 Duchesne
1039 2595 1119 2630 Lib.
1134 2596 1270 2641 Pontis:
1285 2594 1324 2631 ii.
1338 2596 1445 2642 388);
1472 2595 1520 2632 de
1538 2594 1715 2643 Eugenio

228 2641 297 2685 ΙΙΙ,
316 2640 510 2678 Anastasii
521 2640 643 2688 ipsius
655 2643 905 2684 antecessore,
921 2642 1024 2688 apud
1037 2642 1200 2679 eundem
1217 2642 1382 2690 legitur:
1407 2645 1481 2679 Hic
1488 2645 1581 2689 fecit
1596 2656 1716 2680 unum

223 2691 411 2735 palatium
427 2691 528 2735 apud
544 2694 711 2725 sanctum
726 2690 877 2725 Petrum
893 2695 925 2725 et
941 2691 1090 2735 Siyniae
1099 2692 1257 2726 alterum
1271 2691 1503 2738 (Watterich
1513 2691 1555 2728 ii.
1570 2704 1608 2739 p.
1622 2693 1713 2738 2833

229 2737 429 2774 Duchesne
446 2737 487 2773 ii.
504 2749 542 2784 p.
561 2738 658 2783 387).
780 2738 821 2774 18
847 2739 889 2772 in
905 2739 1009 2775 inuio
1027 2741 1254 2775 errauerint:
1279 2751 1312 2775 v.
1330 2740 1390 2776 Ps.
1407 2738 1475 2776 cvi.
1493 2751 1551 2785 40.
1670 2750 1715 2786 19

231 2787 278 2822 Os
294 2787 449 2821 Domini
464 2787 623 2821 locutum
639 2790 713 2822 est:
741 2784 812 2821 Isa.
830 2784 858 2822 i.
877 2795 934 2828 20,
952 2785 1044 2822 lviii.
1067 2797 1120 2831 14.
1306 2798 1353 2823 20
1376 2800 1445 2835 quo
1463 2789 1599 2824 iudicio
1617 2789 1688 2824 etc.
1704 2801 1715 2824 z

228 2846 260 2870 v.
280 2833 394 2870 Matt.
413 2833 473 2869 vii.
493 2843 524 2869 2.
633 2844 677 2870 21
705 2834 892 2880 Antiquae
908 2835 1071 2870 dierum:
1099 2834 1197 2872 Dan.
1214 2834 1278 2871 vii.
1297 2846 1330 2882 9.
1440 2845 1487 2881 24
1510 2837 1717 2883 Anyustiae

227 2887 316 2918 sunt
333 2883 518 2928 undique:
546 2881 641 2918 Dan.
661 2880 743 2918 xiii.
762 2892 806 2918 22
827 2881 885 2929 (in
902 2881 1063 2920 historia
1080 2881 1307 2930 Susannae).

342 2947 387 2982 68
