1846 3262
139 297 240 331 οΔΡ.
255 283 330 347 lx]
649 288 1089 334 POLICRATICVS
1629 302 1702 344 741
1721 303 1752 333 a

139 410 221 451 aut
239 407 505 451 hostiarium
525 422 581 451 ne
602 409 702 466 quis
722 408 917 452 insulsus
936 410 1081 453 irruat
1103 412 1150 453 et
1177 412 1231 454 ut
1260 409 1321 454 sit
1347 410 1425 468 qui
1451 410 1612 469 dignos

139 480 186 521 et
225 477 526 521 admittendos
569 482 825 522 reuerenter
874 479 1079 536 excipiat,
1117 480 1300 523 honeste
1344 480 1611 538 alloquatur,

139 547 374 591 solatietur
393 548 571 606 ignotis,
591 548 787 592 instruat
806 549 1022 593 nouitatis
1041 549 1220 607 ignaros
1251 553 1307 601 et,
1328 565 1429 594 cum
1449 565 1609 609 oppor-
1627 559 1656 597 b

139 617 313 660 tunitas
328 617 478 668 fuerit,
497 618 554 660 ad
575 618 804 661 dominum
824 618 1089 663 introducat.
1150 619 1231 663 Est
1250 623 1296 664 et
1315 635 1464 664 rerum
1483 621 1611 679 copia

101 700 123 737 5
139 686 235 730 sine
254 687 379 738 luxu,
398 687 648 731 iocunditas
667 688 762 731 sine
782 688 976 739 lasciuia,
992 692 1038 732 et
1057 703 1164 732 usus
1188 704 1336 733 rerum
1355 690 1611 735 licentiosus

137 756 274 800 immo
293 757 407 800 liber
426 757 503 800 sed
523 757 693 801 uirtute
714 758 936 802 incolumi.
994 758 1114 802 Nam
1140 759 1397 803 conuiuium
1418 760 1611 805 Herodis

137 830 220 870 aut
241 827 495 878 Pharaonis,
516 827 623 870 dum
644 827 981 871 immoderatam
1008 829 1066 871 ad
1093 831 1247 887 gestus
1270 830 1511 874 saltatricis
1530 834 1611 874 aut

139 895 362 940 feruorem
377 897 473 939 uini
489 897 680 940 letitiam
695 897 898 954 concipit,
913 898 1002 941 fine
1017 899 1188 956 tragico
1203 899 1299 942 exit
1313 902 1359 943 et
1373 899 1611 944 homicidio

138 966 398 1010 macfflatur.
471 966 569 1010 Hoc
600 981 681 1010 nec
715 966 851 1009 etiam
882 967 1119 1024 gentilium
1149 969 1351 1026 grauitas
1381 969 1613 1027 approbat.

82 1049 126 1075 ιο
138 1036 344 1080 Valerius
374 1040 530 1079 auctor
561 1039 629 1079 est
662 1036 780 1093 quod
800 1037 981 1080 Porcius
1001 1037 1114 1082 Cato
1135 1037 1321 1082 Lucium
1342 1038 1613 1082 Flaminium

139 1106 323 1150 sustulit
362 1121 389 1149 a
423 1120 607 1149 numero
647 1109 902 1150 senatorum
942 1108 1048 1164 quia
1085 1108 1279 1165 aliquem
1320 1108 1613 1166 dampnatum

138 1176 275 1234 impie
303 1176 446 1219 securi
475 1179 764 1233 percusserat,
793 1180 991 1234 tempore
1020 1180 1172 1220 tamen
1201 1177 1419 1235 supplicii,
1446 1178 1523 1221 sed
1553 1179 1612 1222 ad

138 1246 375 1290 arbitrium
415 1249 462 1289 et
499 1245 800 1303 spectaculum
839 1247 1123 1290 conuiuantis
1154 1247 1451 1298 mulierculae,
1485 1247 1611 1291 cuius

138 1330 288 1360 amore
307 1315 545 1359 tenebatur
564 1319 610 1359 et
629 1316 753 1359 lecto.
813 1316 901 1359 Sed
926 1320 972 1360 et
992 1316 1156 1360 Lucius
1176 1316 1359 1360 Flaccus
1379 1319 1425 1360 et
1444 1317 1612 1375 collega

82 1398 124 1434 ιε
138 1385 234 1428 eius
259 1399 459 1428 censores
489 1385 757 1428 Durionium
780 1388 940 1429 senatu
970 1390 1219 1437 mouerunt,
1244 1387 1363 1444 quod
1390 1387 1533 1445 legem
1558 1387 1612 1430 de
1631 1402 1656 1431 c

138 1455 420 1499 cohercendis
449 1455 757 1498 conuiuiorum
787 1456 1039 1514 sumptibus
1063 1456 1202 1500 latam
1232 1458 1442 1500 tribunus
1471 1457 1614 1515 plebis

139 1525 445 1583 abrogauerat.
487 1525 678 1568 Mirifica
692 1527 826 1569 notae
841 1540 986 1569 causa.
1035 1526 1180 1580 Quam
1196 1527 1314 1570 enim
1330 1527 1615 1585 impudenter

140 1594 387 1638 Durionius
406 1596 552 1638 rostra
571 1595 836 1648 conscendit,
850 1595 929 1639 illa
943 1596 1169 1640 dicturus:
1190 1596 1324 1640 Frem'
1339 1600 1446 1640 sunt
1460 1597 1613 1641 iniecti

141 1665 280 1716 nobis,
311 1665 521 1718 Quirites,
550 1665 675 1708 nullo
715 1665 846 1709 modo
887 1666 1177 1723 perpetiendi,
1205 1666 1380 1724 alligati
1425 1670 1472 1711 et
1512 1682 1613 1711 con-

82 1749 128 1774 πο
141 1734 287 1778 stricti
318 1735 425 1778 estis
454 1749 606 1778 amaro
634 1735 814 1778 uinculo
843 1735 1103 1788 seruitutis3
1142 1736 1218 1779 lex
1249 1736 1369 1779 enim
1408 1737 1516 1780 data
1546 1739 1615 1780 est

141 1819 255 1863 quae
274 1819 356 1848 uos
375 1804 498 1862 frugi
516 1819 609 1848 esse
633 1805 769 1848 iubet.
830 1805 1110 1863 Abrogemus
1135 1820 1241 1864 ergo
1266 1806 1378 1849 illud
1407 1807 1615 1850 horridae

139 1875 381 1918 uetustatis
406 1875 612 1932 rubigine
641 1875 836 1918 obsitum
865 1875 1125 1933 imperium;
1166 1876 1331 1920 etenim
1362 1876 1471 1933 quid
1503 1891 1615 1934 opus

141 1947 210 1988 est
238 1944 446 1988 libertate
476 1944 514 1987 si
543 1944 798 1987 uolentibus
828 1944 940 1987 luxu
969 1945 1114 2002 perire
1143 1960 1234 1988 non
1263 1945 1396 1990 lieetz
1456 1946 1539 1989 Est
1568 1950 1615 1990 et

139 2014 230 2058 alia
248 2014 297 2057 in
317 2014 453 2057 sacris
473 2014 636 2057 litteris
665 2014 898 2057 ciuilitatis
917 2017 1025 2057 nota
1050 2018 1103 2057 ut
1125 2015 1183 2058 ab
1210 2014 1340 2058 initio
1363 2016 1613 2073 gratiarum

83 2093 125 2129 ¹⁵
140 2084 407 2142 praecedant
427 2083 633 2127 actiones.
693 2083 813 2126 Nam
840 2087 886 2127 et
912 2083 1024 2126 illud
1049 2087 1224 2128 constat
1250 2085 1369 2141 quod
1394 2085 1613 2129 liberalis-

141 2153 280 2197 simus
320 2156 366 2196 et
404 2153 688 2196 ciuilissimus
723 2157 804 2196 aut
835 2153 1131 2197 facetissimus
1166 2154 1502 2211 paterfamilias,
1535 2155 1612 2212 qui

141 2222 197 2265 de
229 2222 424 2279 quinque
458 2222 650 2279 panibus
685 2222 871 2266 satiauit
910 2223 1106 2280 quinque
1144 2223 1270 2266 milia
1307 2224 1612 2278 conuiuarum,
1629 2225 1660 2267 <1

144 2365 161 2393 1
189 2354 387 2392 ostiarium
406 2354 492 2391 A’M
659 2366 681 2392 2
708 2357 748 2392 et
765 2368 832 2393 om.
851 2354 928 2391 0¹A
1093 2365 1128 2401 3,
1144 2365 1168 2400 4
1193 2356 1431 2402 oportunitas
1448 2357 1614 2394 GBASM

142 2414 166 2451 9
190 2404 350 2451 aprobat.
365 2403 455 2440 GBS
599 2413 640 2440 21
669 2403 775 2440 iubet
792 2414 867 2439 esse
883 2402 931 2438 A¹
1025 2403 1131 2451 ergo]
1147 2402 1266 2451 igitur
1282 2404 1307 2440 S
1420 2414 1464 2451 27
1481 2418 1503 2441 v
1520 2405 1612 2442 GBS

190 2519 213 2556 6
238 2521 452 2555 conuiuium
467 2520 645 2555 Herodis:
672 2530 705 2556 v.
722 2518 838 2554 Marc.
857 2518 904 2554 vi.
921 2529 962 2555 21
979 2530 1082 2564 seqq.
1258 2527 1279 2563 7
1304 2524 1371 2554 aut
1386 2520 1612 2558 leraom‘s:

142 2578 175 2603 v.
195 2566 289 2603 Gen.
306 2566 358 2603 xl.
377 2578 424 2602 20
435 2577 536 2612 seqq.
727 2576 772 2602 10
794 2567 944 2602 Porcius
971 2568 1058 2602 Cato
1084 2568 1179 2603 etc.:
1204 2565 1287 2603 Val.
1315 2566 1415 2603 Max.
1441 2566 1482 2604 ii.
1498 2567 1558 2622 9·§
1577 2579 1612 2606 2.

145 2625 189 2651 12
214 2619 356 2650 tamen:
380 2625 457 2650 non
474 2614 590 2650 habet
605 2613 689 2650 val.
707 2613 806 2650 Max.
823 2626 831 2655 ;
857 2613 1059 2650 inseruisse
1076 2613 1225 2650 videtur
1245 2616 1314 2651 aut
1339 2614 1504 2652 Ioannes
1529 2627 1612 2663 ipsc

142 2664 211 2699 aut
227 2661 391 2708 scriptor
406 2660 633 2708 exemplaris
658 2661 757 2707 quod
774 2661 815 2697 in
832 2661 1007 2698 manibus
1025 2661 1170 2705 habuit,
1187 2664 1241 2704 ut,
1261 2674 1346 2699 cum
1372 2668 1405 2698 et
1428 2665 1514 2699 lecto
1542 2675 1612 2710 pro

141 2711 247 2746 electo
272 2709 443 2748 haberet.
462 2714 616 2755 tempore
643 2709 691 2746 de
719 2714 874 2755 tempore
898 2711 1013 2746 debito
1037 2708 1213 2756 intellegi
1241 2712 1379 2756 posset.
1427 2713 1508 2747 sed:
1533 2723 1614 2748 non

141 2757 261 2794 habet
293 2756 376 2793 Val.
411 2756 512 2792 Max.
676 2767 718 2801 ¹4
756 2762 788 2792 et
818 2758 923 2793 lecto:
960 2756 1044 2793 Val.
1073 2757 1173 2792 Max.
1205 2759 1334 2801 electo;
1373 2769 1423 2794 sc.
1459 2764 1614 2805 tempore

140 2806 327 2851 supplicii.
470 2805 607 2840 Lucius
633 2805 788 2840 Uaccus
816 2806 909 2841 etc.:
945 2804 1028 2840 val.
1063 2804 1164 2840 Max.
1194 2804 1233 2841 ii.
1259 2815 1282 2851 9
1309 2804 1327 2852 §
1357 2814 1374 2852 5
1402 2807 1470 2846 (M.
1494 2813 1614 2843 autem

141 2855 328 2889 Antonius
352 2857 383 2888 et
407 2853 450 2888 L.
477 2853 630 2887 Flaccus
661 2864 820 2888 censores
851 2853 955 2897 etc.).
1097 2863 1145 2889 20
1168 2855 1276 2889 data:
1301 2854 1378 2889 lata
1402 2853 1485 2890 val.
1510 2854 1613 2892 Max.

143 2901 190 2936 26
209 2902 503 2946 paterfamilias:
522 2899 546 2935 i.
560 2911 590 2936 e.
601 2898 780 2936 Christus,
907 2902 962 2943 26,
976 2908 1020 2945 27
1038 2902 1102 2947 qui
1114 2902 1156 2936 de
1165 2903 1322 2947 quinque
1334 2903 1429 2938 etc.:
1454 2914 1486 2937 v.
1500 2901 1612 2940 Matt.

142 2947 216 2985 xiv.
241 2957 282 2994 13
294 2959 411 2994 seqq„
428 2947 544 2984 Marc.
562 2946 610 2984 vi.
634 2957 678 2994 32
689 2959 803 2994 seqq„
824 2947 915 2984 Luc.
937 2947 987 2985 ix.
1008 2958 1051 2985 10
1061 2959 1176 2995 seqq„
1194 2949 1326 2985 Ioann.
1343 2948 1391 2986 vi.
1412 2959 1428 2987 1
1443 2960 1544 2997 seqq.

201 3020 283 3039 πω
298 3020 319 3039 ιι
836 3016 861 3044 0
888 3017 913 3043 Ο
1438 3014 1501 3046 281
