1846 3262
120 222 222 266 mr.
234 218 329 281 vn]
647 219 1089 266 PomcssA'ncvs
1615 227 1699 270 ⁰134
1716 217 1747 260 d

121 343 241 387 olere
270 346 352 386 aut
380 342 604 401 legumine
628 342 868 386 dumtaxat
891 346 1095 386 constare
1123 344 1295 387 certum
1320 344 1389 385 est
1417 355 1518 385 cum
1542 355 1600 384 ex

121 413 278 457 multis
297 417 395 456 tum
420 428 478 456 ex
500 428 551 457 eo
579 412 696 470 quod
727 413 982 471 patriarcha
1002 412 1147 456 Ysaac
1176 412 1232 456 de
1259 411 1499 455 uenatione
1516 411 1600 454 filii

120 483 207 527 sibi
231 483 512 541 pulmentum
532 483 629 526 fieri
648 483 901 541 imperauit.
960 482 1227 540 Significant
1244 484 1396 525 autem
1414 481 1601 524 bellaria

121 566 252 596 omne
285 567 427 610 genus
458 567 635 596 mensae
666 553 884 596 secundae
916 553 1127 610 quoniam
1161 552 1224 595 ibi
1259 552 1404 596 solent
1434 551 1599 609 apponi

83 641 104 676 3
121 637 237 679 quae
274 622 530 680 pulchriora
569 626 675 666 sunt
714 626 760 665 et
799 623 1070 667 delicatiora.
1141 623 1299 666 Vtitur
1329 625 1480 665 autem
1517 622 1600 665 hoc

120 692 301 736 nomine
324 693 502 736 Marcus
526 693 692 736 Varro:
722 693 928 743 Bellaria,
947 693 1107 750 inquit,
1128 707 1181 736 ea
1206 692 1401 735 maxime
1428 692 1601 735 mellita

121 765 230 806 sunt
249 777 363 820 quae
388 763 562 806 mellita
584 778 675 806 non
702 766 821 806 sunt.
882 762 1012 816 Quod
1042 762 1160 806 forte
1190 777 1242 806 eo
1267 762 1427 805 referri
1450 764 1600 819 potest

121 832 242 890 quod
260 833 407 875 utenti
426 833 625 890 gratiora
654 836 762 876 sunt
787 847 840 876 ea
866 847 980 890 quae
1005 832 1244 876 necessitas
1267 833 1441 890 appetit
1463 847 1599 889 quam

121 916 236 959 quae
273 902 470 946 irritatio
507 902 640 960 gulae
676 903 863 947 inuenit.
940 902 1030 946 Sed
1069 902 1187 946 forte
1226 902 1378 960 pusilli
1417 902 1600 945 uidetur

63 989 105 1015 ιο
120 971 260 1015 animi
281 972 358 1029 qui
378 972 436 1015 ad
456 972 575 1015 hunc
595 972 776 1015 modum
796 972 967 1030 primae
981 987 1159 1015 mensae
1174 972 1400 1014 luxuriam
1420 972 1599 1015 cohibet

120 1045 204 1086 aut
230 1042 308 1100 qui
336 1042 447 1086 facit
472 1042 520 1084 in
548 1043 716 1085 talibus
735 1042 847 1100 legis
866 1042 1172 1100 sumptuariae
1192 1042 1488 1094 mentionem;
1517 1056 1598 1085 nec

119 1114 273 1156 tamen
285 1110 447 1156 Cesare
467 1112 611 1155 maior
629 1115 698 1155 est
716 1115 798 1155 aut
817 1112 1173 1170 magnificentior
1187 1112 1423 1168 quisquam
1444 1126 1597 1154 eorum

119 1181 199 1239 qui
227 1196 402 1224 morum
434 1196 671 1239 rerumque
702 1182 876 1225 iactura
910 1184 1120 1225 exercent
1149 1181 1313 1239 gulam
1372 1181 1598 1225 Luxuriae
1614 1193 1692 1235 735
1708 1195 1740 1224 a

118 1250 399 1303 obsecuntur,
410 1251 615 1294 seruiunt
629 1251 837 1302 uanitati,
850 1254 898 1294 et
915 1250 1163 1308 nequitiam
1182 1254 1265 1294 aut
1277 1251 1599 1308 negligentiam

60 1341 102 1378 ¹⁵
119 1334 247 1363 suam
267 1320 478 1364 nituntur
497 1321 780 1364 liberalitatis
804 1321 1001 1378 imagine
1020 1320 1250 1366 consolari.
1309 1320 1421 1374 Quis
1437 1320 1598 1365 Cesare

117 1389 326 1448 Aug-usto
339 1390 571 1448 frugalior,
582 1391 660 1448 qui
680 1391 728 1433 in
747 1405 922 1434 summo
941 1390 1115 1448 fastigii
1129 1390 1322 1434 culmine
1336 1391 1598 1434 secundario

116 1474 234 1519 pane
273 1463 320 1504 et
368 1461 592 1518 pisciculis
632 1475 743 1518 quos
781 1461 919 1518 uulgo
958 1460 1202 1518 spinaticos
1244 1460 1318 1503 uel
1367 1460 1597 1518 ripiliones

117 1532 283 1574 uocant
319 1533 556 1574 contentus
596 1534 694 1574 erat
732 1534 779 1574 et
828 1545 920 1573 non
962 1531 1050 1573 nisi
1097 1531 1359 1574 necessitate
1407 1534 1597 1589 urgente

117 1600 376 1644 comedebat
395 1601 468 1644 uel
487 1601 663 1646 amico?
724 1601 836 1654 Quis
852 1600 1031 1644 Nerone
1045 1600 1243 1658 gulosior
1265 1605 1348 1644 aut
1365 1605 1596 1659 sumptuo-

57 1691 105 1718 ιο
117 1670 242 1714 sior?
312 1670 372 1714 Et
394 1674 547 1714 tamen
576 1671 649 1715 hic
675 1685 920 1728 numquam
946 1685 1137 1729 magnus
1166 1674 1247 1714 aut
1270 1671 1481 1715 laudatus
1510 1672 1598 1715 erit

116 1739 251 1784 alicui
282 1740 475 1798 sapienti
499 1756 589 1784 non
621 1741 765 1799 magis
799 1755 934 1798 quam
959 1740 1012 1784 G.
1038 1739 1247 1798 Caligula
1279 1743 1361 1784 aut
1388 1741 1598 1785 Vitellius

117 1809 200 1854 sed
220 1810 359 1854 etiam
388 1811 563 1863 minus;
604 1826 711 1854 nam
731 1813 778 1854 et
797 1811 872 1854 hic
894 1810 1086 1868 prandia
1105 1813 1151 1853 et
1170 1825 1302 1854 cenas
1330 1813 1376 1854 et
1402 1826 1595 1855 comesa-

117 1880 264 1924 tiones
283 1880 517 1924 immodice
537 1880 865 1937 frequentabat.
924 1880 1239 1923 Famosissima
1267 1895 1402 1938 super
1427 1885 1597 1926 ceteras

120 1948 213 1992 fuit
240 1964 351 1993 cena
370 1950 418 1992 in
437 1965 527 2007 qua
553 1950 775 1993 inuitatus
802 1964 830 1992 a
859 1949 1002 1993 fratre
1032 1949 1134 2000 fuit,
1154 1950 1324 1993 habens
1353 1950 1443 1994 duo
1469 1951 1595 1994 milia

57 2035 102 2071 ¹⁵
116 2019 458 2063 lectissimorum
477 2019 678 2077 piscium,
698 2022 868 2076 septem
891 2019 1018 2061 milia
1043 2019 1208 2062 auium.
1268 2019 1399 2063 Hanc
1419 2035 1594 2077 quoque
1609 2030 1641 2070 b

117 2089 384 2147 exuperauit
403 2089 498 2146 ipse
517 2089 566 2131 in
586 2089 863 2132 dedicatione
882 2092 1064 2146 paterae
1084 2104 1219 2146 quam
1246 2089 1304 2132 ob
1332 2090 1595 2134 immensam

117 2158 477 2216 magnitudinem
497 2159 688 2216 clipeum
709 2159 940 2202 Mineruae
959 2159 1218 2217 appellauit.
1280 2159 1337 2201 In
1356 2160 1440 2203 hac
1460 2159 1595 2204 fasia-

117 2242 279 2272 norum
294 2230 341 2271 et
351 2242 578 2285 pauonum
594 2228 821 2281 cerebella,
835 2226 1013 2286 linguas
1028 2229 1434 2286 phoenicopterum,
1448 2245 1595 2273 mure-

116 2312 279 2341 narum
317 2297 454 2340 lactes
493 2310 551 2340 ex
589 2298 761 2342 cunctis
792 2298 927 2341 maris
957 2298 1164 2356 partibus
1196 2299 1441 2355 petitarum
1475 2314 1594 2343 com·

115 2402 166 2464 4ιὶι
163 2390 281 2437 aponi
297 2389 338 2427 0¹
342 2389 368 2426 S
530 2401 575 2436 14
597 2390 861 2437 obsequuntur
874 2390 909 2426 A
1070 2399 1111 2438 15
1136 2390 1318 2438 ymagine
1337 2391 1379 2427 Π
1549 2401 1592 2438 17

114 2439 330 2556 {912⁸ssssss
340 2471 422 2508 CA.
447 2471 658 2518 spinaticos
673 2471 737 2508 uel
752 2483 954 2519 asperagos
970 2471 1002 2508 B
1119 2483 1178 2516 22,
1198 2483 1243 2518 23
1260 2472 1594 2511 commessationes

318 2520 367 2556 26
391 2519 637 2566 exsuperauit
652 2519 743 2556 SM:
771 2519 968 2566 superauit
982 2519 1017 2555 A
1135 2520 1270 2568 patine
1295 2520 1342 2556 S:
1366 2520 1526 2567 pathere
1551 2521 1592 2557 M

117 2577 163 2613 27
188 2566 379 2614 apellauit
394 2566 484 2603 CBS
627 2577 674 2614 29
698 2567 861 2615 cunctis]
879 2567 994 2605 certis
1011 2566 1078 2604 SM

164 2651 350 2696 zpatrn‘ar
337 2651 424 2686 mlta
445 2651 562 2686 Ysaac
576 2651 672 2686 etc.-
697 2660 730 2685 v.
749 2648 840 2685 Gen.
858 2649 972 2686 xxvii.
989 2659 1023 2694 4.
1168 2660 1190 2696 3
1214 2651 1434 2696 Siym'ficant
1448 2656 1591 2688 autem:

115 2697 335 2734 vUMacrob
352 2696 897 2744 Satu.8§3(exGell.nu
917 2696 1074 2744 11§§6
1091 2697 1142 2743 7)
1290 2707 1330 2744 15
1359 2700 1594 2743 Qusscesaoe

114 2747 212 2782 etc-2
238 2757 271 2782 v.
289 2744 393 2782 Suet.
411 2746 586 2790 Au9.76.
694 2754 736 2789 17
805 2746 1262 2791 inatiooeuelripaiones:
1286 2748 1358 2782 ὅπα
1359 2749 1548 2792 ξλεγόμεν
1529 2760 1591 2790 νιις

115 2792 202 2830 vide
219 2804 318 2847 quae
334 2792 453 2830 habet
469 2791 652 2839 Ducange
669 2805 696 2829 s.
711 2805 744 2829 v.
793 2804 814 2829 e
837 2792 1056 2829 nominibus
1078 2792 1267 2829 similibus
1287 2793 1390 2840 apud
1413 2793 1595 2831 Picardos

114 2840 277 2878 usitatis.
421 2850 468 2877 22
491 2842 590 2877 Nam
606 2846 638 2876 et
653 2842 713 2877 hic
729 2843 800 2878 etc.
817 2840 1253 2888 usqueadoommioeuit.
1278 2852 1311 2877 v.
1329 2841 1433 2879 Suet.
1451 2843 1521 2880 Vis.
1537 2853 1591 2890 13.

115 2890 164 2927 26
179 2894 352 2936 patema.
371 2890 457 2936 patu·
457 2901 528 2925 nae
542 2888 647 2925 Suet.

1415 2954 1484 3002 ²⁶9
