1846 3262
171 202 360 265 CAP.1x]
697 203 1142 250 POLICRATICVS
1679 208 1762 258 653
1782 206 1810 246 d

174 324 401 383 Quicquid
444 326 563 370 enim
602 325 678 370 ille
713 325 915 384 protulit,
946 326 1223 370 autenticum
1255 328 1301 369 et
1331 329 1662 371 sacrosanctum

171 398 252 440 est.
312 396 396 439 Ille
416 399 569 440 tamen
590 396 723 440 citius
744 396 1011 440 contradicit
1039 399 1084 439 et
1113 396 1387 454 pertinacius
1415 396 1664 441 reluctatur
1683 402 1763 451 654
1786 412 1816 440 a

171 466 251 523 qui
285 467 335 509 in
369 467 597 524 paucitate
633 482 783 510 rerum
815 466 1085 510 addiscenda
1114 467 1391 525 consumpsit
1420 470 1587 511 etatem
1617 472 1664 512 et

169 538 303 580 tanta
322 537 562 580 uerborum
584 537 796 595 angustia
815 537 1037 594 premitur
1056 539 1121 588 ut,
1141 536 1179 580 si
1206 537 1396 580 uerbum
1420 552 1562 580 unum
1582 541 1665 582 aut

130 627 150 661 5
170 606 260 650 duo
290 606 570 659 subduxeris,
601 606 793 665 elinguis
822 606 905 649 fiat
935 609 981 650 et
1011 607 1172 664 quauis
1201 609 1354 650 statua
1384 608 1663 652 taciturnior.

170 676 471 720 Marmoreum
493 680 626 734 putes
647 679 692 720 et
719 677 768 719 in
788 676 1013 720 auditorio
1034 677 1303 735 Pithagorae
1323 680 1404 721 aut
1423 680 1662 723 monacho-

169 761 271 790 rum
311 746 507 790 claustro
546 761 638 789 non
677 749 773 790 tam
805 761 938 790 usum
975 761 1110 804 quam
1146 748 1459 791 necessitatem
1495 749 1665 792 silentii

168 816 387 861 didicisse.
448 816 497 860 Si
520 817 620 874 quis
640 817 831 860 istorum
859 817 908 859 in
932 832 1093 860 manus
1114 820 1216 861 tuas
1247 818 1366 862 forte
1393 819 1665 863 erudiendus

170 885 391 940 inciderit,
430 887 592 930 merito
633 887 771 930 facies
811 886 931 944 quod
973 886 1304 939 Thimotheum,
1345 889 1422 946 qui
1474 889 1522 931 in
1566 892 1665 932 arte

110 975 154 1000 10
170 957 387 1001 tibiarum
418 957 674 1008 excellebat,
695 956 852 1001 fecisse
883 956 1024 1000 refert
1046 957 1355 1010 Quintilianus
1385 959 1434 1002 in
1464 959 1579 1003 libro
1609 960 1665 1003 de

169 1028 466 1072 Institutione
499 1027 715 1071 Oratoris.
777 1027 865 1070 Hic
901 1027 1082 1084 quidem
1117 1027 1278 1085 duplas
1313 1029 1537 1073 mercedes
1567 1030 1664 1073 exi-

167 1097 304 1156 gebat
334 1100 380 1140 et
409 1096 655 1154 accipiebat
689 1097 748 1140 ab
777 1096 848 1140 his
885 1096 962 1154 qui
994 1095 1178 1140 fuerant
1207 1097 1324 1141 male
1353 1099 1664 1156 praeinstituti

167 1182 304 1225 quam
329 1167 368 1211 si
398 1167 580 1210 omnino
610 1167 744 1210 rudes
775 1166 1048 1210 accederent.
1108 1166 1247 1210 Error
1266 1167 1386 1210 enim
1407 1168 1661 1226 dupplicem

167 1236 366 1281 laborem
387 1237 541 1296 exigit,
561 1252 664 1281 cum
684 1240 730 1281 et
757 1236 947 1280 delenda
976 1237 1069 1280 sint
1095 1251 1332 1294 peruersae
1359 1237 1660 1283 institutionis
1677 1241 1706 1280 b

110 1325 148 1360 15
168 1308 340 1351 semina
360 1311 406 1351 et
427 1308 569 1352 bonae
589 1308 682 1351 sint
701 1308 878 1351 fidelius
897 1307 1147 1350 inserenda.
1210 1307 1396 1365 Suspice
1423 1308 1481 1352 ad
1508 1310 1659 1352 mode-

168 1381 341 1422 ratores
379 1379 748 1437 philosophorum
788 1377 1004 1435 temporis
1051 1377 1207 1431 nostri,
1247 1377 1347 1422 illos
1398 1379 1479 1436 qui,
1523 1379 1662 1423 altius

166 1452 508 1507 praeconantur,
553 1464 664 1507 quos
712 1449 971 1492 auditorum
1020 1448 1266 1492 multitudo
1310 1449 1664 1508 circumstrepit3

167 1519 409 1577 diligenter
432 1519 625 1563 adtende
650 1533 747 1572 eos3
772 1519 820 1562 in
845 1518 1002 1576 regula
1025 1533 1118 1561 una
1141 1520 1223 1561 aut
1247 1518 1422 1562 duobus
1447 1522 1528 1562 aut
1551 1534 1662 1577 pau-

167 1589 280 1634 culis
310 1590 461 1633 uerbis
492 1590 695 1634 inuenies
731 1592 981 1647 occupatos,
1011 1591 1093 1631 aut
1127 1591 1181 1632 ut
1215 1589 1411 1632 multum
1446 1590 1663 1647 pauculas

108 1681 152 1706 20
169 1660 452 1717 quaestiones
491 1663 622 1718 aptas
661 1660 822 1718 iurgiis
862 1659 1106 1718 elegerunt,
1136 1658 1185 1701 in
1225 1659 1388 1717 quibus
1429 1660 1662 1719 ingenium

167 1745 300 1774 suum
341 1733 578 1774 exerceant
617 1733 664 1774 et
703 1731 970 1774 consumant
1010 1731 1188 1772 etatem.
1250 1728 1339 1772 Eas
1382 1731 1537 1773 tamen
1570 1745 1662 1773 non

167 1800 396 1844 sufficiunt
422 1800 626 1852 enodare,
646 1801 724 1844 sed
748 1800 917 1844 nodum
943 1802 989 1843 et
1014 1802 1159 1842 totam
1184 1799 1529 1857 ambiguitatem
1559 1816 1662 1845 cum

165 1870 454 1915 intricatione
490 1886 572 1915 sua
606 1886 688 1929 per
722 1871 950 1914 auditores
982 1884 1087 1913 suos
1121 1870 1442 1913 transmittunt
1470 1871 1662 1928 posteris

165 1941 513 1985 dissoluendum.
574 1941 640 1985 Eo
679 1941 775 1985 loco
814 1943 868 1984 ut
907 1940 1212 1998 congrediaris
1251 1940 1466 1993 inuitant,
1488 1941 1663 1986 instant

108 2030 125 2055 2
131 2032 149 2065 5
165 2012 487 2070 postulantque
526 2012 807 2065 conflictum;
847 2011 887 2055 si
928 2011 1081 2054 differs
1120 2025 1305 2054 manum
1345 2025 1587 2063 conserere,
1622 2013 1661 2055 si

165 2082 400 2140 paululum
427 2082 627 2134 moraris,
648 2082 868 2126 insiliunt.
929 2081 979 2125 Si
1006 2081 1189 2132 accedis,
1214 2081 1253 2124 si
1278 2081 1462 2124 tandem
1487 2081 1661 2125 inuitus

164 2152 459 2211 congrederis,
491 2153 529 2196 si
561 2153 739 2210 premis,
770 2152 967 2196 latebras
1000 2154 1236 2209 quaerunt,
1268 2150 1451 2194 uariant
1485 2150 1659 2203 faciem,

164 2223 306 2266 uerba
337 2223 632 2280 distorquent,
667 2222 925 2281 praestigiis
964 2221 1316 2272 conformantur,
1349 2220 1572 2264 lubricum
1612 2225 1658 2265 et
1675 2237 1701 2267 c

164 2293 409 2346 uolubilem
450 2293 643 2337 Prothea
686 2292 921 2336 miraberis
971 2291 1166 2342 rediisse,
1206 2290 1294 2333 nisi
1344 2290 1463 2347 quod
1513 2292 1658 2334 teneri

103 2379 149 2415 30
165 2362 344 2414 facilius
382 2365 543 2420 potest,
575 2363 614 2406 si
650 2363 699 2405 in
740 2377 792 2406 eo
826 2361 1088 2419 perstiteris,
1122 2363 1176 2403 ut
1207 2375 1486 2417 quocumque
1519 2361 1656 2404 uerba

163 2434 366 2477 defluant
391 2435 437 2475 et
463 2433 720 2484 uoluantur,
741 2432 851 2489 quid
881 2431 995 2474 uelit
1021 2429 1249 2488 intelligas
1280 2433 1326 2472 et
1350 2429 1459 2486 quid
1489 2430 1658 2474 sentiat

165 2555 183 2584 1
212 2543 474 2582 auctenticum
494 2543 550 2580 OS
758 2552 780 2579 2
807 2539 1042 2578 contradicit
1058 2538 1174 2577 citius
1191 2538 1233 2574 Μ
1402 2539 1426 2576 6
1449 2538 1655 2588 phitagore

162 2591 225 2629 As
373 2602 412 2628 11
441 2591 607 2638 dupplas
622 2590 657 2627 A
804 2591 847 2627 18
872 2588 1004 2626 recula
1021 2587 1046 2624 S
1190 2597 1238 2634 29
1261 2588 1396 2634 protea
1412 2586 1481 2624 0¹8

213 2700 232 2739 5
259 2697 382 2728 statua
398 2692 639 2727 taciturnior:
665 2702 699 2726 v.
717 2688 811 2726 Hor.
828 2689 901 2735 Ep.
917 2686 958 2723 ii.
977 2697 1010 2724 2.
1029 2688 1087 2733 83.
1225 2687 1248 2723 6
1273 2687 1315 2721 in
1331 2687 1515 2722 auditorio
1531 2687 1656 2722 Pitha-

159 2750 295 2787 yorae:
322 2752 354 2775 v.
374 2738 472 2776 Gell.
491 2738 516 2776 i.
534 2749 558 2786 9
575 2737 618 2786 ἕξ
641 2747 718 2784 1-5.
887 2746 910 2782 9
939 2735 1191 2771 Thimotheum
1207 2736 1304 2771 etc.:
1330 2745 1361 2770 v.
1379 2733 1542 2778 Quintil.
1559 2735 1651 2770 Inst.

166 2790 226 2825 Or.
245 2787 285 2824 ii.
304 2798 325 2833 3
345 2786 363 2834 ξ
383 2798 416 2833 3.
630 2794 685 2833 15,
706 2785 750 2822 16
774 2786 824 2821 ad
839 2786 1081 2820 moderatores
1096 2784 1192 2819 etc.:
1218 2781 1278 2817 Ad
1296 2781 1447 2819 eosdem
1465 2781 1653 2828 respicere

163 2835 320 2873 uidetur
337 2846 432 2881 quos
448 2835 573 2871 Metal.
587 2833 614 2871 i.
635 2845 666 2880 3,
681 2832 722 2870 ii.
741 2842 775 2878 7,
793 2842 827 2879 9,
849 2842 894 2868 10
910 2833 959 2868 ad
966 2834 1042 2876 fin.
1057 2829 1307 2877 reprehendit
1324 2829 1490 2867 Ioannes
1507 2833 1649 2868 noster.

163 2894 213 2932 29
235 2884 416 2920 Prothea:
443 2882 629 2919 Fabulam
645 2880 775 2919 Protei
791 2880 911 2918 refert
927 2878 1084 2917 Ovidius
1100 2879 1202 2916 Fast.
1218 2877 1244 2915 i.
1263 2879 1332 2925 363
1343 2889 1443 2925 seqq.

1477 2959 1540 2994 ¹²3
