1846 3262
73 212 160 262 809
182 222 213 251 a

177 974 206 1012 b

176 1753 207 1782 t

547 212 809 257 IOANNIS
851 212 1374 260 SARESBERIENSIS
1495 213 1605 274 [Lm.
1617 226 1712 259 VI11

226 333 447 378 illicitum.
499 334 760 379 Camalium
776 338 928 379 tamen
943 336 1147 394 exemplo
1162 336 1246 379 sub
1267 337 1462 395 imagine
1481 337 1709 395 religionis

225 405 400 462 obrepit
416 406 635 462 impietas,
649 408 694 448 et
709 406 799 448 iam
816 421 904 449 non
918 406 1049 449 modo
1064 407 1351 450 contenditur
1366 422 1447 464 pro
1463 407 1709 451 sacerdotio

225 474 303 518 sed
342 477 582 532 pugnatur.
657 476 847 532 Antiqui
887 476 1112 533 quondam
1151 477 1449 520 trahebantur
1488 477 1623 520 inuiti
1663 480 1710 520 et

223 545 354 602 proni
375 545 432 587 ad
448 545 714 598 martirium,
732 546 900 603 primas
920 546 1155 590 cathedras
1175 562 1348 590 carcere
1368 547 1495 605 peius
1516 549 1562 590 et
1581 561 1710 590 cruce

225 614 475 672 fugiebant.
554 614 724 659 Contra
770 616 860 659 iam
900 616 1048 674 palam
1089 616 1337 674 loquuntur
1375 617 1624 661 sacerdotes
1664 620 1711 661 et

223 685 511 743 prouerbium
544 685 719 728 nullum
751 685 920 729 dicunt.
980 686 1215 739 Nolumus,
1247 687 1471 744 inquiunt,
1503 687 1711 730 martires

224 770 329 806 esse,
370 755 447 798 sed
488 755 660 799 sedium
702 759 958 800 nostrarum
997 757 1188 815 gloriam
1227 772 1318 801 non
1362 757 1520 801 damus
1566 757 1710 802 alteri.

224 825 390 868 Misera
429 826 609 883 quidem
650 829 696 870 et
735 827 1002 870 miserabilis
1042 842 1133 871 uox
1168 828 1217 871 in
1251 843 1327 872 ore
1358 828 1600 872 sacerdotis
1632 827 1711 885 qui

225 895 458 939 Christum
490 897 552 940 sic
587 897 790 955 agnoscit
821 900 875 940 ut
908 912 955 941 se
990 898 1108 941 nolle
1140 913 1243 941 eum
1273 898 1398 956 sequi
1428 898 1577 958 palam
1606 912 1709 941 con·

226 967 422 1010 fiteatur.
497 967 709 1011 Dubitari
747 968 915 1025 poterit
953 983 1011 1011 an
1052 983 1186 1012 uerus
1225 969 1445 1013 moriatur
1484 968 1711 1014 confessor

224 1037 301 1094 qui
329 1041 666 1095 persecutorem,
696 1038 734 1082 si
762 1053 873 1096 opus
901 1038 1052 1090 fuerit,
1073 1054 1163 1083 non
1190 1041 1429 1096 expectat?
1489 1039 1570 1083 Ait
1589 1039 1710 1083 enim

224 1107 485 1165 Ciprianus:
519 1108 763 1166 Episcopus
783 1108 820 1152 si
842 1109 984 1160 timet,
1004 1112 1155 1152 actum
1176 1112 1244 1152 est
1263 1108 1319 1153 de
1339 1124 1401 1153 eo.
1462 1108 1552 1152 Sed
1577 1109 1710 1153 liceat

222 1178 404 1232 timere3
433 1193 524 1222 non
554 1182 674 1222 stare
703 1179 752 1222 in
782 1179 1058 1231 necessitate,
1088 1179 1296 1223 illicitum
1328 1183 1408 1223 est.
1468 1179 1710 1238 Fugitiuus

223 1249 398 1292 inutilis
433 1248 616 1292 infamis
651 1252 729 1292 est.
790 1249 873 1293 Est
907 1253 1058 1293 tamen
1094 1250 1142 1292 in
1178 1265 1266 1307 quo
1295 1250 1510 1293 uidentur
1538 1249 1709 1293 imitari

223 1319 521 1362 constantiam
570 1319 818 1371 martirum,
864 1320 902 1363 si
952 1334 1033 1377 pro
1083 1319 1297 1364 cathedra
1345 1319 1512 1363 scilicet
1568 1318 1710 1363 fuerit

223 1389 554 1434 decertandum.
629 1389 793 1432 Fertur
827 1405 854 1432 a
894 1390 1162 1447 quibusdam
1203 1394 1249 1433 et
1283 1405 1441 1434 uerum
1481 1392 1550 1433 est
1588 1389 1709 1447 quod

224 1474 357 1517 super
385 1460 585 1503 Romano
612 1460 878 1518 pontificatu
907 1461 965 1503 ab
989 1460 1238 1503 ambitiosis
1263 1460 1541 1518 quandoque,
1569 1460 1707 1503 immo

224 1544 367 1586 saepe,
407 1530 649 1588 litigatum,
689 1533 735 1574 et
776 1545 867 1573 non
906 1530 1001 1573 sine
1046 1531 1264 1588 sanguine
1309 1530 1511 1574 fraterno
1551 1533 1709 1574 sancta

223 1603 479 1643 sanctorum
514 1600 740 1658 ingressus
769 1600 830 1644 sit
854 1599 1074 1658 pontifeX.
1133 1599 1370 1644 Concitata
1401 1603 1509 1644 sunt
1542 1600 1708 1644 iterum

226 1671 340 1713 bella
360 1671 596 1728 plusquam
618 1671 780 1722 civilia,
795 1674 841 1714 et
862 1670 1070 1715 cesarem
1083 1674 1128 1714 et
1150 1671 1409 1728 Pompeium
1430 1673 1476 1714 et
1496 1670 1709 1728 quicquid

226 1741 459 1798 Philippis,
491 1741 704 1794 Leucade,
738 1740 951 1794 Mutinae,
985 1741 1033 1783 in
1068 1741 1232 1798 Egipto
1264 1741 1543 1798 Hispaniaue
1581 1755 1708 1798 prae·

223 1814 454 1868 sumptum
490 1814 570 1865 est,
606 1811 818 1869 quicquid
846 1811 982 1868 impie
1014 1814 1204 1869 gestum,
1234 1825 1388 1869 pugna
1422 1810 1709 1854 sacerdotalis

224 1881 429 1924 absoluit.
491 1881 724 1939 Numquid
764 1880 1011 1925 Christiani
1055 1881 1288 1939 sanguinis
1321 1884 1564 1938 procurant
1598 1881 1708 1924 effu-

224 1952 393 1994 sionem
414 1954 467 1994 ut
487 1952 550 1995 eis
570 1967 677 2010 prae
698 1951 856 1996 ceteris
876 1951 1008 1995 liceat
1032 1966 1114 2009 pro
1128 1966 1274 2009 grege,
1291 1951 1410 2009 quod
1422 1951 1615 2009 pastoris
1627 1954 1708 2003 est,

226 2072 244 2109 5
271 2063 451 2099 locuntur
467 2061 535 2098 SM
683 2072 726 2108 14
749 2061 920 2108 infamis]
939 2061 1103 2100 nefamis
1120 2062 1161 2098 M
1308 2071 1362 2107 14,
1385 2070 1425 2109 15
1452 2061 1710 2099 constantiam

224 2113 438 2158 martyrum
453 2110 601 2147 imitari
618 2109 642 2146 S
764 2121 806 2148 21
834 2113 978 2158 egypto
996 2110 1105 2146 ΒΑΜ

274 2221 295 2247 2
322 2213 551 2248 contenditur
565 2222 638 2258 pro
659 2211 856 2247 sacerdotio
879 2212 942 2246 sed
961 2214 1174 2256 puqnatur:
1201 2207 1321 2245 minio
1350 2208 1501 2246 notavit
1522 2208 1710 2246 Parkerus

225 2259 268 2295 in
285 2260 366 2296 cod.
385 2259 425 2295 C.
524 2270 547 2304 4
567 2262 717 2306 primas
732 2260 942 2294 cathedras:
969 2258 1081 2294 Matt.
1098 2257 1207 2294 xxiii.
1224 2258 1259 2294 6.
1368 2266 1386 2303 5
1409 2259 1539 2304 palam
1555 2260 1649 2294 etc.:
1674 2269 1710 2295 v.

226 2308 359 2344 Ioann.
377 2306 451 2343 xvi.
471 2318 526 2353 29.
661 2317 682 2352 7
707 2308 862 2352 yloriam
879 2307 971 2342 etc.:
998 2319 1030 2343 v.
1048 2306 1120 2342 Isa.
1138 2304 1219 2342 xlii.
1240 2306 1261 2341 8
1279 2306 1318 2341 et
1335 2304 1454 2341 xlviii.
1477 2316 1532 2342 11.
1665 2315 1708 2342 12

229 2357 431 2400 ciprianus
455 2358 553 2392 etc.:
589 2367 620 2391 v.
649 2354 760 2401 Gypr.
785 2356 857 2400 Ep.
882 2353 948 2389 lix.
979 2354 1043 2400 (ad
1067 2353 1104 2390 S.
1125 2352 1342 2390 Cornelium
1363 2352 1521 2400 papam)
1543 2364 1574 2390 c.
1593 2363 1613 2389 2
1633 2352 1708 2398 (ed.

225 2403 361 2440 Hartel
379 2417 416 2451 p.
428 2405 498 2447 667
515 2417 523 2446 ;
549 2402 680 2450 Migne
694 2404 735 2438 P.
750 2403 794 2438 L.
810 2401 866 2437 iii.
886 2402 987 2448 823).
1118 2403 1161 2438 16
1186 2402 1323 2437 Fertur
1336 2413 1359 2436 a
1376 2402 1592 2447 quibusdam
1609 2402 1681 2438 etc.
1697 2412 1707 2438 ε

227 2452 277 2488 cf.
311 2452 358 2488 de
393 2450 548 2487 Damasi
581 2462 705 2497 papae
734 2449 949 2487 accessione
982 2449 1157 2486 Faustini
1187 2451 1228 2486 et
1261 2447 1480 2485 Marcellini
1506 2451 1629 2495 praef.
1660 2450 1711 2485 ad

226 2500 406 2535 Libellum
427 2501 580 2536 Preeum
602 2500 652 2534 ad
674 2500 916 2545 Imperatores
942 2497 1090 2544 (Migne
1114 2499 1158 2534 P.
1184 2499 1227 2533 L.
1252 2495 1335 2533 xiii.
1368 2497 1424 2540 82,
1455 2498 1528 2543 83).
1596 2496 1711 2532 Haud

224 2551 358 2584 tamen
383 2547 518 2583 dubito
545 2545 640 2592 quin
672 2546 719 2583 de
750 2545 981 2582 tumultibus
1008 2548 1047 2583 et
1073 2544 1265 2591 stragibus
1294 2555 1456 2590 quarum
1485 2555 1575 2581 mox
1603 2543 1711 2581 infra

227 2597 311 2642 (812
324 2596 365 2642 Β)
385 2595 622 2632 mentionem
639 2594 689 2630 sit
706 2595 876 2631 facturus
893 2592 1095 2640 praecipue
1113 2592 1258 2639 cogitet
1275 2592 1449 2629 Ioannes.
1492 2638 1502 2646 ·
1585 2593 1639 2636 16,
1666 2601 1708 2637 17

225 2646 321 2690 quod
347 2656 459 2689 super
482 2645 647 2679 Romano
672 2643 912 2688 pontificatu:
952 2640 1075 2678 minio
1102 2640 1251 2677 notavit
1276 2639 1464 2676 Parkerus
1489 2651 1531 2676 m
1557 2639 1639 2677 cod.
1668 2639 1708 2676 G.

230 2692 272 2727 18
297 2697 330 2727 et
347 2703 420 2727 non
434 2692 514 2727 sine
528 2692 707 2736 sanquine
723 2692 795 2727 etc.
810 2702 818 2725 :
844 2689 904 2725 Ad
916 2689 1014 2726 Heb.
1031 2689 1083 2726 ix.
1096 2700 1129 2736 3,
1143 2698 1164 2734 7
1183 2687 1352 2734 respicit.
1545 2699 1594 2724 20
1616 2689 1710 2724 bella

219 2740 419 2786 plusquam
436 2740 590 2775 ciuilia:
616 2738 704 2774 Luc.
721 2739 852 2773 Phara
872 2736 897 2774 i.
921 2748 951 2773 1.
1160 2746 1202 2772 21
1231 2737 1418 2783 Philippis
1433 2737 1529 2773 etc.:
1556 2735 1650 2772 locis
1666 2734 1711 2773 in

224 2785 325 2822 bello
342 2786 459 2830 ciuili,
478 2787 525 2823 de
541 2797 616 2832 quo
632 2785 786 2832 scripsit
802 2785 986 2829 Lucanus,
1005 2783 1269 2821 celeberrimis.
1411 2793 1468 2827 22,
1487 2793 1533 2830 23
1554 2788 1705 2830 μείνω,

219 2846 349 2879 puyna
364 2836 597 2871 sacerdotalis
613 2835 788 2869 absoluit:
813 2832 932 2869 minio
950 2832 1099 2870 notavit
1114 2831 1299 2869 Parkerus
1314 2830 1356 2868 in
1373 2831 1454 2868 cod.
1473 2830 1514 2869 C.
1659 2840 1707 2881 24

217 2893 291 2928 pro
304 2894 409 2928 qreqe
426 2884 498 2920 etc.
517 2894 527 2919 z
548 2893 582 2919 v.
599 2881 734 2919 Ioann.
752 2892 789 2918 x.
809 2889 863 2926 11,
885 2889 938 2928 15.
1090 2896 1092 2898 ·

331 2961 399 2998 400

1727 634 1747 671 ⁵

1730 984 1772 1010 10

1729 1340 1771 1381 ¹⁵

1728 1686 1771 1711 20
