1846 3262
102 221 185 261 730
204 210 234 252 d
565 207 771 254 IOANN
773 207 832 252 IS
875 207 1395 252 SARESBERIENSIS
1515 206 1627 268 [LIB.
1641 217 1736 251 VIII

250 333 392 377 fames
413 336 459 376 et
479 332 639 376 edendi
669 331 813 389 epulis
844 330 1098 389 frugalibus
1125 330 1436 388 comprimitur
1460 329 1603 373 ardor.
1664 327 1737 371 Ibi

247 404 438 448 crinitus
458 403 590 460 Iopas
610 402 942 445 luxuriantium
966 402 1153 445 letificat
1173 405 1345 453 cetum;
1376 401 1449 444 hic
1468 415 1572 444 arae
1593 414 1738 443 sacer-

249 474 329 517 dos
370 473 659 517 refectionem
699 472 894 515 sobriam
935 474 1164 515 consecrat
1205 471 1425 529 religioni.
1502 470 1591 513 Hic
1635 471 1739 527 post

248 559 448 587 mensam
479 544 596 587 seria
630 546 887 586 tractantur
919 545 965 585 et
996 542 1055 584 ad
1091 541 1349 599 erigendam
1382 556 1476 584 rem
1512 539 1739 598 publicam

249 614 440 672 erigitur
470 614 601 657 uirile
627 613 790 666 robur;
822 612 886 655 ibi
919 615 972 655 ut
999 612 1208 655 luxuriae
1239 612 1428 655 faueant
1460 611 1574 654 fusis
1598 609 1737 668 preci·
1757 629 1778 665 5

248 685 332 728 bus
352 685 610 728 innitantur
631 687 678 727 et
698 683 900 726 numina.
960 683 1100 726 Latae
1121 684 1228 726 sunt
1249 697 1366 740 ergo,
1382 682 1499 725 sicut
1518 682 1567 724 in
1580 680 1740 724 Satur-

247 755 467 798 naliorum
511 754 626 797 libro
666 753 846 811 legitur,
882 753 940 796 ad
981 753 1209 796 luxuriam
1250 751 1579 810 reprimendam
1619 750 1740 808 leges

248 825 481 882 plurimae,
503 839 694 882 quarum
715 824 1069 882 perfunctoriam
1090 823 1363 867 mentionem
1384 823 1433 865 in
1454 821 1573 866 calce
1593 820 1741 865 ciuilis

247 895 446 939 conuiuii
466 910 631 953 ponere
651 910 732 938 nec
752 894 974 938 tediosum
996 894 1084 937 erit
1104 909 1185 938 nec
1205 893 1388 937 omnino
1408 892 1579 936 inutile.

110 1008 182 1049 731
202 1009 231 1038 a
250 994 356 1053 Cap.
381 1007 417 1051 7.
477 994 542 1038 De
572 992 763 1037 cibariis
800 997 838 1037 et
874 992 1187 1050 sumptuariis
1226 991 1399 1049 leyibus
1437 995 1647 1036 ueterum
1676 989 1740 1034 ad
1760 1006 1806 1034 ιο

365 1064 780 1122 intemperantiam
814 1064 1133 1108 cohercendam
1146 1082 1164 1115 ;
1205 1067 1245 1107 et
1276 1062 1540 1120 differentia
1575 1075 1742 1105 earum

367 1135 620 1180 secundnm
630 1135 868 1179 Portnnia
874 1149 1015 1186 ταωνι,-
1032 1138 1071 1178 et
1087 1135 1140 1178 de
1158 1133 1526 1190 intemperantia
1535 1130 1742 1175 Antonii

367 1211 406 1250 et
428 1205 710 1264 frnyatitate
737 1205 864 1249 Iulii
892 1205 1078 1257 cesaris,
1100 1206 1154 1249 de
1182 1206 1395 1262 Anynsto
1430 1208 1470 1248 et
1493 1202 1670 1248 Nerone
1701 1204 1743 1246 et

371 1277 419 1321 G.
442 1276 659 1333 Caliynla
679 1280 719 1319 et
747 1275 928 1320 Vitellio
949 1280 989 1320 et
1009 1276 1193 1320 Metello.

309 1356 460 1399 Prima
492 1371 599 1414 ergo
634 1355 836 1399 omnium
871 1355 930 1399 ad
963 1355 1178 1413 populum
1211 1355 1286 1398 lex
1318 1353 1485 1398 Orchia
1517 1351 1739 1411 peruenit,
1761 1366 1803 1402 15

248 1426 554 1484 praescribens
591 1440 811 1468 summam
847 1428 894 1469 et
927 1440 1165 1469 numerum
1198 1424 1515 1476 conuiuarum3
1561 1437 1740 1466 uerum-

249 1499 402 1539 tamen
442 1495 859 1538 immoderationem
903 1497 1168 1553 sumptuum
1207 1508 1492 1552 nequaquam
1539 1493 1743 1537 cohibuit

250 1566 361 1623 quin
391 1565 633 1623 unicuique
658 1565 813 1609 liceret
839 1581 921 1623 pro
952 1565 1141 1609 arbitrio
1168 1565 1286 1608 bona
1316 1579 1398 1608 sua
1428 1564 1548 1607 inter
1577 1578 1742 1622 paucos

249 1651 518 1680 consumere.
595 1636 760 1679 Secuta
803 1640 872 1680 est
922 1652 1029 1695 ergo
1081 1636 1157 1679 lex
1204 1636 1390 1687 Fannia,
1438 1650 1553 1693 quae
1598 1635 1736 1679 etiam

249 1707 505 1764 sumptibus
554 1706 736 1750 modum
798 1706 918 1751 fecit.
1000 1706 1267 1764 Scriptaque
1334 1709 1403 1750 est
1466 1706 1571 1764 (lex
1626 1720 1740 1763 quae
1762 1729 1806 1754 ,ο

250 1777 471 1821 Fanniam
501 1781 654 1821 secuta
689 1777 786 1834 est)
823 1777 872 1820 in
908 1792 1072 1829 omnes,
1107 1780 1161 1821 ut
1195 1791 1287 1820 non
1327 1776 1472 1820 solum
1511 1776 1632 1820 ciues
1666 1791 1742 1819 ur·

250 1847 357 1891 bani
398 1847 476 1890 sed
517 1862 670 1890 omnes
711 1846 877 1905 ubique
920 1847 1114 1891 Ithaliae
1156 1847 1254 1906 lege
1297 1846 1579 1905 sumptuaria
1618 1849 1741 1890 tene-

201 1926 231 1965 b
251 1920 436 1971 rentur3
478 1932 584 1960 nam
628 1917 676 1960 in
719 1933 770 1961 eo
801 1918 963 1962 Didiae
993 1918 1105 1977 legis
1140 1918 1212 1962 uis
1247 1917 1465 1962 consistit.
1538 1916 1604 1960 At
1642 1916 1743 1960 istis

250 1988 427 2032 adiecta
453 1990 522 2031 est
552 1989 599 2030 et
619 1987 804 2040 Licinia,
825 2003 939 2046 quae
967 2003 1154 2032 numero
1181 1988 1475 2032 conuiuarum
1496 1989 1542 2031 et
1562 1986 1741 2045 quanti-

251 2059 338 2103 tati
369 2061 631 2116 sumptuum
666 2061 713 2102 et
743 2059 941 2103 cautioni
974 2059 1172 2103 locorum
1207 2059 1382 2102 dierum
1412 2062 1459 2103 et
1487 2061 1740 2116 temporum
1761 2075 1803 2111 ²5

250 2128 538 2188 praescripsit
576 2128 802 2186 regulam3
832 2145 889 2173 ne
924 2129 1162 2174 cotidianis
1204 2129 1359 2173 liceret
1399 2129 1604 2173 exultare
1639 2143 1741 2172 con-

251 2200 402 2252 uiuiis,
436 2200 531 2243 dies
563 2203 707 2244 certos
741 2201 1011 2258 praefiniens
1043 2201 1206 2258 quibus
1237 2200 1505 2259 permissum
1540 2202 1609 2243 est
1640 2214 1743 2244 con-

252 2271 414 2314 uiuari.
477 2271 599 2328 Ergo
629 2271 766 2314 etiam
797 2271 935 2314 sobrii
967 2274 1086 2316 etate
1119 2271 1256 2316 seculi
1285 2270 1562 2329 praescripto
1591 2271 1743 2328 legum

252 2342 512 2385 cohercetur
546 2356 743 2399 expensa
776 2357 1000 2387 cenarum.
1072 2342 1304 2400 Siquidem
1340 2342 1398 2385 ab
1430 2341 1562 2385 initio
1596 2341 1744 2399 coepit

251 2412 384 2455 radix
405 2411 614 2455 luxuriae
632 2412 879 2469 pullulare;
909 2413 1029 2457 unde
1050 2416 1098 2457 et
1111 2416 1245 2457 uetus
1265 2413 1454 2457 uerbum
1475 2415 1543 2456 est
1560 2428 1569 2456 ε
1600 2412 1741 2471 Leges
1760 2433 1805 2468 3⁰

252 2528 274 2554 2
299 2529 419 2564 yopas
437 2517 569 2553 CBSM
751 2528 774 2563 4
799 2518 997 2564 publicam
1013 2530 1083 2555 om.
1099 2518 1140 2555 M
1324 2529 1348 2566 9
1372 2530 1445 2556 nec
1461 2517 1651 2555 tediosum
1667 2517 1744 2556 erit

252 2578 400 2612 ponere
419 2565 459 2601 M
625 2575 663 2602 11
694 2577 825 2603 eorum
843 2565 915 2603 028
932 2569 974 2603 in
991 2569 1091 2603 rubr.
1110 2579 1189 2614 cap.
1200 2569 1328 2614 praef.
1493 2577 1535 2603 12
1561 2565 1744 2604 anthonii

254 2614 278 2650 S
296 2616 337 2650 in
354 2616 455 2650 rubr.
475 2626 552 2660 cap.
568 2616 688 2660 praef.
881 2625 923 2661 13
949 2614 1052 2650 iullii
1070 2614 1095 2651 S
1114 2617 1156 2651 in
1171 2617 1273 2652 rubr.
1291 2627 1370 2662 cap.
1390 2617 1508 2662 praefi
1697 2626 1741 2662 14

253 2661 415 2699 Nitellio
433 2661 457 2697 S
478 2664 519 2697 in
536 2663 635 2698 rubr.
654 2675 732 2709 cap.
743 2665 883 2709 praefi,
902 2663 942 2699 M
1076 2665 1132 2709 16,
1153 2672 1195 2708 17
1222 2665 1517 2710 uerumptamen
1533 2662 1568 2699 A
1698 2673 1742 2709 17

251 2712 436 2756 suptuum
454 2710 487 2745 A
604 2720 646 2756 19
670 2713 833 2756 sequuta
847 2710 925 2747 AM
1021 2711 1159 2748 fannia
1174 2711 1245 2748 C¹S
1418 2722 1472 2757 19,
1492 2722 1540 2747 20
1563 2711 1626 2748 lex
1643 2723 1742 2759 quae

252 2758 445 2795 Fanniam
463 2759 595 2794 secuta
612 2759 671 2795 est
689 2760 873 2806 supplem.
1018 2761 1066 2797 26
1092 2758 1316 2797 cottidianis
1332 2758 1381 2795 Α.1

301 2853 333 2895 6,
354 2863 374 2898 7
401 2854 495 2888 sicut
527 2855 569 2889 in
601 2855 902 2890 Satumaliorum
929 2854 1023 2890 libro
1052 2855 1205 2900 leqitur:
1231 2866 1262 2890 v.
1295 2852 1463 2891 Macrob.
1491 2854 1569 2890 Sat.
1597 2851 1653 2889 111.
1686 2861 1740 2898 17.

257 2909 298 2946 15
325 2901 454 2936 Prima
472 2913 553 2947 erqo
569 2903 667 2939 etc.:
694 2914 728 2938 v.
746 2901 915 2939 Macrob.
933 2903 1010 2938 Sat.
1030 2901 1085 2939 iii.
1108 2911 1150 2948 17
1170 2901 1212 2950 §§
1234 2912 1340 2949 2—13.

366 2974 428 3006 262
