1846 3262
99 212 187 254 749
204 202 233 244 d
580 202 843 247 IOANNIS
883 202 1399 248 SARESBERIENSIS
1504 202 1614 265 [ΜΒ.
1630 215 1722 248 vm

248 325 546 382 supercilium,
573 323 756 382 garrula
782 338 934 367 socrus
963 323 1131 382 lingua,
1158 324 1384 368 subsessor
1404 325 1538 369 alieni
1565 327 1720 370 matri-

248 394 383 447 moni,
405 395 602 438 incertus
622 394 863 436 liberorum
884 396 1083 437 euentus.
1123 393 1230 437 Non
1250 408 1406 451 passus
1425 398 1494 438 est
1512 396 1721 440 iuuenem

248 463 297 506 in
324 465 538 507 contextu
564 478 713 506 rerum
743 478 1001 520 asperarum
1031 463 1158 520 quasi
1189 463 1304 507 letae
1333 465 1545 508 materiae
1575 465 1721 510 facere

248 533 480 577 delectum.
542 532 750 577 Concinit
779 533 827 575 in
856 533 975 576 hunc
1005 533 1187 576 modum
1216 536 1339 577 totus
1371 538 1490 578 recte
1529 535 1720 592 philoso-

247 603 486 660 phantium
505 603 677 656 chorus,
692 606 757 654 ut,
773 602 811 646 si
832 603 909 660 qui
930 602 1214 647 Christianae
1233 603 1460 661 religionis
1480 604 1721 650 abhorrent
1740 621 1760 656 5

247 673 451 730 rigorem,
480 673 655 716 discant
684 673 758 717 uel
787 674 845 716 ab
875 674 1064 717 ethnicis
1094 673 1361 717 castitatem.
1434 673 1540 718 Non
1570 677 1722 720 tamen

246 742 368 799 quod
413 743 637 800 coniugali
675 743 910 786 detraham
949 743 1161 794 castitati,
1194 743 1272 786 sed
1311 744 1602 787 centesimum
1641 748 1722 789 aut

247 813 573 870 sexagesimum
603 812 814 864 fructum,
844 812 948 857 licet
978 812 1033 856 de
1072 812 1219 857 radice
1258 813 1471 856 tricesimi
1506 814 1721 869 oriantur,

98 892 179 933 750
199 894 229 924 a
247 883 430 926 minime
449 883 647 926 arbitror
671 883 896 927 tricesimo
922 882 1289 940 componendum..
1331 883 1461 935 Zeno,
1477 883 1721 941 Epitectua

247 952 516 1004 Aristotiles‚
536 952 774 1004 Critolaus,
808 955 854 996 et
890 953 1209 1010 Epicureorum
1244 967 1379 1010 quam
1410 953 1594 1011 plurimi
1628 957 1719 999 tra·
1741 973 1782 999 ιο

246 1022 418 1065 duntur
435 1022 626 1080 posteris
641 1023 757 1066 hanc
776 1023 1026 1080 publicasse
1040 1023 1322 1067 sententiam.
1364 1023 1527 1067 Fertur
1540 1027 1721 1069 auctore

245 1091 470 1135 Ieronimo
503 1093 710 1136 aureolus
751 1093 1047 1150 Theophrasti
1087 1092 1200 1136 liber
1238 1093 1294 1136 de
1332 1093 1504 1150 nuptiis
1543 1094 1592 1136 in
1631 1109 1720 1151 quo

246 1162 422 1219 quaerit
451 1177 511 1204 an
541 1163 615 1205 uir
645 1163 822 1220 sapiens
852 1163 987 1206 ducat
1014 1176 1228 1215 uxorem3
1264 1166 1310 1206 et
1336 1177 1438 1206 cum
1472 1163 1720 1218 diffinisset,

245 1232 286 1275 si
314 1231 501 1289 pulchra
531 1235 657 1283 esset,
677 1233 716 1275 si
745 1233 857 1276 bene
886 1236 1071 1284 morata,
1092 1233 1130 1276 si
1159 1232 1358 1276 honestis
1388 1234 1719 1312 parentibusffl
1706 1235 1716 1244 '

245 1301 340 1358 ipse
368 1316 504 1344 sanus
533 1305 579 1345 et
609 1302 748 1355 diues,
778 1303 841 1346 sic
870 1303 1117 1406 sapientem
1151 1302 1391 1359 aliquando
1420 1303 1534 1347 inire
1563 1305 1778 1356 matri-15

245 1371 459 1426 monium,
494 1372 649 1415 statim
699 1373 887 1439 intulit:
947 1373 1071 1416 Haec
1111 1375 1262 1416 autem
1301 1387 1402 1416 raro
1449 1373 1497 1416 in
1546 1375 1718 1432 nuptiis

244 1441 455 1484 uniuersa
474 1442 767 1495 concordant,
802 1434 893 1486 non
913 1444 981 1486 est
1001 1442 1143 1499 igitur
1162 1456 1276 1485 uxor
1291 1442 1492 1486 ducenda
1512 1444 1716 1501 sapienti.

245 1510 445 1554 Primum
485 1512 603 1555 enim
650 1512 856 1570 impediri
906 1512 1058 1556 studia
1105 1512 1421 1591 philosophiae,
1460 1528 1541 1557 nec
1589 1528 1718 1571 posse

245 1595 512 1638 quemquam
541 1582 668 1625 libris
697 1585 744 1625 et
773 1582 904 1625 uxori
943 1582 1113 1639 pariter
1141 1581 1368 1625 inseruire.
1447 1583 1594 1627 Multa
1623 1599 1717 1628 esse

198 1654 228 1694 b
247 1665 360 1707 quae
386 1654 692 1695 matronarum
719 1652 875 1695 usibus
898 1652 1144 1695 necessaria
1167 1651 1282 1705 sint3
1311 1652 1531 1709 pretiosae
1557 1656 1717 1708 uesteS,
1736 1676 1779 1701 ιο

244 1735 414 1772 aurum,
435 1735 646 1778 gemmae,
667 1725 884 1779 sumptus,
911 1721 1108 1772 ancillae,
1139 1721 1339 1779 supellex
1368 1723 1508 1774 uaria,
1536 1723 1717 1768 lecticae

243 1792 290 1833 et
329 1791 494 1834 exedra
532 1791 758 1834 deaurata.
830 1791 1003 1835 Deinde
1042 1806 1122 1849 per
1160 1794 1280 1835 totas
1318 1795 1470 1836 noctes
1508 1793 1716 1851 garrulae

243 1860 607 1917 conquestiones:
647 1861 735 1904 Illa
774 1861 974 1905 ornatior
1007 1861 1208 1918 procedit
1246 1862 1295 1904 in
1334 1862 1573 1919 publicum,
1606 1863 1715 1908 haec

242 1929 488 1972 honoratur
508 1930 565 1973 ab
585 1930 802 1982 omnibus,
822 1945 903 1988 ego
922 1931 971 1973 in
997 1934 1223 1974 conuentu
1247 1931 1516 1975 feminarum
1542 1932 1715 1977 misella

242 2000 480 2057 despicior3
517 2015 597 2044 cur
634 2001 879 2058 aspiciebas
922 2001 1153 2046 uicinam?
1204 2002 1315 2059 quid
1357 2017 1459 2046 cum
1500 2003 1712 2047 ancillula
1733 2019 1776 2055 ²⁵

240 2069 521 2127 loquebaris'ss
560 2071 616 2114 de
646 2070 746 2114 foro
776 2071 960 2116 ueniens
981 2071 1089 2129 quid
1119 2071 1345 2117 attulisti?
1396 2072 1501 2116 Non
1521 2073 1714 2117 amicum

241 2139 404 2183 habere
410 2154 655 2198 possumus,
662 2156 752 2200 non
767 2141 975 2185 sodalem.
998 2141 1199 2186 Alterius
1205 2156 1550 2195 amorem,suum
1563 2143 1715 2187 odium

240 2211 503 2268 suspicatur.
563 2210 613 2254 Si
644 2211 926 2255 doctissimus
955 2214 1215 2269 praeceptor
1240 2211 1289 2255 in
1316 2212 1516 2269 qualibet
1535 2212 1716 2256 urbium

241 2350 258 2377 1
287 2340 478 2395 subsessor
499 2342 718 2396 Val.Ma:q.:
742 2340 957 2378 subcesoria
973 2338 1141 2377 CBASM
1251 2340 1275 2377 6
1300 2339 1481 2388 ethnicis]
1494 2341 1672 2379 hennicis
1688 2341 1714 2379 S

237 2397 272 2470 Ξ
274 2390 499 2472 Sepictect2111s
512 2389 814 2473 ggitllqpfftetus
831 2388 862 2424 A
1005 2399 1049 2426 12
1073 2387 1277 2426 theofrasti
1292 2387 1367 2424 AM
1514 2399 1558 2435 14
1581 2389 1716 2437 pulcn.

288 2532 308 2568 7
334 2525 563 2559 centesimum
579 2525 674 2560 etc.t
699 2535 733 2561 v.
760 2523 871 2560 Matt.
890 2522 972 2559 xiii.
990 2533 1048 2569 23,
1071 2534 1187 2569 quem
1211 2523 1338 2578 locum
1361 2522 1639 2571 interpretatur
1662 2525 1713 2562 ad

239 2572 409 2607 mentem
426 2570 581 2608 Hieron.
600 2573 679 2608 adv.
698 2572 815 2608 Iovin.
835 2571 861 2608 i.
881 2582 901 2617 3
919 2570 1069 2625 (Migne
1085 2573 1125 2607 P.
1143 2573 1188 2608 L.
1205 2570 1311 2607 xxiii.
1329 2571 1429 2617 213).
1563 2582 1586 2619 9
1612 2574 1713 2610 Zeno

240 2620 334 2655 etc.:
362 2618 467 2655 Haec
492 2618 806 2673 philosophorum
824 2618 980 2655 nomina
997 2631 1063 2656 cur
1079 2618 1251 2673 elegerit,
1266 2618 1415 2662 nescim
1441 2621 1546 2657 certe
1561 2620 1710 2657 nullam

239 2665 401 2702 Critolai
433 2666 480 2702 de
506 2665 741 2703 matrimonii
769 2666 1020 2703 incommodis
1046 2666 1280 2703 sententiam
1319 2678 1479 2712 usquam
1513 2666 1710 2704 laudatam

239 2714 400 2760 repperi.
523 2724 637 2757 11,12
663 2715 801 2750 Fertur
810 2719 955 2751 auctore
971 2716 1149 2751 Ierom'mo
1165 2716 1237 2751 etc.
1250 2715 1427 2760 usquead
1447 2715 1713 2760 Theophrastus

240 2762 400 2807 (751c):
443 2741 603 2798 Hieron.
637 2764 716 2798 adv.
749 2763 864 2798 Iovin.
897 2761 922 2798 ι.
956 2771 1003 2808 47
1039 2761 1136 2809 (Mig
1137 2774 1186 2799 ne
1220 2763 1262 2798 P.
1295 2764 1339 2798 L.
1377 2761 1487 2799 xxiii.
1524 2763 1667 2808 2760eq

238 2809 304 2853 qui
337 2809 431 2846 haec
458 2808 588 2845 omnia
617 2810 663 2846 de
693 2809 913 2855 nuptiarum
942 2774 1136 2846 molestiag
1145 2809 1249 2846 dicta
1273 2820 1322 2846 ex
1345 2809 1443 2847 libro
1474 2773 1667 2847 Senecae
1665 2811 1710 2846 ἀι

238 2858 469 2893 matrimonio
487 2856 738 2904 desumpsisse
755 2856 928 2904 videtum
954 2869 987 2895 v.
1004 2868 1064 2904 op.
1084 2856 1148 2894 cit.
1166 2867 1224 2904 49.

347 2925 415 2971 296
