1846 3262
141 210 240 244 cu.
254 197 307 260 x]
672 197 1116 244 POLICRATICVS
1565 255 1569 257 μ
1652 197 1739 246 659
1759 193 1789 233 d

140 320 284 364 bonae
318 320 483 364 mentis
517 320 699 364 omnino
731 320 887 372 eiciat;
931 322 1039 362 sunt
1069 333 1183 376 quae
1213 318 1390 376 digerat
1420 317 1468 360 in
1497 332 1629 360 usum

140 404 316 433 morum
337 394 418 433 aut
438 390 717 447 eloquentiae
737 404 746 442 3
776 393 883 433 sunt
904 404 1017 446 quae
1044 388 1259 431 indurent
1287 388 1485 430 animam
1513 390 1559 430 et
1582 388 1631 430 in

140 462 230 505 fide
250 464 297 505 et
316 461 446 505 bonis
466 461 676 518 operibus
696 460 836 503 solam
853 459 1024 503 faciant
1044 459 1325 503 cruditatem.
1366 458 1458 500 Vix
1478 461 1630 501 autem

140 532 400 575 inuenietur
426 532 642 589 scriptum
667 532 715 573 in
741 546 841 588 quo,
862 530 900 573 si
924 545 1015 573 non
1045 530 1093 572 in
1124 544 1256 573 sensu
1287 529 1360 573 uel
1390 530 1439 573 in
1468 529 1630 579 uerbis,

104 615 125 651 5
141 615 232 645 non
252 602 504 659 reperiatur
527 602 699 659 aliquid
724 601 843 659 quod
867 600 1064 658 prudens
1094 600 1233 643 lector
1260 599 1440 643 emittit.
1501 599 1630 643 Cete-

141 687 243 715 rum
275 673 379 715 libri
410 673 618 716 catholici
649 672 796 715 tutius
825 671 1040 729 leguntur
1070 674 1116 714 et
1146 671 1334 720 cautius,
1366 673 1412 713 et
1440 670 1632 727 gentiles

140 742 418 801 simplicibus
452 743 743 801 periculosius
777 745 963 800 patent;
1007 741 1084 784 sed
1120 741 1167 783 in
1200 741 1404 798 utrisque
1436 741 1632 784 exerceri
1650 739 1742 779 660
1762 749 1794 777 a

139 813 416 857 fidelioribus
436 814 629 872 ingeniis
647 813 939 856 utilissimum
960 815 1041 855 est.
1104 811 1224 854 Nam
1252 811 1478 868 exquisita
1501 811 1634 854 lectio

141 884 422 942 singulorum
452 884 771 934 doctissimum,
793 886 927 926 cauta
957 882 1114 925 electio
1144 882 1380 924 meliorum
1410 881 1632 939 optimum

84 974 126 1000 ιο
143 953 268 998 facit.
344 954 408 998 Vt
448 954 567 997 enim
607 954 656 996 in
695 954 812 996 libro
853 952 1215 996 Saturnaliorum
1256 955 1303 995 et
1343 951 1392 994 in
1432 952 1634 1009 epistolis

143 1023 337 1068 Senecae
367 1024 425 1067 ad
465 1024 687 1067 Lucilium
717 1023 897 1082 legitur,
928 1037 1035 1080 apes
1065 1021 1392 1079 quodammodo
1422 1022 1635 1066 debemus

142 1094 325 1146 imitari,
355 1109 470 1152 quae
499 1097 728 1152 uagantur
757 1096 803 1136 et
831 1093 964 1135 fiores
993 1082 1197 1149 carpunt,
1228 1091 1390 1134 deinde
1421 1092 1635 1149 quicquid

141 1163 345 1208 adtulere
365 1164 612 1222 disponunt
632 1166 678 1206 et
697 1178 778 1221 per
798 1162 929 1206 fanos
949 1162 1163 1205 diuidnnt
1182 1165 1229 1205 et
1256 1175 1434 1205 succum
1457 1163 1635 1205 uarium

141 1234 191 1278 in
217 1249 360 1278 unum
385 1249 588 1293 saporem
616 1234 820 1277 mixtura
847 1233 1041 1290 quadam
1067 1236 1114 1276 et
1142 1233 1419 1290 proprietate
1448 1233 1636 1290 spiritus

83 1321 126 1358 ¹5
142 1304 214 1348 sui
243 1307 435 1348 mutant.
494 1304 591 1348 Nos
621 1319 809 1362 quoque,
830 1302 1043 1360 quicquid
1073 1302 1253 1345 diuersa
1281 1302 1470 1346 lectione
1501 1317 1635 1360 quae-

142 1375 344 1426 siuimus,
356 1377 670 1419 conuertamus
691 1375 739 1417 in
758 1389 890 1417 usum
911 1373 1099 1416 uirtutis
1119 1376 1173 1416 ut
1193 1373 1344 1416 omnia
1363 1373 1412 1415 in
1432 1373 1635 1430 ordinem

141 1445 439 1504 gerendorum
461 1445 650 1489 rationis
670 1445 835 1488 iudicio
860 1444 1091 1502 digerente
1118 1443 1381 1487 coalescant.
1441 1442 1561 1486 Nam
1590 1447 1637 1487 et

143 1516 193 1560 in
213 1517 364 1560 animo
383 1516 544 1560 melius
571 1516 787 1559 distincta
818 1517 1071 1565 seruantur,
1092 1518 1138 1557 et
1167 1514 1266 1572 ipsa
1286 1514 1518 1558 distinctio
1545 1530 1637 1558 non

143 1587 242 1631 sine
270 1587 464 1645 quodam
494 1586 729 1640 fermento,
757 1601 846 1644 quo
873 1585 1083 1629 conditur
1111 1585 1396 1636 uniuersitas,
1422 1585 1470 1628 in
1500 1586 1637 1629 unius

83 1679 129 1704 20
145 1658 317 1716 saporis
345 1673 478 1700 usum
507 1657 637 1701 uaria
664 1657 911 1700 libamenta
938 1655 1178 1700 confundit
1206 1659 1272 1706 ut,
1291 1656 1469 1699 etiamsi
1500 1671 1636 1714 appa·
1652 1661 1682 1699 b

144 1728 289 1771 ruerit
326 1727 447 1771 unde
486 1731 718 1785 sumptum
758 1727 831 1778 sit,
865 1726 990 1769 aliud
1024 1729 1178 1769 tamen
1214 1741 1308 1769 esse
1343 1741 1479 1783 quam
1514 1726 1635 1770 unde

143 1800 375 1856 sumptum
395 1801 605 1841 noscetur
624 1800 852 1856 appareat,
873 1797 993 1854 quod
1018 1797 1066 1840 in
1096 1811 1279 1854 corpore
1306 1800 1460 1840 nostro
1487 1796 1636 1840 facere

142 1868 350 1912 uidemus
373 1868 470 1911 sine
493 1868 616 1911 omni
644 1883 780 1926 opera
805 1871 961 1911 nostra
988 1871 1210 1911 naturam.
1270 1867 1501 1910 Alimenta
1521 1882 1636 1924 quae

144 1939 398 1997 accipimus,
429 1938 644 1996 quamdiu
669 1938 718 1981 in
742 1953 824 1981 sua
850 1938 1070 1995 qualitate
1096 1940 1388 1995 perseuerant
1417 1941 1464 1980 et
1492 1937 1636 1980 solida

85 2029 129 2065 ²5
144 2009 368 2060 innatant,
402 2009 518 2052 male
553 2012 751 2052 stomaco
782 2009 907 2052 oneri
939 2011 1071 2062 sunt;
1115 2011 1164 2051 at
1198 2023 1301 2052 cum
1331 2023 1389 2051 ex
1424 2023 1476 2051 eo
1516 2008 1635 2065 quod

144 2083 275 2123 erant
292 2082 472 2123 mutata
491 2083 616 2133 sunt,
626 2082 726 2122 tum
742 2079 922 2122 demum
942 2079 992 2121 in
1011 2079 1133 2122 uires
1152 2082 1415 2131 transeunt-3
1451 2079 1635 2136 sanguis

143 2149 264 2193 enim
294 2165 351 2193 ex
378 2150 535 2193 diuino
558 2150 774 2193 mandato
797 2149 1027 2193 diducitur
1056 2149 1164 2192 dum
1194 2149 1310 2192 uitia
1340 2149 1635 2192 declinantur.

100 2240 103 2241 ⁷
146 2219 305 2263 Pastor
334 2219 555 2264 Ecclesiae
585 2219 766 2278 reptilia
795 2222 842 2262 et
870 2219 1104 2262 immunda
1133 2222 1331 2262 mactare
1361 2218 1637 2276 praecipitur

144 2292 192 2333 et
225 2290 481 2342 comedere;
525 2290 655 2346 quod,
686 2289 792 2332 licet
823 2288 880 2331 ad
910 2288 1191 2331 uocationem
1221 2287 1426 2345 gentium
1455 2289 1636 2346 proprie

82 2379 130 2414 30
145 2359 381 2411 referatur,
405 2359 479 2403 uel
507 2359 701 2416 exempli
725 2358 1042 2403 conformitate
1072 2358 1230 2401 docere
1254 2360 1405 2415 potest
1428 2361 1482 2400 ut
1506 2358 1635 2415 iugu-

144 2430 251 2473 latis
280 2429 506 2473 erroribus
535 2429 775 2487 gentilium
804 2428 1018 2485 dogmata
1046 2442 1330 2484 nequaquam
1361 2427 1634 2471 horreamus.

145 2500 267 2544 Dum
288 2499 601 2550 innocentiam,
622 2498 946 2556 frugalitatem,
966 2500 1273 2555 contemptum
1294 2497 1452 2539 mundi
1471 2497 1635 2542 docent

145 2617 172 2690 g
187 2611 273 2652 post
303 2606 346 2642 et
370 2606 457 2640 aad.
486 2604 528 2640 in
554 2602 601 2639 A¹
838 2611 856 2649 5
884 2600 1130 2649 repperiatur
1159 2601 1191 2636 A
1403 2612 1449 2638 22
1475 2604 1635 2649 nuptum

316 2664 337 2689 2
345 2662 363 2699 5
388 2652 492 2688 mala
508 2651 548 2688 S¹
642 2649 841 2687 stomacho
857 2650 931 2685 AM

198 2748 251 2779 ιο,
273 2746 311 2772 11
341 2737 383 2771 in
407 2736 569 2781 epistolis
591 2735 770 2771 Senecae:
796 2746 828 2768 v.
847 2731 932 2769 Seu.
950 2733 1023 2778 Ep.
1042 2732 1100 2776 84.
1118 2729 1158 2778 ἕξ
1180 2740 1213 2778 5,
1229 2732 1264 2768 6.
1480 2742 1519 2769 ιι
1547 2744 1636 2778 apes

145 2787 219 2822 etc.
248 2795 367 2830 usque
396 2783 445 2819 ad
471 2787 682 2818 transeunt:
719 2781 889 2818 Macrob.
914 2782 989 2817 Sat.
1018 2779 1044 2816 i.
1075 2779 1194 2826 praef.
1222 2778 1264 2836 ἒξ
1296 2788 1376 2834 5-7.
1517 2790 1563 2825 27
1588 2793 1636 2816 ex

144 2834 277 2869 diuino
292 2833 486 2867 mandato:
513 2843 546 2866 v.
565 2829 658 2866 Gen.
675 2829 728 2868 ix.
745 2841 780 2875 4.
885 2830 932 2865 28
956 2829 1089 2865 Pastor
1101 2829 1308 2864 Ecclesaae:
1330 2838 1401 2864 Le.
1420 2826 1458 2863 S.
1477 2827 1635 2872 Petrum

145 2893 180 2918 v.
195 2881 283 2917 Act.
301 2879 400 2926 App.
418 2890 454 2915 x.
475 2890 490 2916 1
501 2889 515 2916 1
532 2890 635 2925 seqq.

1458 2956 1522 2990 133
