1846 3262
90 220 170 261 595
189 221 213 252 c
561 205 824 251 IOANNIS
863 200 1383 248 SARESBERIENSIS
1537 198 1648 261 [ΜΒ.
1663 209 1716 242 VI

232 329 418 374 missilia
457 332 502 373 et
541 327 710 386 lapides
724 332 733 341 '
749 340 885 369 manu
928 325 1001 368 uel
1049 323 1192 367 funda
1241 323 1394 367 docuit
1435 324 1482 366 et
1521 321 1717 379 qualiter

233 401 398 444 bellum
418 414 547 443 omne
569 401 648 441 aut
668 396 877 440 sustineri
898 395 1059 438 debeat
1083 396 1164 438 aut
1187 392 1361 438 inferri.
1422 392 1567 436 Nouit
1594 392 1714 436 enim

233 469 604 528 prudentissimus
625 470 670 510 et
689 466 879 523 diligens
900 465 1144 522 imperator
1164 463 1270 521 quia

407 576 494 618 quo
524 559 658 661 6611111161
688 561 755 602 est
784 558 959 600 imbuta
988 571 1140 601 recens
1169 556 1370 600 seruabit
1399 555 1581 599 odorem

408 622 524 663 testa
588 619 643 670 'u‚
1733 628 1753 663 5

234 717 279 758 et
311 713 428 770 quod
447 728 536 756 non
556 714 735 755 tantum
755 710 940 755 celerius
968 710 1045 753 sed
1075 709 1212 753 etiam
1232 708 1476 767 perfectius
1505 707 1714 750 imbuun-

234 787 311 827 tur
345 798 458 840 quae
489 782 722 825 discuntur
754 796 781 824 a
815 781 980 838 pueris.
1061 779 1234 823 Deinde
1264 778 1474 822 militaris
1507 778 1716 822 alacritas

191 857 219 897 d
235 853 375 896 saltus
395 855 440 896 et
459 867 613 896 cursus
633 854 738 895 ante
762 850 1060 908 comparanda
1087 853 1155 893 est
1185 852 1231 893 et
1260 848 1553 907 temperanda
1579 863 1716 905 quam

233 938 391 981 corpus
421 925 540 966 etate
570 922 804 980 pigrescat.
863 921 1086 964 Velocitas
1117 920 1247 971 enim,
1271 935 1385 977 quae
1409 921 1620 977 percepta
1648 921 1717 962 est

232 997 278 1037 et
301 994 480 1036 firmata
509 995 577 1036 est
604 991 827 1043 exercitio,
854 994 1088 1035 strenuum
1116 990 1250 1034 efficit
1279 990 1554 1033 bellatorem.
1619 988 1715 1033 Nec
1736 1003 1777 1027 10

231 1063 423 1106 multum
462 1061 603 1105 refert
641 1061 680 1104 si
719 1064 866 1105 cetera
912 1061 1151 1119 probitatis
1197 1063 1465 1104 concurrant
1508 1059 1716 1117 insignia,

231 1132 402 1190 proceri
422 1132 514 1175 sint
534 1147 593 1174 an
616 1134 817 1174 staturae
846 1131 1088 1184 breuioris3
1117 1131 1276 1174 utilius
1305 1131 1424 1174 enim
1452 1133 1520 1174 est
1550 1130 1717 1173 milites
1796 1142 1803 1147 ·

233 1202 373 1246 fortes
413 1216 507 1245 esse
547 1216 681 1258 quam
720 1201 925 1259 grandes.
985 1201 1209 1244 Delectori
1250 1215 1331 1244 suo
1366 1200 1514 1244 fertur
1549 1200 1717 1244 dixisse

234 1272 409 1315 Pirrus:
440 1271 508 1314 Tu
527 1270 718 1328 grandes
739 1271 865 1329 elige,
888 1286 969 1329 ego
990 1286 1063 1314 eos
1084 1270 1225 1315 fortes
1245 1270 1441 1314 reddam.

291 1341 363 1384 Ad
383 1341 607 1385 tumulum
628 1341 889 1384 Archemori
910 1341 1018 1384 dum
1042 1340 1171 1384 ludos
1196 1341 1398 1384 solennes
1419 1340 1579 1384 Grecia
1605 1340 1715 1384 6616-
1735 1355 1791 1390 15·

234 1412 396 1463 braret,
417 1411 604 1454 Tideum
626 1410 834 1468 Capaneo
853 1411 1130 1468 praestitisse
1150 1411 1401 1469 percelebre
1422 1414 1491 1455 est
1511 1411 1618 1469 quia

437 1510 579 1553 maior
608 1510 657 1552 in
688 1510 851 1568 exiguo
881 1510 1100 1568 regnabat
1129 1525 1311 1568 corpore
1341 1510 1500 1554 uirtus.

233 1602 302 1646 De
326 1602 538 1646 exercitio
558 1603 713 1660 Magni
742 1603 940 1660 Pompeii
970 1605 1189 1646 memorat
1218 1603 1442 1647 Salustius
1470 1603 1589 1661 quod
1612 1618 1714 1648 cum

233 1672 454 1716 alacribus
469 1672 601 1724 saltu,
618 1687 718 1716 cum
733 1673 959 1717 uelocibus
975 1688 1119 1724 cursu,
1134 1688 1236 1717 cum
1251 1673 1414 1717 ualidis
1429 1676 1558 1717 uecte
1572 1677 1712 1718 certa-

233 1742 326 1786 bat.
399 1742 557 1799 Neque
588 1743 707 1786 enim
737 1743 812 1786 ille
842 1743 975 1787 aliter
1008 1743 1229 1801 potuisset
1259 1758 1343 1801 par
1374 1758 1468 1787 esse
1503 1743 1712 1798 Sertorio,
1733 1762 1776 1787 πο

233 1812 321 1855 nisi
349 1827 395 1855 se
423 1815 468 1856 et
491 1812 657 1856 milites
681 1827 784 1856 suos
812 1812 1123 1870 frequentibus
1154 1814 1379 1857 exercitiis
1406 1817 1715 1872 praeparasset

79 1889 166 1938 596
188 1898 218 1928 a
235 1882 292 1924 ad
311 1881 490 1940 praelia.
542 1882 804 1934 Recedendi‚
820 1883 1081 1934 assultandi,
1102 1883 1329 1926 insiliendi
1349 1898 1423 1927 ars
1442 1899 1533 1928 non
1549 1885 1714 1928 medio-

233 1952 320 1995 cris
352 1954 431 2004 est,
461 1951 588 1995 cuius
617 1952 829 1996 beneficio
863 1953 942 1996 illa
972 1956 1180 1996 seruatur
1209 1954 1384 1997 cautela
1413 1957 1464 1998 ut
1500 1954 1628 1998 miles
1658 1955 1715 1999 ad

233 2021 516 2064 inferendum
550 2022 716 2065 uulnus
750 2022 812 2066 sic
843 2023 1050 2081 insurgat
1080 2023 1129 2066 111
1168 2024 1342 2067 hostem
1381 2027 1435 2068 ut
1474 2025 1617 2068 eidem
1657 2040 1714 2069 ex

233 2091 385 2148 aliqua
413 2094 542 2149 parte
570 2106 661 2135 non
690 2095 845 2150 pateat
873 2093 932 2136 ad
961 2093 1152 2151 plagam.
1211 2093 1490 2138 Exercitium
1524 2096 1712 2139 natandi
1733 2116 1774 2151 ²5

234 2161 592 2218 percommodum
613 2164 692 2212 est,
712 2176 813 2205 cum
833 2162 882 2205 in
901 2163 1104 2206 terrestri
1131 2164 1300 2221 praelio
1324 2164 1398 2207 uel
1420 2165 1585 2219 nauali,
1606 2165 1715 2224 quid

234 2230 306 2274 cui
330 2231 570 2274 necessitas
597 2234 736 2288 paret,
763 2232 932 2275 nemini
956 2233 1240 2291 perspicuum
1263 2234 1335 2287 sit,
1359 2249 1441 2279 nec
1471 2238 1540 2279 est
1568 2251 1715 2294 prom-

232 2303 363 2358 ptum
395 2300 649 2358 quempiam
681 2304 791 2354 arte,
823 2317 958 2359 quam
989 2318 1080 2346 non
1120 2303 1290 2356 didicit,
1325 2319 1353 2347 a
1391 2305 1600 2362 periculis
1640 2321 1715 2350 ex.-

232 2370 389 2428 pediri.
448 2370 686 2414 Missilium
707 2387 882 2430 quoque
905 2387 1014 2416 usus
1033 2376 1103 2418 est
1128 2374 1364 2427 maximus,
1385 2375 1547 2433 quibus
1573 2377 1716 2422 hostis

234 2510 269 2553 6,
288 2519 308 2555 7
333 2508 534 2546 imbuntur
550 2509 575 2546 S
722 2518 762 2558 15
790 2509 981 2549 sollennes
996 2511 1050 2548 A:
1075 2511 1307 2560 sollempnes
1321 2512 1346 2550 S
1489 2514 1536 2551 26
1559 2515 1662 2562 quod
1675 2515 1716 2553 M

235 2566 292 2602 27,
310 2559 355 2594 28
379 2559 572 2604 promtum
588 2557 616 2594 C

222 2688 226 2693 ’
284 2690 308 2725 4
331 2691 400 2726 quo
416 2682 523 2716 semel
539 2683 634 2718 etc.:
661 2681 753 2718 Hor.
769 2682 840 2728 Ep.
859 2681 885 2718 i.
903 2692 936 2718 2.
953 2682 1011 2737 69,
1030 2690 1087 2727 70.
1158 2683 1182 2720 6
1207 2688 1352 2719 tantum
1369 2684 1461 2721 etc.:
1486 2683 1619 2732 Veget.
1636 2685 1661 2724 i.
1678 2697 1713 2734 4.

241 2729 997 2824 ¹?’Fssssnffifff322322'53³3⁰·1²{·3V²³⁰fi·¹·
1016 2730 1214 2822 ῗξᾱωῖἳὸν
1226 2779 1289 2816 eto
1312 2792 1321 2801 ·
1347 2733 1599 2817 ¹s{a{³e2'{⁶23”3
1620 2736 1713 2774 Μ’

235 2787 283 2859 18
309 2824 364 2858 De
382 2826 548 2860 exercitio
566 2804 658 2860 etc.:
683 2804 858 2872 ’vegei-,si
876 2835 910 2871 9.
1007 2835 1052 2861 22
1077 2827 1280 2862 Recedendi
1292 2806 1399 2863 'etc.:
1425 2807 1456 2864 11.
1474 2793 1613 2877 Vegetl:
1624 2793 1714 2870 1411171.

236 2870 287 2906 ad
303 2870 370 2906 fin.
513 2882 533 2908 2
538 2880 557 2919 5
585 2873 816 2909 Exercitium·
828 2875 924 2910 etc.:
949 2884 986 2908 v,
1002 2872 1136 2920 Veget.
1153 2873 1177 2911 i.
1200 2884 1244 2912 10
1259 2875 1309 2912 ad
1325 2875 1392 2912 fin.

351 2952 393 2985 14
