1846 3262
72 214 148 254 612
168 213 198 254 b
546 204 811 252 IOANNIS
851 199 1374 248 SARESBERIENSIS
1522 196 1635 259 [ΜΒ.
1649 208 1701 242 Ἦ

219 331 386 375 milites
415 331 473 375 ad
497 330 648 374 uirilia
677 327 867 378 incitari,
888 326 962 369 uel
989 327 1156 368 matres
1187 326 1233 367 et
1261 337 1425 366 uxores
1448 321 1702 366 cedentium

221 418 294 447 eos
314 405 505 461 urgeant
525 401 582 444 ad
601 401 830 443 uirtutem.

178 484 204 514 c
279 473 398 516 Nam
437 471 608 529 aliquid
647 470 737 514 tale
770 469 819 511 in
858 466 1016 525 priscis
1046 464 1247 509 historiis
1282 463 1527 507 inuenitur.
1587 461 1703 507 Cum

220 544 338 588 enim
369 542 642 586 irruentibus
671 540 814 583 Medis
843 538 960 582 acies
991 537 1227 580 Persarum
1256 534 1437 593 pulsata
1466 534 1515 576 in
1546 532 1704 591 fugam

219 616 428 672 ageretur
447 616 493 657 et
512 612 693 656 omnino
713 609 920 654 deficiens
935 623 1016 652 nec
1037 607 1255 650 uictorem
1272 605 1490 663 respicere
1505 604 1704 655 auderet,
1725 617 1743 651 5

218 687 384 727 matres
405 685 450 726 et
471 697 632 726 uxores
652 695 804 725 eorum
824 679 991 737 passim
1011 677 1192 722 obuiam
1214 675 1496 734 fugientibus
1516 676 1707 718 currunt

220 757 266 798 et
300 754 538 796 mulierum
570 752 756 795 densata
784 750 878 793 acie
909 751 1042 792 orant
1071 748 1120 790 in
1150 747 1372 805 praelium
1402 747 1705 789 reuertantur.

220 824 489 868 Nolentibus
523 822 701 866 sublata
735 823 861 864 ueste
896 819 1086 863 obscena
1118 817 1316 875 corporis
1347 815 1604 867 ostendunt,
1636 828 1706 857 ro-

219 897 377 953 gantes
397 908 506 936 num
521 892 569 935 in
590 895 741 935 uteros
770 893 968 933 matrum
989 888 1063 932 uel
1089 902 1283 931 uxorum
1310 886 1456 930 uelint
1483 885 1707 943 refugere.

222 965 320 1008 Hac
360 963 549 1021 repressi
590 962 884 1020 castigatione
923 960 973 1003 in
1012 958 1233 1017 praelium
1274 957 1466 1001 redeunt
1505 959 1552 1001 et
1584 955 1708 1000 facta
1728 969 1771 994 10

221 1034 509 1093 impressione
540 1047 651 1091 quos
677 1031 915 1090 fugiebant
946 1030 1104 1088 fugere
1134 1029 1459 1086 compulerunt.
1521 1027 1708 1071 Vtinam

223 1105 285 1149 sic
315 1104 486 1148 faciant
515 1117 677 1146 uxores
707 1105 754 1146 et
781 1104 948 1144 matres
971 1103 1228 1144 nostrorum
1254 1098 1580 1149 Marchionum‚
1600 1096 1710 1139 dum

224 1189 501 1233 quacumque
530 1173 757 1217 occasione
783 1171 978 1230 patriam
999 1173 1181 1214 seruent
1208 1169 1476 1214 incolumem
1496 1171 1543 1212 et
1562 1167 1710 1211 labem

223 1245 408 1303 pudoris
428 1246 678 1288 amoueant.

226 1349 334 1408 Cap.
362 1359 427 1405 17.
486 1348 538 1392 N
534 1347 626 1391 obis
654 1362 685 1391 α
714 1345 993 1390 nostratibus
1027 1360 1111 1390 esse
1146 1344 1348 1402 eoeempla
1381 1343 1639 1395 uirtutum,
1669 1346 1710 1387 et
1730 1358 1770 1393 15

342 1434 457 1478 quas
476 1419 686 1462 ciuitates
704 1417 768 1462 in.
781 1416 814 1459 I
813 1415 931 1460 talia
950 1415 1203 1460 condiderit
1220 1415 1437 1459 Brennus
1456 1414 1711 1459 secundum

275 1521 279 1525 -
343 1488 564 1546 antiquas
583 1487 810 1532 historias.

181 1569 211 1610 d
284 1571 452 1614 Verum
480 1570 599 1627 quod
619 1584 647 1612 a
665 1568 832 1612 nostris
858 1582 977 1612 nunc
1002 1567 1270 1625 quaerimus,
1290 1566 1557 1625 iampridem
1584 1580 1712 1624 prae-

226 1640 363 1692 teriit,
385 1643 430 1684 et
460 1655 511 1684 eo
540 1654 681 1697 usque
705 1639 925 1682 maiorum
955 1641 1212 1681 nostrorum
1242 1637 1391 1681 uirtus
1418 1637 1624 1680 manauit
1653 1635 1712 1680 ad

225 1711 337 1754 alios
356 1713 410 1754 ut
431 1709 665 1768 plenitudo
685 1708 842 1752 diuitis
869 1723 1011 1751 uenae
1031 1722 1059 1751 a
1079 1707 1205 1752 fonte
1231 1708 1443 1751 uideatur
1465 1707 1514 1750 in
1541 1706 1713 1750 riuulos
1732 1722 1776 1747 πο

226 1779 453 1824 defecisse.
513 1779 672 1837 Neque
696 1779 816 1822 enim
836 1793 864 1822 a
884 1778 1098 1822 Romanis
1125 1781 1172 1822 et
1191 1778 1345 1822 Grecis
1375 1781 1556 1822 tantum
1583 1777 1714 1821 nobis

227 1853 335 1894 sunt
383 1849 587 1908 exempla
631 1849 831 1902 uirtutis,
870 1863 976 1892 nam
1026 1851 1073 1892 et
1123 1848 1379 1893 domesticis
1419 1848 1714 1893 abundamus.

227 1920 432 1963 Tradunt
451 1919 664 1964 historiae
685 1919 916 1962 Brennum
936 1918 1094 1963 ducem
1112 1918 1352 1971 Senonum,
1366 1918 1444 1977 qui
1466 1918 1715 1963 exercitum

227 1990 531 2034 Romanorum
551 1989 672 2047 apud
691 1990 859 2033 flumen
879 1989 1048 2032 Alliam
1079 1989 1283 2041 confecit,
1303 1989 1537 2047 ipsamque
1556 1990 1715 2034 urbem

229 2060 416 2103 Romam
440 2059 617 2117 irrupit,
637 2059 767 2116 cepit,
787 2062 834 2102 et
867 2058 1006 2103 caesis
1040 2059 1248 2117 patribus
1284 2062 1331 2102 et
1360 2059 1548 2103 subacta
1577 2059 1716 2104 Italia
1735 2076 1778 2112 ²5

228 2129 398 2173 inuasit
413 2129 628 2182 Greciam,
641 2132 826 2172 uastans
846 2129 997 2172 omnia
1012 2129 1324 2187 uniuersisque
1345 2130 1561 2174 terribilis
1575 2145 1717 2189 usque

229 2199 287 2243 ad
311 2199 517 2257 Delphici
547 2199 770 2256 Apollinis
800 2199 1030 2257 templum,
1061 2199 1181 2257 quod
1212 2200 1352 2244 situm
1382 2204 1452 2244 est
1485 2200 1535 2243 in
1565 2205 1718 2246 monte

230 2303 275 2330 22
300 2292 566 2330 habundamus
581 2291 699 2328 A¹sM
842 2303 888 2339 23
913 2292 1106 2340 hystoriae
1123 2292 1163 2329 M
1307 2302 1354 2338 27
1380 2293 1573 2342 apollonis
1589 2293 1636 2330 Βι

277 2383 301 2418 4
325 2375 419 2410 acies
433 2374 631 2409 Persarum
646 2374 743 2409 etc.:
770 2384 805 2408 v.
823 2371 962 2409 Iustin.
979 2371 1004 2409 i.
1024 2373 1048 2410 6
1066 2371 1109 2420 §§
1131 2383 1186 2419 13,
1208 2383 1263 2418 14.
1421 2383 1456 2420 4,
1478 2382 1496 2421 5
1523 2376 1566 2411 in
1579 2377 1720 2421 Μανῆ

229 2426 414 2467 ayeretur:
440 2433 522 2458 cum
532 2422 720 2467 paulatim
735 2422 870 2457 cederet
886 2419 1021 2457 Iustin.
1175 2430 1192 2469 5
1219 2426 1252 2458 et
1268 2423 1419 2459 omnino
1437 2423 1511 2460 etc.
1531 2434 1651 2470 usque
1668 2423 1719 2462 ad

229 2471 399 2506 auderet:
426 2469 570 2506 desunt⁴
580 2480 643 2516 ap.
660 2468 853 2505 Iustinum
865 2471 903 2506 et
914 2480 977 2515 ap.
991 2468 1178 2513 Orosium,
1194 2469 1261 2516 qui
1270 2471 1368 2507 Hisc.
1380 2472 1460 2508 adv.
1473 2472 1615 2517 Paqan.
1631 2471 1657 2508 i.
1676 2482 1720 2520 ¹9

233 2517 251 2564 ξ
283 2527 306 2563 9
335 2528 382 2554 ex
407 2517 531 2567 Trogo
557 2515 741 2563 Pompeio
769 2516 869 2554 hanc
895 2516 1094 2554 historiam
1122 2517 1232 2555 citat.
1429 2519 1452 2556 8
1477 2520 1717 2559 Nolentibue:

236 2566 499 2601 Cunctantibus
515 2565 650 2601 Iustin.
824 2576 865 2602 12
891 2566 1171 2602 Marchionum:
1199 2566 1255 2603 De
1277 2565 1350 2603 hoc
1375 2565 1494 2604 titulo
1518 2579 1550 2604 v.
1578 2566 1720 2607 Selden

236 2614 348 2649 Titles
362 2615 407 2659 of
416 2614 573 2650 Honour
587 2613 646 2650 ed.
667 2614 768 2658 1672,
788 2625 852 2660 pp.
870 2614 951 2659 627,
971 2615 1055 2651 628.
1188 2625 1236 2650 20
1260 2617 1392 2651 diuitis
1406 2627 1543 2652 uenae:
1570 2628 1605 2654 v.
1623 2616 1718 2654 Hor.

233 2662 280 2717 24·
297 2662 339 2698 P.
351 2670 439 2718 ,409·
599 2671 644 2707 23
670 2662 862 2698 Brennum
878 2663 971 2699 etc.:
998 2674 1030 2698 v.
1049 2661 1154 2699 Oros.
1171 2662 1211 2699 ii.
1235 2673 1278 2709 19
1297 2662 1339 2711 ἐξ
1361 2672 1379 2710 5
1395 2675 1500 2711 seqq.
1671 2667 1720 2704 26

233 2714 372 2744 muamt
391 2710 578 2763 Grec-iam:
601 2708 708 2763 Male
726 2709 877 2756 putavit
891 2709 1054 2747 Ioannes
1071 2711 1270 2747 Brennum
1288 2710 1471 2750 Graeciae
1487 2714 1720 2751 vastatorem

235 2756 400 2810 eundem
412 2756 528 2793 fuisse
546 2768 613 2802 qul
630 2757 763 2795 urbem
781 2757 941 2794 Romam
959 2757 1022 2794 cxi
1038 2761 1131 2796 ante
1144 2758 1256 2795 annis
1269 2759 1445 2806 cepisset.
1494 2760 1570 2798 Sed
1586 2761 1628 2797 in
1645 2761 1720 2800 hoc

248 2805 446 2848 ‘raeiverat
475 2804 666 2841 Galfridus
692 2805 995 2843 Monumetensis
1025 2805 1067 2842 in
1099 2807 1171 2843 loc.
1204 2806 1310 2844 infra
1336 2807 1457 2845 citato
1477 2822 1486 2852 ;
1523 2808 1572 2846 cf.
1601 2809 1719 2847 etiam

280 2851 375 2887 atth.
394 2851 509 2888 Paris.
530 2853 666 2889 Ghron.
683 2854 815 2890 Maior.
835 2853 908 2899 (ed.
925 2853 1050 2890 Luard
1066 2853 1093 2891 i.
1110 2866 1147 2901 p.
1168 2856 1242 2902 58).
1395 2858 1454 2901 26,
1473 2866 1518 2903 27
1545 2860 1720 2905 usquead

235 2899 407 2945 Delphici
425 2902 518 2936 etc.:
546 2912 579 2937 v.
597 2900 732 2938 lustin.
751 2900 850 2938 xxiv.
867 2903 891 2939 6
910 2900 952 2949 ἐξ
973 2903 1058 2947 4-6.

346 2966 391 2998 44
