1846 3262
131 239 240 274 'mm
252 226 403 289 xxm]
668 228 1080 275 POLICRATICV
1083 229 1116 274 S
1654 232 1740 271 622
1760 232 1789 270 b

137 353 222 396 hoc
246 351 376 396 Laidi
403 352 571 397 dicitur
596 353 888 411 respondisse.
948 353 1073 397 Haec
1093 355 1245 396 autem
1266 352 1372 396 Lais
1392 350 1633 397 Corinthia

137 423 196 468 ob
227 423 498 482 elegantiam
528 428 902 482 uenustatemque
935 424 1107 468 formae
1145 424 1361 482 grandem
1395 423 1632 481 pecuniam

138 495 421 548 demerebat;
460 497 798 553 conuentusque
833 496 891 539 ad
926 510 1025 539 eam
1062 495 1270 538 diuorum
1306 494 1540 538 hominum
1575 509 1634 537 ex

137 565 262 610 omni
289 565 478 610 Graecia
501 565 695 609 celebres
722 569 863 617 erant,
883 581 965 609 nec
991 565 1263 609 admittebat
1287 565 1374 609 nisi
1396 565 1473 623 qui
1494 565 1634 609 dabat

100 651 120 686 5
141 651 257 694 quae
303 637 515 695 poscebat
527 651 537 690 ;
594 637 805 694 poscebat
856 641 1008 681 autem
1049 637 1129 680 illa
1167 637 1360 680 nimium
1400 640 1634 695 quantum.

140 707 262 751 Hinc
290 711 451 751 natum
486 711 555 751 est
585 707 797 765 frequens
827 707 940 751 illud
970 707 1259 766 prouerbium
1290 708 1412 766 apud
1444 707 1635 752 Grecos:

139 778 330 822 Frustra
359 778 461 836 quis
488 777 759 822 Corinthum
785 779 934 822 tendit
961 779 1019 822 ad
1046 779 1242 830 Laidem,
1268 779 1357 823 nisi
1387 782 1524 837 queat
1553 782 1636 822 aut

137 849 252 893 uelit
271 849 379 892 dare
400 849 519 906 quod
539 848 750 906 poscitur.
809 848 883 892 Ad
899 849 1014 892 hanc
1029 849 1105 892 ille
1121 849 1413 893 Demostenes
1432 849 1635 893 clanculo

138 919 238 963 adit
264 922 311 963 et
333 922 387 963 ut
412 919 587 977 copiam
614 919 684 962 sui
712 918 882 962 faceret
900 919 1028 977 petit.
1100 920 1165 963 At
1185 920 1289 964 Lais
1309 921 1393 964 hoc
1413 922 1634 978 quantum
1652 932 1679 963 c

80 1009 123 1033 ιο
138 990 341 1049 poposcit
361 990 482 1048 quod
502 990 718 1034 nostratis
738 991 911 1033 nummi
932 991 1167 1034 denarium
1188 991 1328 1035 faciat
1348 991 1493 1035 decies
1512 991 1635 1035 mille

142 1064 451 1119 aequaturque
463 1061 696 1104 medietati
709 1061 870 1104 talenti
886 1061 1081 1112 maioris,
1097 1062 1216 1119 quod
1232 1062 1449 1115 nostratis
1462 1061 1635 1105 denarii

138 1132 307 1191 uiginti
333 1131 460 1175 milia
479 1131 663 1176 claudit.
724 1131 823 1174 Tali
851 1132 1106 1190 petulantia
1125 1133 1327 1176 mulieris
1347 1136 1483 1190 atque
1503 1147 1635 1190 pecu-

137 1202 241 1246 niae
259 1202 574 1260 magnitudine
593 1202 711 1246 ictus
739 1202 1078 1260 expauidusque
1099 1202 1391 1246 Demostenes
1411 1203 1637 1246 auertitur

139 1277 187 1318 et
215 1273 472 1317 discedens:
503 1273 611 1331 Ego,
631 1273 793 1330 inquit,
819 1273 1022 1331 penitere
1051 1273 1171 1318 tanti
1202 1289 1293 1318 non
1325 1288 1435 1317 emo.
1496 1273 1636 1317 Visne

80 1367 123 1403 ¹5
138 1345 446 1405 proximiora?
505 1344 639 1388 Nosti
661 1345 762 1401 quis
782 1344 951 1388 dixerit
970 1345 1101 1402 quia:

494 1449 648 1493 Habet
678 1451 762 1494 hoc
791 1449 1004 1507 uoluptas
1033 1450 1179 1494 omnis
1190 1465 1201 1505 ;

491 1509 688 1553 stimulis
718 1510 816 1568 agit
845 1509 1049 1554 fruentes

492 1569 735 1672 ati-”mq'ffi
764 1568 1125 1672 PaffiX⁰f¹331‘E¹m'

79 1707 124 1732 ao
491 1643 692 1746 ¹'t'lugiiigrgt
721 1643 857 1731 nillnneis
886 1689 1034 1732 tenaci
1049 1663 1060 1680 ’

493 1747 603 1791 ferit
631 1747 723 1791 icta
752 1747 888 1792 corda
916 1762 1080 1791 morsu.

140 1851 283 1896 Initia
310 1867 505 1910 namque
534 1852 758 1910 cupidinis
787 1852 937 1896 dulcia
965 1855 1075 1896 sunt
1103 1866 1239 1910 super
1267 1852 1355 1896 mel
1387 1856 1434 1896 et
1464 1851 1635 1906 fanum,

139 1927 191 1968 at
209 1923 456 1968 nouissima
475 1923 572 1966 eius
599 1923 760 1980 quouis
788 1923 985 1967 absintio
1010 1923 1235 1966 amariora
1254 1926 1372 1967 sunt.
1433 1923 1546 1977 Quis
1566 1926 1636 1967 est
1651 1923 1682 1964 d

141 1993 263 2038 enim
281 1993 386 2037 finis
405 1992 783 2037 confabulationis
802 1993 1115 2037 conuiuiorum
1142 1996 1189 2037 et
1208 1993 1415 2051 expletae
1434 1993 1636 2037 libidinis

79 2080 125 2116 ²5
141 2066 232 2118 nisi
250 2066 351 2124 pira
369 2065 552 2109 incensa
566 2067 613 2108 et
628 2079 743 2123 quae
757 2064 807 2107 in
821 2079 976 2108 omnes
990 2064 1112 2108 ciues
1126 2063 1415 2108 desolationis
1429 2064 1637 2108 incendia

138 2135 344 2194 spargit?

143 2275 161 2302 1
189 2263 408 2302 corrinthia
430 2263 485 2300 B:
518 2262 686 2301 corintia
711 2262 736 2300 S
861 2271 879 2309 5
916 2262 1099 2310 poscebat
1118 2261 1174 2310 1⁰]
1200 2262 1430 2310 poscebatur
1453 2261 1634 2299 GBAS¹M

141 2315 166 2351 6
189 2313 291 2350 illud
314 2312 492 2359 frequens
507 2311 553 2348 Δ1
686 2321 707 2356 7
735 2310 800 2357 qui
818 2310 928 2347 C²BA
1025 2310 1247 2348 chorintum
1264 2310 1289 2346 S
1420 2312 1442 2347 8
1467 2310 1636 2347 Demon-

141 2363 272 2398 stenes
288 2360 330 2397 M
477 2370 519 2404 17
546 2359 733 2406 fruentes]
735 2323 946 2396 qferuentes
963 2358 1100 2395 GBAM
1251 2360 1293 2396 18
1319 2371 1438 2407 apum
1455 2356 1638 2395 cssASM*

145 2419 192 2456 19
215 2409 334 2446 mella
349 2410 463 2457 grata
478 2408 525 2444 Αι
671 2418 717 2454 23
744 2406 940 2444 absinthio
957 2406 1033 2442 AM

194 2537 210 2564 1
237 2527 341 2562 Haec
357 2531 478 2562 autem
494 2527 587 2561 Lais
602 2490 699 2562 etc.:
723 2536 756 2560 v.
773 2522 870 2561 Gell.
888 2522 915 2558 i.
934 2525 967 2560 8.
1078 2534 1097 2565 3
1120 2526 1317 2560 diuorum:
1343 2525 1380 2559 d
1377 2525 1414 2559 ‘it
1398 2535 1518 2560 torum
1534 2522 1633 2562 Gell.

143 2584 192 2613 ιο
213 2576 310 2622 quod
334 2577 510 2610 nostratis
542 2575 640 2610 etc.:
677 2585 711 2610 v.
738 2571 886 2609 Hertzii
912 2572 961 2608 ad
991 2569 1108 2608 Gellii
1142 2571 1271 2609 locum
1304 2572 1635 2609 commentarium.

145 2632 189 2667 17
213 2624 374 2659 stimulis
390 2624 485 2659 etc.:
513 2621 649 2658 Boeth.
673 2621 814 2657 Consol.
830 2621 901 2656 Phr
897 2622 969 2656 los.
988 2618 1044 2656 iii.
1063 2619 1175 2656 Metr.
1192 2619 1256 2656 vii.
1443 2630 1490 2656 22
1513 2622 1636 2657 Initia

139 2673 242 2708 etc.:
266 2682 301 2707 v.
316 2670 423 2707 Prov.
440 2682 473 2705 v.
492 2680 525 2727 3,
535 2669 1396 2715 4Fauu⁸eniiimdstllanslabiamerelricisu
1410 2670 1636 2705 mouissima

142 2724 265 2756 autem
280 2720 387 2756 illius
399 2720 508 2766 quasi
529 2718 763 2754 absinthium.
860 2718 984 2752 dulcia
1000 2729 1113 2763 super
1126 2718 1197 2752 mel
1212 2722 1246 2752 et
1259 2718 1423 2771 sanum.
1448 2716 1509 2754 Pu.
1526 2716 1633 2754 xviii.

144 2766 540 2812 11;Ecclixxiv.27.
688 2763 1449 2813 25nisipimetcav1ushm13§5

209 2997 336 3019 'mn
870 2990 903 3017 Κ
1475 2983 1521 3029 65
