1846 3262
136 258 237 291 m.
252 243 356 307 κη]
651 212 1096 290 POLICRATICVS
1641 243 1724 294 674
1743 255 1776 284 a

134 382 356 426 pecorum,
396 370 442 411 et
480 367 655 411 uariam
698 366 856 410 mundi
902 364 1222 424 supellectilem
1262 363 1493 423 (quoniam
1540 378 1622 422 per

135 437 315 496 singula
345 452 523 482 currere
553 437 674 481 uires
703 437 924 480 humanas
954 435 1147 492 excedit)
1178 435 1380 493 plerique
1409 434 1624 492 pecuniae

134 508 400 566 praeferunt
420 511 466 552 et
485 508 626 552 totius
647 500 841 551 hominis
860 507 981 550 uires
1006 506 1283 550 exhauriunt
1308 505 1358 548 in
1384 505 1623 563 adquiren-

137 579 207 623 dis
236 579 309 623 his
338 582 420 623 aut
449 578 666 622 tenendis.
726 578 846 621 Nam
877 578 924 620 in
955 578 1026 620 his
1058 577 1231 620 duobus
1260 576 1463 620 articulis
1494 575 1623 619 furor
1639 581 1670 621 b

99 668 121 704 ⁵
137 649 280 694 totius
305 649 525 693 auaritiae
552 650 729 693 constat
758 648 878 706 quod
907 647 1246 691 immoderatius
1275 647 1450 705 appetit
1476 646 1624 690 aliena

137 723 220 764 aut
248 735 332 764 sua
358 720 559 764 tenacius
587 722 766 772 seruat3
796 722 842 762 et
870 718 1050 776 quidem
1080 718 1419 762 immoderatius
1448 717 1625 775 appetit

137 790 342 848 quisquis
373 790 492 848 quod
525 790 660 841 deest,
691 789 835 848 legem
866 789 1145 832 necessitatis
1181 788 1398 832 excedens
1429 790 1475 831 et
1503 802 1624 838 usuS,

138 861 350 919 exposcit.
409 861 637 904 Tenentur
649 874 824 917 quoque
840 859 1019 902 auidius
1034 874 1147 916 quae
1163 859 1266 902 usui
1281 858 1623 902 subtrahuntur.

138 930 206 975 Ea
224 945 346 982 uero,
365 945 479 988 quae
499 931 595 974 sine
615 945 700 973 usu
719 929 1046 987 possessoribus
1065 929 1317 979 elabuntur,
1336 928 1518 971 inutilia
1537 927 1624 971 sibi

81 1021 124 1045 10
140 1016 235 1046 esse
250 1001 350 1059 quis
364 1001 568 1045 dubitat?
607 999 863 1042 Auaritiam
878 998 952 1042 uel
969 1014 1026 1042 ex
1042 1014 1093 1042 eo
1108 1013 1199 1041 non
1214 998 1346 1042 modo
1362 997 1625 1056 fugiendam

138 1071 217 1116 sed
236 1071 547 1115 detestandam
568 1072 745 1114 constat
765 1069 884 1126 quod
905 1084 932 1112 a
952 1068 1189 1126 celestibus
1208 1068 1364 1126 procul
1384 1071 1626 1112 sectatores

137 1156 254 1193 suos,
282 1156 311 1185 a
348 1140 571 1185 consortio
610 1139 867 1182 diuinitatis
907 1142 954 1182 et
987 1153 1074 1182 usu
1113 1138 1288 1182 celestis
1318 1138 1626 1190 beatitudinis,
1677 1131 1680 1134 ⁴

137 1214 339 1256 remouet
362 1214 410 1255 et
436 1211 626 1268 elongat.
690 1209 854 1253 Omnia
880 1209 1114 1267 siquidem,
1134 1223 1223 1266 quo
1250 1209 1488 1252 celestibus
1514 1209 1624 1252 uici-

137 1281 268 1326 niora
294 1284 414 1333 sunt,
435 1280 587 1324 minus
615 1280 806 1338 cupiunt
832 1282 878 1323 et
907 1283 1183 1338 congregant
1208 1279 1431 1337 pauciora.
1491 1279 1624 1323 Vola-

80 1367 123 1404 ¹5
139 1352 242 1396 tilia
274 1351 357 1396 celi
395 1366 540 1409 neque
572 1353 729 1394 serunt
762 1365 907 1408 neque
941 1352 1121 1394 metunt
1158 1364 1303 1407 neque
1335 1352 1446 1392 nent
1479 1364 1625 1407 neque

138 1426 415 1482 congregant
445 1422 494 1465 in
526 1422 698 1466 horreis
727 1436 809 1465 nec
840 1435 1007 1479 penum
1038 1422 1307 1464 construunt
1337 1419 1415 1463 sed
1446 1435 1624 1472 omnem
1642 1431 1669 1462 c

138 1494 386 1539 excludunt
432 1492 778 1537 sollicitudinem
824 1491 1023 1535 crastini.
1097 1490 1136 1533 E
1174 1493 1332 1534 contra
1380 1505 1531 1534 mures
1578 1494 1626 1534 et

138 1564 320 1623 reptilia
336 1566 585 1623 congerunt
604 1563 652 1605 in
673 1562 904 1615 futurum3
935 1564 982 1605 et
1000 1561 1311 1620 generationes
1331 1561 1628 1619 perhibentur

139 1650 235 1680 esse
264 1635 428 1693 quibus
458 1636 581 1677 terra
613 1636 682 1676 est
720 1633 769 1675 in
808 1632 983 1686 cibum3
1011 1633 1069 1676 ‘et
1098 1632 1254 1676 eodem
1283 1646 1416 1689 parce
1448 1631 1626 1682 uiuunt,

79 1722 125 1748 πο
140 1705 352 1751 timentes
370 1719 429 1748 ne
448 1703 628 1762 quando
648 1703 711 1746 eis
731 1707 853 1746 terra
879 1702 1071 1753 deficiat,
1089 1701 1138 1745 in
1166 1716 1301 1759 quam
1326 1705 1478 1745 tamen
1502 1701 1627 1759 ipsae

138 1775 433 1835 proculdubio
464 1774 759 1818 resoluentur.
817 1773 997 1817 Sentiat
1027 1772 1335 1830 unusquisque
1364 1771 1483 1830 quod
1513 1772 1628 1823 uult,

138 1862 222 1906 ego
242 1861 429 1890 auarum
454 1859 582 1903 posse
602 1843 700 1887 fieri
724 1846 974 1900 compotem
994 1843 1092 1886 uoti
1113 1858 1204 1886 non
1225 1842 1369 1893 credo,
1394 1842 1483 1886 nisi
1508 1842 1628 1886 forte

139 1919 186 1961 et
206 1916 427 1975 Epicurus
447 1914 703 1958 famelicum
725 1916 770 1957 et
790 1913 867 1957 siti
888 1913 1066 1956 aridum
1087 1916 1134 1956 et
1153 1913 1444 1971 languentem
1469 1913 1628 1970 plenae

138 1986 388 2045 uoluptatis
418 1985 695 2029 iocunditate
727 1983 820 2027 frui
848 1984 1111 2028 consentiat.
1171 1983 1405 2041 Siquidem
1436 1987 1628 2041 uterque

81 2075 124 2111 ²5
140 2056 374 2101 famelicus
409 2059 489 2109 est,
521 2055 599 2099 sed
630 2054 922 2113 perniciosius
961 2054 1104 2098 esurit
1138 2068 1303 2097 auarus
1338 2053 1416 2111 qui
1452 2068 1628 2111 semper

139 2127 315 2187 indiget
334 2130 380 2171 et
400 2126 557 2171 satiari
575 2141 667 2169 non
686 2128 846 2183 potest.
906 2125 1052 2170 Maior
1066 2125 1186 2167 enim
1206 2126 1275 2167 est
1294 2123 1447 2167 hiatus
1461 2123 1628 2167 mentis

139 2213 276 2257 quam
314 2197 512 2255 corporis
524 2211 535 2250 ;
574 2200 632 2247 et,
662 2196 750 2239 nisi
789 2196 985 2253 seipsum
1020 2195 1144 2238 Deus
1182 2193 1409 2245 infundat,
1444 2194 1627 2237 omnino

139 2268 299 2326 nequit
312 2267 500 2325 impleri.
549 2266 683 2319 Nam,
695 2281 797 2310 cum
812 2269 977 2309 natura
992 2264 1241 2322 spiritualis
1256 2264 1428 2306 uirtute
1443 2264 1626 2321 propria

140 2339 204 2383 sic
218 2337 467 2396 corporalia
480 2335 828 2393 comprehendat
848 2338 901 2378 ut
916 2335 1043 2378 nulla
1057 2335 1314 2392 quantitate
1330 2333 1625 2385 distendatur,
1642 2337 1672 2377 d

80 2427 124 2462 30
140 2423 222 2453 nec
242 2423 313 2452 res
332 2422 425 2451 una
443 2407 539 2451 loco
560 2408 883 2463 praeoccupato
903 2405 1090 2448 alterius
1109 2404 1430 2462 impedimento
1453 2404 1516 2447 sit
1538 2419 1628 2462 quo

145 2559 160 2586 1
188 2546 497 2594 suppellectilem
515 2546 549 2582 A
647 2555 689 2591 13
716 2543 809 2590 quo]
828 2544 930 2590 quod
942 2543 1065 2581 GBAS
1175 2553 1219 2590 19
1243 2542 1378 2581 eadem
1394 2541 1467 2579 A¹:
1492 2543 1627 2582 eedem

139 2595 294 2634 A’SM‘:
320 2594 445 2632 eidem
462 2591 518 2630 Μι
662 2594 709 2630 28
734 2592 880 2639 nequid
895 2591 930 2628 A
1168 2603 1173 2608 ·

191 2737 247 2772 14,
269 2735 311 2773 15
342 2726 517 2762 Volatih'a
533 2726 599 2761 celi
614 2726 688 2762 etc.
703 2735 713 2760 τ
738 2736 772 2759 v.
790 2723 904 2761 Matt.
921 2723 970 2760 vi.
987 2724 1044 2761 26.
1174 2749 1177 2752 ⁴
1274 2730 1317 2767 17
1343 2722 1626 2758 sollicitudinem

138 2776 317 2814 crastini:
341 2786 375 2818 v,
388 2773 503 2810 Matt.
522 2772 570 2809 vi.
588 2783 645 2819 34.
813 2782 856 2817 19
881 2774 1023 2808 eodem:
1047 2783 1097 2808 sc.
1113 2772 1199 2808 cibo.
1344 2772 1390 2807 28
1415 2771 1524 2814 Nam,
1542 2783 1626 2807 oum

138 2829 279 2861 natura
293 2822 503 2869 spiritualis
517 2823 614 2859 εἴας
641 2820 690 2858 cf.
706 2820 803 2868 Aug.
821 2822 866 2856 de
885 2822 973 2857 Gen.
998 2822 1047 2856 ad
1062 2821 1152 2856 Litt.
1170 2817 1237 2855 xii.
1256 2830 1289 2856 c.
1306 2828 1374 2865 233
1399 2824 1524 2855 contra
1547 2820 1623 2865 Ep.

138 2872 303 2909 manich.
322 2882 354 2908 c.
374 2878 444 2925 3·7;
469 2871 514 2906 de
528 2870 675 2924 Anima·
687 2874 721 2905 et
735 2871 814 2905 eius
831 2870 930 2916 Oriq.
947 2867 997 2906 iv.
1019 2877 1060 2914 17
1080 2867 1098 2916 ξ
1126 2876 1170 2915 25
1192 2866 1338 2915 (Migue
1358 2867 1403 2903 P.
1427 2868 1474 2905 L.
1499 2866 1626 2904 xxxiv.

140 2928 212 2968 473
225 2930 316 2966 seq„
332 2917 415 2954 xln.
436 2919 501 2965 185
514 2929 604 2964 seq„
623 2916 711 2954 xhv.
730 2918 829 2964 539).

1450 2996 1516 3032 159
