1846 3262
67 226 150 268 795
168 227 199 257 a
546 212 813 258 IOANNIS
854 211 1372 256 SARESBERIENSIS
1475 210 1590 272 [Lm.
1602 223 1698 256 VIII

215 336 521 394 percussitque
549 334 748 378 Sisaram
776 348 992 392 quaerens
1019 333 1068 375 in
1095 333 1241 390 capite
1268 333 1467 377 uulneris
1486 333 1632 377 locum
1654 335 1700 376 et

214 409 393 464 tempus
425 405 574 448 ualide
606 404 852 462 perforans.
922 403 986 446 Vt
1025 406 1177 446 autem
1217 406 1264 446 et
1303 403 1361 446 ab
1400 403 1489 446 alia
1527 406 1702 447 constet

215 476 406 519 historia
425 476 595 518 iustum
617 489 711 517 esse
732 474 932 531 publicos
953 473 1092 516 occidi
1112 473 1316 516 tirannos
1337 475 1383 516 et
1409 473 1623 530 populum
1642 472 1701 516 ad

217 546 302 589 Dei
343 545 605 602 obsequium
645 543 838 594 liberari,
878 543 964 601 ipsi
1002 557 1178 600 quoque
1218 542 1469 586 sacerdotes
1517 542 1702 586 Domini

169 617 200 657 b
218 631 370 660 necem
406 630 558 659 eorum
591 617 805 672 reputant
838 614 1052 671 pietatem
1085 616 1143 665 et,
1175 613 1213 656 si
1246 613 1355 670 quid
1389 612 1480 656 doli
1520 612 1703 656 uidetur
1722 629 1741 664 5

217 686 382 729 habere
414 685 668 743 imaginem,
699 684 913 742 religione
948 683 1137 726 misterii
1170 683 1327 726 dicunt
1367 682 1561 726 Domino
1598 697 1703 726 con-

217 759 451 800 secratum.
512 755 586 799 Sic
607 754 877 798 Holofernes
897 768 987 797 non
1001 753 1174 796 uirtute
1194 753 1347 796 hostili
1368 752 1445 796 sed
1466 752 1559 796 suis
1577 752 1705 796 uitiis

217 826 370 884 gladio
401 825 602 869 mulieris
630 825 839 869 occubuit
869 827 927 876 et,
961 824 1040 881 qui
1069 823 1182 866 uiris
1211 822 1510 866 formidabilis
1541 821 1705 876 fuerat,

218 896 402 940 luxuria
430 898 477 939 et
503 896 719 939 ebrietate
746 895 907 947 uictus,
931 909 959 937 a
986 893 1155 937 femina
1177 892 1445 937 interfectus
1469 895 1550 938 est.
1609 891 1705 937 Nec

220 966 414 1010 feminae
454 966 513 1009 ad
558 966 789 1009 tirannum
840 964 1060 1023 patuisset
1108 978 1320 1015 accessus,
1358 963 1446 1007 nisi
1497 962 1705 1006 hostilem
1727 980 1767 1005 10

219 1037 421 1080 animum
447 1036 523 1094 pia
548 1035 834 1079 simulatione
860 1034 1060 1079 texisset.
1122 1033 1228 1078 Non
1249 1037 1318 1078 est
1338 1034 1457 1078 enim
1477 1033 1606 1077 dolus
1626 1033 1706 1091 qui

220 1107 363 1150 seruit
393 1106 497 1150 fidei
539 1109 585 1150 et
625 1106 793 1150 militat
822 1105 1012 1149 caritati.
1085 1104 1318 1162 Siquidem
1348 1104 1452 1148 fidei
1487 1107 1556 1148 est
1587 1103 1706 1161 quod

221 1176 424 1234 increpat
444 1176 694 1220 sacerdotes
714 1175 792 1233 qui
819 1175 999 1219 diuinae
1024 1175 1301 1218 miserationi
1328 1174 1707 1232 praescripserant

221 1250 400 1305 tempus
430 1262 487 1291 ex
516 1250 648 1305 pacto
677 1246 882 1290 hostibus
913 1261 959 1290 se
989 1245 1187 1290 dedituri
1218 1249 1265 1289 et
1288 1245 1458 1299 urbem,
1478 1244 1566 1288 nisi
1585 1243 1708 1287 infra

223 1318 421 1375 quinque
461 1317 556 1361 dies
597 1317 660 1361 eis
700 1317 920 1361 Dominus
953 1316 1225 1360 subueniret.
1299 1315 1516 1360 Caritatis
1555 1317 1707 1359 autem
1730 1329 1769 1364 ¹5

226 1388 345 1445 quod
375 1388 501 1431 nulla
531 1387 805 1431 formidabat
834 1387 1042 1445 pericula,
1073 1387 1181 1430 dum
1212 1386 1377 1430 fratres
1407 1389 1455 1430 et
1492 1386 1709 1444 populum

229 1458 412 1501 Domini
440 1458 497 1501 ab
523 1457 727 1501 hostibus
754 1457 977 1502 liberaret.
1037 1456 1158 1500 Nam
1183 1460 1229 1501 et
1256 1457 1338 1500 hoc
1366 1456 1634 1514 egredientis
1661 1455 1710 1498 in

190 1542 216 1573 c
232 1528 422 1572 salutem
462 1528 664 1571 indicant
701 1527 863 1571 uerba:
907 1527 1007 1579 Fac,
1042 1527 1202 1585 inquit,
1234 1526 1438 1580 Domine,
1472 1529 1526 1570 ut
1559 1526 1711 1585 gladio

228 1598 410 1656 proprio
431 1598 526 1642 eius
546 1597 755 1655 superbia
780 1600 1040 1655 amputetur
1066 1601 1112 1641 et
1141 1597 1345 1655 capiatur
1374 1597 1533 1654 laqueo
1563 1597 1710 1640 oculo-

222 1682 324 1711 rum
340 1682 523 1711 suorum
538 1667 586 1710 in
605 1682 688 1718 me,
704 1669 750 1710 et
770 1667 991 1725 percuties
1006 1682 1108 1711 eum
1124 1682 1182 1710 ex
1202 1666 1333 1710 labiis
1349 1666 1551 1710 caritatis
1567 1681 1706 1710 meae.
1732 1678 1775 1704 ²0

224 1737 297 1782 Da
326 1737 461 1781 michi
491 1737 539 1780 in
568 1737 718 1780 animo
748 1738 1046 1781 constantiam
1076 1740 1130 1780 ut
1159 1739 1473 1794 contempnam
1503 1736 1632 1780 illum
1662 1740 1710 1781 et

225 1808 442 1851 uirtutem
473 1810 526 1850 ut
555 1810 755 1850 euertam
785 1821 898 1851 eum.
955 1806 1060 1850 Erit
1089 1807 1209 1850 enim
1239 1805 1494 1850 memoriale
1514 1806 1709 1850 nominis

226 1877 307 1928 tui,
323 1891 424 1921 cum
444 1890 604 1919 manus
620 1875 813 1920 feminae
834 1876 1043 1920 deiecerit
1063 1891 1179 1921 eum.
1218 1876 1409 1920 Vocauit
1429 1890 1535 1935 ergo
1554 1876 1711 1919 abram

226 1962 353 1991 suam
381 1949 427 1990 et
450 1946 718 1990 descendens
743 1947 791 1990 in
819 1946 1001 1991 domum
1027 1961 1156 1990 suam
1183 1946 1372 1990 abstulit
1399 1961 1427 1989 a
1446 1961 1493 1990 se
1513 1946 1707 1991 cilicium

226 2020 273 2061 et
293 2017 421 2061 exuit
435 2031 482 2060 se
496 2016 698 2060 uestibus
717 2016 966 2068 uiduitatis,
982 2019 1028 2060 et
1047 2017 1162 2060 lauit
1174 2030 1333 2074 corpus
1348 2030 1491 2069 suum,
1507 2018 1552 2060 et
1572 2016 1708 2060 unxit
1733 2028 1775 2062 2⁵

228 2102 275 2130 se
315 2087 454 2130 mirra
491 2086 673 2144 optima,
709 2090 755 2130 et
786 2086 1115 2131 discriminauit
1147 2087 1315 2131 crinem
1355 2085 1516 2144 capitis
1550 2085 1632 2137 sui,
1665 2088 1712 2130 et

229 2157 443 2214 imposuit
472 2157 655 2200 mitram
684 2171 819 2214 super
845 2160 981 2214 caput
1009 2172 1140 2200 suum
1145 2190 1157 2210 ,
1185 2160 1231 2200 et
1260 2156 1410 2200 induit
1436 2170 1484 2200 se
1511 2156 1713 2200 uestibus

230 2227 519 2270 iocunditatis
543 2241 661 2278 suae,
682 2227 864 2284 cingens
884 2227 1142 2270 sandalibus
1162 2226 1296 2284 pedes
1317 2238 1432 2278 suos,
1452 2225 1713 2284 assumpsit·

185 2293 214 2333 d
232 2311 317 2353 que
357 2296 581 2339 dextralia
621 2299 667 2340 et
706 2296 802 2340 lilia
835 2300 881 2340 et
915 2297 1094 2340 inaures
1129 2300 1176 2340 et
1209 2296 1378 2348 anulos,
1427 2299 1474 2340 et
1512 2296 1719 2340 omnibus

231 2367 507 2410 ornamentis
546 2366 639 2410 suis
674 2368 855 2411 ornauit
889 2382 947 2411 se.
1023 2366 1316 2425 Contulitque
1357 2366 1398 2410 ei
1437 2365 1717 2425 splendorem
1736 2377 1780 2413 30

234 2516 256 2542 2
280 2505 425 2553 timpus
442 2504 574 2541 AS²M²
739 2505 763 2542 6
787 2504 1007 2552 ymaginem
1023 2503 1065 2540 Μ
1179 2503 1352 2551 mysterii
1370 2503 1411 2540 M
1586 2512 1627 2550 ις
1654 2516 1677 2540 v
1693 2503 1719 2541 S

237 2555 281 2590 16
305 2553 530 2590 formidauit
547 2552 571 2588 S
744 2563 796 2598 19,
818 2563 865 2588 20
889 2553 1108 2589 occulorum
1126 2551 1174 2587 Αι
1319 2562 1360 2588 21
1391 2553 1638 2590 contemnam
1655 2551 1718 2588 CB

235 2611 278 2648 25
300 2607 384 2648 post
399 2600 600 2638 uiduitatis
618 2602 703 2638 add.
721 2612 787 2638 sue
804 2600 839 2636 A
983 2611 1031 2648 30
1055 2599 1318 2638 homamentis
1335 2600 1359 2637 S
1454 2599 1639 2637 homauit
1655 2599 1681 2636 S

284 2743 305 2780 7
330 2736 567 2781 Holofernes:
593 2733 634 2770 in
651 2733 749 2771 libro
767 2733 912 2771 Iudith.
1072 2743 1114 2779 13
1139 2735 1306 2780 increpat
1322 2735 1416 2770 etc.:
1441 2745 1475 2770 v.
1492 2732 1625 2770 Iudith
1641 2731 1721 2770 viii.

235 2792 258 2827 9
270 2794 373 2828 seqq.
473 2784 515 2819 18
541 2784 617 2819 Fac
633 2784 705 2819 etc.
722 2795 731 2818 ε
756 2781 888 2818 Iudith
901 2781 952 2817 ix.
969 2791 1009 2818 12
1023 2793 1123 2827 seqq.
1222 2792 1268 2827 23
1299 2783 1450 2818 Vocauit
1466 2782 1536 2818 etc.
1553 2792 1563 2817 :
1588 2780 1721 2818 Iudith

236 2841 273 2864 x.
290 2841 430 2914 ἔεέᾳέ.
485 2877 534 2914 ad
551 2877 565 2914 l
634 2840 681 2876 29
704 2831 910 2867 dextralia:
935 2829 994 2867 ed.
1010 2828 1124 2877 Vulg.
1142 2828 1331 2867 hodierna
1346 2830 1565 2866 dex-cmliola
1576 2812 1720 2877 haben

236 2889 271 2912 v.
315 2889 338 2913 a
366 2889 388 2913 a
408 2889 468 2914 ier
567 2889 624 2915 oc.

349 2948 416 2992 3⁷⁶
