1846 3262
174 218 274 252 car.
289 205 397 270 xxr]
688 208 1130 254 POLICRATICVS
1671 223 1760 265 799
1779 216 1810 254 b

173 332 362 383 conium,
394 332 689 390 gramaticum
726 331 959 376 Niclodem
1000 331 1309 376 Laconensem.
1370 332 1656 376 Rethoricam

172 415 282 445 uero
321 402 498 460 legebat
537 402 657 460 apud
708 402 947 445 Eubolium
987 402 1235 460 sophistam
1285 402 1375 445 iam
1425 417 1561 460 opera
1610 406 1658 446 et

173 471 409 530 diligentia
447 472 599 530 magni
640 472 797 515 Basilii
838 471 1170 525 Christianum;
1219 472 1486 530 prouidebat
1535 473 1655 516 enim

173 541 417 600 imperator
435 557 492 585 ne
512 542 632 600 apud
653 556 878 600 paganum
891 542 1138 600 sophistam
1158 542 1310 600 legens
1330 543 1388 586 ad
1409 542 1656 600 impietatis

132 621 152 657 ⁵
174 610 386 668 dogmata
425 611 680 656 declinaret.
743 611 939 655 Profecit
978 626 1086 690 ergo
1123 615 1176 655 ut
1216 612 1257 655 ei
1298 612 1421 655 fama
1461 611 1656 656 deferret

173 681 294 724 uires
327 681 503 738 imperii
543 681 834 759 gubernandi.
909 681 1038 725 Vnde
1074 681 1122 724 in
1162 681 1457 739 suspicionem
1493 681 1656 726 ductus

172 750 444 809 imperatori,
477 751 535 795 ab
566 751 676 795 urbe
707 751 832 809 regia
863 751 1011 795 iussus
1043 755 1112 794 est
1146 751 1371 795 abstinere
1405 751 1655 809 missusque

174 819 482 865 Nicomediam
536 821 791 879 prohibitus
839 823 908 864 est
957 821 1194 865 conuenire
1243 822 1364 879 apud
1415 821 1654 865 Libanium

174 892 420 950 sophistam
453 892 604 936 Sirum
639 906 965 950 paganumque,
997 892 1074 949 qui
1109 892 1173 935 ibi
1208 907 1236 936 a
1265 892 1507 950 pedagogis
1538 892 1653 936 Con·
1673 908 1699 938 c

114 975 158 1001 10
174 962 587 1019 stantinopolitanis
633 961 846 1018 expulsus
892 962 1162 1005 morabatur.
1241 962 1465 1005 Vtebatur
1503 965 1655 1005 tamen

173 1031 362 1076 lectione
391 1032 606 1075 librorum
637 1032 743 1082 eius,
770 1035 828 1082 et,
856 1031 904 1074 in
934 1032 1156 1075 rethorica
1185 1032 1431 1089 proficiens,
1455 1032 1655 1076 Maximo

173 1101 437 1160 philosopho
464 1101 668 1159 Ephesio,
688 1116 820 1159 quem
847 1104 1001 1159 postea
1021 1102 1148 1159 quasi
1174 1104 1294 1145 artes
1313 1103 1508 1160 magicas
1529 1118 1655 1146 exer-

173 1175 348 1216 centem
390 1171 735 1215 Valentinianus
783 1168 1028 1229 imperator
1071 1171 1181 1215 fecit
1224 1172 1375 1223 occidi,
1419 1172 1656 1216 familiaris

174 1242 358 1286 effectus
376 1244 457 1285 est.
518 1241 721 1298 Cumque
741 1241 799 1284 ab
819 1255 870 1284 eo
890 1241 1029 1284 uerba
1048 1241 1354 1299 philosophica
1373 1246 1656 1300 praegustas-

115 1323 156 1358 15
174 1314 256 1364 set,
273 1311 419 1369 coepit
438 1311 534 1354 eius
558 1310 728 1354 imitari
755 1310 1027 1368 religionem,
1047 1310 1191 1369 magis
1212 1314 1258 1354 et
1276 1311 1421 1369 magis
1448 1312 1657 1370 cupidine

174 1395 410 1426 succensus
448 1380 638 1438 imperii.
719 1380 1041 1438 Imperatorem
1081 1395 1189 1424 uero
1230 1381 1395 1424 timens
1445 1371 1657 1439 suspicio-

174 1465 365 1508 nemque
384 1465 559 1503 cauens,
578 1454 735 1494 tonsus
755 1450 1059 1494 monachicam
1080 1451 1322 1494 simulabat
1341 1451 1497 1503 uitam,
1517 1466 1657 1510 agens

173 1521 447 1580 proditorem
479 1520 527 1563 in
552 1521 712 1563 habitu
733 1519 1003 1573 Christiano,
1023 1524 1070 1564 et
1096 1521 1144 1563 in
1164 1520 1346 1564 ecclesia
1366 1521 1657 1566 Nicomediae

173 1591 314 1635 lector
351 1591 585 1635 ordinatus
616 1591 679 1635 sic
719 1590 916 1634 furorem
951 1590 1194 1634 declinauit
1234 1591 1529 1648 imperatoris,
1600 1592 1657 1635 In

115 1678 158 1704 ιο
174 1660 416 1705 manifesto
449 1663 600 1704 autem
635 1676 783 1704 sacros
818 1660 1177 1705 Christianorum
1217 1661 1395 1719 legebat
1435 1661 1572 1705 libros
1612 1666 1658 1706 et

174 1731 370 1775 latenter
402 1731 693 1775 exercebatur
730 1731 779 1774 in
819 1731 1112 1789 philosophia,
1144 1731 1444 1774 inualescente
1484 1746 1659 1789 semper

175 1801 419 1845 ambitione
462 1801 662 1859 imperii3
711 1801 831 1845 unde
871 1804 918 1844 et
961 1801 1116 1844 amicis
1155 1801 1332 1845 dicebat
1371 1800 1521 1844 felicia
1561 1801 1657 1845 fore

174 1875 378 1930 tempora
396 1871 558 1929 quibus
587 1871 682 1929 ipse
703 1886 853 1914 rerum
882 1871 1106 1928 potiretur
1134 1871 1334 1928 imperio.
1397 1870 1456 1914 Et
1477 1872 1656 1927 quidem
1674 1879 1704 1919 d

175 1955 335 1984 manus
364 1955 455 1983 non
484 1940 700 1983 euasisset
729 1941 1022 1998 imperatoris,
1051 1940 1139 1983 nisi
1169 1940 1434 1998 imperatrix
1465 1940 1658 1983 Eusebia

117 2025 159 2060 ²⁵
176 2011 410 2054 inueniens
429 2010 684 2054 latitantem
705 2013 751 2054 et
770 2025 852 2067 pro
872 2025 923 2054 eo
942 2011 1220 2054 intercedens
1240 2011 1508 2067 optinuisset
1527 2013 1580 2053 ut
1600 2011 1657 2053 ad

175 2080 580 2139 philosophandum
611 2080 868 2123 mitteretur
897 2080 1113 2124 Athenas.
1174 2079 1333 2123 Refert
1362 2080 1658 2123 Theodoritus

170 2149 297 2208 >quod
320 2148 481 2192 exinde
511 2149 762 2192 discurrens
787 2163 963 2192 omnem
990 2149 1229 2192 Helladam
1250 2152 1379 2192 uates
1399 2149 1655 2205 quaerebat,

175 2219 409 2264 consulens
428 2234 487 2262 an
507 2219 565 2262 ad
585 2219 822 2277 imperium
842 2219 1109 2276 perueniret.
1159 2219 1439 2275 Inuentoque
1460 2219 1559 2262 uiro
1579 2219 1656 2276 qui

176 2304 224 2333 se
243 2289 603 2348 potentissimum
623 2289 671 2332 in
691 2289 865 2347 magica
885 2288 1117 2342 fateretur,
1136 2288 1419 2332 introductus
1439 2292 1508 2332 est
1527 2289 1585 2332 ab
1605 2304 1657 2333 eo

118 2374 160 2407 30
176 2360 225 2402 in
257 2359 401 2403 locum
433 2359 665 2410 idolorum,
684 2363 738 2402 ut
768 2359 817 2401 in
843 2358 967 2402 adito
993 2361 1199 2402 euocatos
1227 2373 1256 2401 a
1287 2373 1419 2415 mago
1448 2358 1657 2402 demones

175 2444 386 2488 praesens
404 2428 666 2472 consuleret.
715 2428 889 2481 Quibus
908 2427 1182 2471 sollemniter
1200 2427 1520 2485 apparentibus
1538 2443 1655 2472 com·

176 2499 333 2558 pulsus
353 2501 421 2542 est
440 2498 643 2541 Iulianus
663 2497 859 2541 frontem
884 2512 1014 2541 suam
1040 2497 1183 2541 crucis
1206 2497 1382 2540 munire
1402 2497 1653 2555 signacu103
1672 2499 1759 2539 800
1779 2512 1810 2540 a

181 2594 196 2620 1
224 2582 442 2620 Retoricam
459 2581 484 2617 S
601 2592 623 2618 2
648 2580 815 2618 ebolium
833 2578 871 2617 8¹
990 2590 1015 2626 9
1039 2592 1168 2626 syrum
1182 2579 1223 2615 M
1345 2590 1387 2626 ¹3
1413 2580 1657 2618 ualentianus

177 2630 274 2667 CBA
393 2640 434 2666 21
463 2629 712 2667 exercebatur
734 2628 900 2665 latenter
919 2628 954 2664 A
1064 2626 1308 2674 philosophia
1327 2629 1510 2666 daseia:
1535 2629 1657 2676 philo·

178 2677 337 2725 sophica
352 2676 499 2714 CBAS:
525 2676 578 2723 ph
579 2676 804 2724 ylosophica
821 2676 860 2711 Μ
1036 2676 1084 2712 26
1099 2675 1341 2713 theodoricus
1359 2676 1391 2712 B
1407 2687 1417 2713 ε
1443 2677 1656 2714 teodoritus

174 2691 308 2763 GASM
449 2735 542 2771 305
525 2689 717 2761 pdolorum
734 2723 874 2760 GBAM
1010 2733 1053 2770 31
1082 2723 1293 2760 solenniter
1307 2723 1407 2761 ΒΜ.
1398 2737 1407 2746 ·
1432 2723 1658 2763 sollenniter

176 2774 235 2811 A:
262 2737 542 2820 sollempniter
543 2772 588 2808 S:
614 2771 854 2809 sollemniter
870 2770 898 2807 C
1040 2781 1086 2818 32
1111 2771 1311 2819 signacula
1326 2770 1355 2807 G

229 2858 244 2884 1
273 2849 480 2884 Niczodem.
505 2847 684 2884 Nicoclem
701 2845 865 2883 Cassiod.
1065 2854 1086 2881 2
1111 2846 1249 2881 Euboz·
1233 2858 1335 2883 mm:
1358 2846 1552 2883 Eoebolum
1569 2846 1617 2894 (v.
1630 2847 1656 2886 l.

177 2896 375 2943 Eubulum)
394 2894 581 2939 Cassiod.;
604 2894 732 2941 Ἐκηβο
724 2897 810 2931 ’νλιο
827 2894 885 2942 (=
898 2891 1067 2939 ’Βκηβόλι
1070 2893 1123 2941 ον)
1141 2893 1245 2931 Socr.

1479 2951 1545 2994 38³
