1846 3262
65 227 136 279 817
156 239 187 272 a
531 232 796 277 IOANNIS
836 233 1356 279 SARESBERIENSIS
1474 235 1587 293 [ΜΒ.
1602 247 1695 285 vnt

206 351 360 410 itaque
400 353 515 396 liber
564 353 757 398 Eneidos
796 354 881 398 sub
919 354 1115 413 imagine
1156 354 1385 414 naufragii
1429 356 1694 401 manifestas

206 422 441 475 infantiae,
456 438 571 480 quae
591 424 684 468 suis
703 425 908 482 procellis
928 425 1142 483 agitatur,
1159 426 1344 483 exponit
1363 426 1619 480 tunsiones3
1647 429 1694 470 et

159 497 188 536 b
207 492 255 534 in
275 493 363 536 fine
384 509 464 536 suo
485 494 796 538 habundantia
816 495 903 538 cibi
924 498 970 538 et
990 498 1123 553 potus
1144 495 1300 539 adulta
1319 496 1496 553 prosilit
1515 497 1572 540 ad
1593 497 1692 540 leti-

202 563 318 605 tiam
338 564 630 610 conuiualem.
689 565 746 608 In
774 566 966 609 confinio
995 580 1101 623 ergo
1129 566 1451 610 adolescentiae
1471 567 1695 624 prodeunt

202 633 526 690 colloquiorum
551 635 824 688 commercia,
846 638 892 679 et
917 651 1070 679 eorum
1098 636 1384 693 intemperies
1410 639 1491 680 aut
1515 636 1693 681 fabulas
1713 654 1734 689 5

202 707 363 746 narrat
378 707 459 747 aut
478 704 598 747 ueris
614 703 730 748 falsa
744 705 994 762 permiscet,
1014 721 1066 749 eo
1082 706 1201 763 quod
1217 706 1500 763 multiloquio
1513 710 1695 764 peccata

203 771 357 816 deesse
377 789 467 816 non
495 778 693 832 possunt.
753 775 891 819 Porro
920 776 1083 819 tertius
1112 776 1263 819 uarios
1290 776 1541 820 iuuentutis
1566 777 1694 834 quasi

205 857 310 886 suos
329 844 451 887 canit
470 859 661 897 errores;
694 860 746 889 eo
767 845 886 903 quod
906 846 985 889 illa
1005 849 1100 890 etas
1122 845 1216 889 fere
1231 846 1347 890 solos
1363 846 1492 890 nouit
1511 861 1694 892 errores.

203 912 451 971 Siquidem,
470 917 524 957 ut
544 915 610 958 ait
629 915 825 960 ethicus:

324 989 577 1034 Imberbis'
564 991 741 1035 1uuenis
760 991 943 1035 tandem
964 992 1147 1036 custode
1167 995 1337 1037 remoto
1713 1003 1757 1033 ¹0

323 1049 493 1106 gaudet
513 1050 639 1107 equis
659 1050 931 1108 canibusque
952 1054 998 1095 et
1017 1052 1156 1109 aprici
1177 1055 1380 1110 gramine
1401 1051 1572 1110 campi;

324 1122 475 1150 cereus
495 1108 543 1150 in
564 1109 727 1152 uitium
747 1110 879 1160 flecti,
898 1110 1194 1154 monitoribus
1213 1126 1355 1179 asper

324 1167 506 1209 utilium
527 1168 684 1211 tardus
703 1169 919 1226 prouisor‚
939 1170 1153 1227 prodigus
1173 1170 1272 1213 eris.

209 1241 360 1285 Prima
386 1257 492 1300 ergo
519 1246 615 1287 etas
644 1245 877 1296 nutricem,
906 1246 1101 1289 secunda
1129 1246 1358 1289 custodem
1388 1246 1536 1297 habet,
1555 1244 1693 1288 tertia

165 1329 191 1359 c
209 1327 297 1369 quo
326 1312 519 1366 liberior,
549 1329 601 1357 eo
632 1313 810 1358 facilius
840 1318 970 1367 errat,
1001 1316 1200 1359 nondum
1225 1319 1377 1360 tamen
1403 1315 1604 1375 procedit
1633 1314 1691 1358 ad
1712 1333 1754 1375 ¹5

206 1382 405 1425 crimina.
467 1383 640 1436 Quarta
659 1384 838 1428 illicitos
858 1400 1031 1429 amores
1050 1386 1257 1430 conciliat
1276 1390 1323 1430 et
1342 1387 1492 1445 ignem
1522 1386 1691 1443 impru-

208 1452 367 1495 denter
386 1457 647 1511 conceptum
668 1454 716 1497 in
736 1457 913 1512 pectore
933 1455 991 1498 ad
1011 1457 1204 1500 amantis
1234 1456 1458 1500 infelicem
1485 1455 1694 1514 producit

207 1537 378 1580 rogum.
438 1523 597 1580 Neque
617 1525 736 1567 enim
756 1525 1021 1569 inconcessis
1041 1526 1227 1570 fatalem
1253 1527 1578 1570 beatitudinem
1599 1540 1694 1570 esse

208 1593 293 1635 sub
332 1596 445 1651 typo
480 1594 690 1638 Mercurii
730 1596 846 1639 ratio
885 1597 1137 1654 persuadet,
1170 1598 1386 1655 docetque
1427 1598 1555 1640 illum
1600 1597 1692 1655 qui,

209 1662 318 1705 dum
348 1663 499 1708 fuerat
528 1665 756 1722 paruulus,
786 1666 990 1724 sapiebat
1011 1670 1064 1710 ut
1089 1668 1318 1725 paruulus,
1349 1668 1617 1725 loquebatur
1638 1671 1693 1711 ut
1713 1693 1757 1720 ,ο

207 1734 436 1790 paruulus,
492 1735 656 1793 agebat
715 1739 768 1779 ut
837 1737 1067 1794 paruulus,
1135 1737 1247 1796 fuga
1319 1737 1694 1796 irrefragabiliter

207 1804 494 1861 apprehensa,
530 1820 746 1849 euacuare
785 1821 899 1864 quae
939 1811 1069 1851 erant
1102 1807 1295 1865 paruuli.
1366 1808 1506 1860 Vnde,
1542 1811 1596 1852 ut
1633 1807 1693 1852 ad

207 1877 503 1918 memoratum
533 1876 730 1919 ethicum
759 1877 1016 1921 redeamus:

325 1949 565 1994 Conuersis
584 1952 746 1996 studiis
766 1956 862 1996 etas
881 1954 1146 2022 animusque
1167 1954 1312 1997 uirilis

324 2010 502 2066 quaerit
519 2025 625 2068 opes
645 2015 691 2054 et
710 2012 942 2064 amicitias,
962 2013 1154 2056 inseruit
1171 2013 1342 2066 honori,

324 2069 595 2113 commisisse
615 2074 745 2114 cauet
765 2072 884 2129 quod
904 2086 1010 2115 mox
1030 2075 1206 2115 mutare
1226 2072 1412 2116 laboret.

1711 2047 1752 2081 ²5

208 2148 329 2207 Ergo
354 2152 401 2192 et
433 2149 580 2193 uirilis
607 2153 703 2195 etas
732 2152 923 2209 puerilia
953 2155 1000 2196 et
1029 2153 1247 2196 iuuenilia
1275 2153 1496 2196 erubescit
1521 2155 1579 2205 et,
1606 2153 1693 2198 sia

160 2228 189 2267 d
207 2235 419 2277 peruersa
448 2220 682 2278 uoluptate
711 2225 757 2265 et
786 2222 1018 2266 immundo
1047 2238 1198 2266 amore
1227 2223 1399 2281 nauigii
1425 2223 1495 2266 sui
1520 2224 1693 2268 soluere

207 2305 298 2333 non
314 2293 463 2348 potest
477 2291 730 2343 anchoram,
742 2292 960 2349 praecidit
973 2295 1019 2336 et
1034 2292 1202 2337 funem.
1263 2293 1338 2337 Sic
1351 2297 1396 2337 et
1410 2294 1692 2352 patriarchae

207 2361 396 2417 pudicus
410 2361 531 2404 filius
543 2361 731 2418 pallium
747 2363 930 2421 reliquit
949 2363 1190 2420 adulterae,
1209 2378 1265 2407 ne
1280 2364 1491 2407 adulterii
1506 2363 1691 2408 crimine
1709 2390 1753 2423 30

207 2473 228 2508 3
255 2461 493 2499 abundantia
508 2461 559 2498 Α2
709 2471 734 2507 4
759 2459 1043 2498 adholescentie
1059 2460 1106 2497 A¹
1263 2470 1306 2508 19
1329 2459 1414 2508 tipo
1429 2459 1490 2496 AS
1645 2470 1691 2502 22

206 2509 419 2557 aprehensa
436 2509 461 2546 S
605 2511 664 2555 28,
682 2520 728 2556 29
753 2520 830 2545 non
847 2510 976 2556 potest
992 2509 1140 2546 soluere
1157 2508 1194 2544 A

255 2609 278 2643 4
303 2600 465 2653 confinio
489 2599 769 2635 adolescentiae:
798 2595 822 2632 i.
839 2608 871 2633 e.
892 2597 1070 2643 pueritia,
1103 2596 1149 2632 de
1175 2607 1252 2641 qua
1279 2606 1352 2632 sec.
1382 2594 1618 2632 Bernardum
1649 2594 1691 2632 in

205 2648 298 2682 Aen.
315 2646 357 2684 ii.
373 2646 514 2692 agitur.
652 2646 675 2681 6
700 2647 926 2692 multiloquio
944 2647 1038 2681 etc.:
1067 2657 1097 2681 v.
1118 2644 1224 2680 Pr.ov
1242 2656 1280 2679 x.
1302 2653 1355 2690 19.
1492 2652 1513 2688 7
1538 2645 1691 2680 tertius:

207 2694 275 2740 qui
292 2706 362 2731 sec.
383 2694 497 2731 Bern.
516 2694 562 2730 de
577 2695 817 2729 adolescentia
833 2694 990 2729 tractat.
1109 2703 1153 2728 10
1175 2692 1351 2727 Imber-bis
1368 2692 1462 2728 etc.:
1486 2690 1578 2728 Hor.
1588 2692 1636 2726 A.
1649 2691 1691 2728 P.

211 2743 386 2787 161-164.
547 2743 592 2778 16
619 2743 780 2786 Qum-ta:
809 2743 900 2776 Aen.
919 2739 966 2776 iv.
984 2741 1170 2776 iuuentuti
1186 2740 1253 2776 dat
1271 2739 1385 2777 Bern.
1559 2749 1602 2786 19
1625 2739 1692 2775 sub

207 2796 289 2836 tgspo
309 2791 488 2826 Mercurii
503 2791 620 2828 ratio·
641 2789 689 2825 cf.
714 2788 820 2836 Fulg.
843 2790 941 2834 Vir-y.
964 2790 1065 2825 Cont.
1082 2800 1119 2835 p.
1139 2799 1186 2835 94
1204 2787 1264 2824 ed.
1282 2787 1408 2823 Helm.
1571 2797 1626 2832 19,
1643 2797 1691 2823 20

205 2839 281 2884 qui,
297 2840 385 2873 dum
392 2840 524 2883 fuerat
540 2840 631 2874 ete:
657 2849 689 2875 v.
708 2847 724 2873 1
745 2836 828 2873 Cor.
847 2835 926 2872 xiii.
949 2846 1004 2873 11.
1194 2845 1241 2880 24
1267 2836 1462 2872 Conuersus
1476 2836 1573 2872 eta:
1598 2834 1691 2871 Hor.

206 2887 253 2921 A.
272 2887 314 2920 P.
337 2887 511 2922 166—168.
624 2894 668 2929 27
686 2886 813 2921 uirilis
829 2890 926 2920 etas.
951 2884 999 2920 de
1016 2895 1094 2930 qua
1108 2885 1199 2920 Aen.
1213 2895 1246 2919 v.
1263 2894 1335 2919 sec.
1350 2882 1465 2925 Bern
1574 2892 1632 2930 29,
1643 2892 1692 2931 39

199 2934 438 2980 patriarchae
449 2935 749 2980 pudicmfilius:
773 2944 822 2970 sc.
842 2931 1004 2981 Ioseph;
1030 2944 1063 2969 v.
1081 2931 1174 2969 Gen.
1193 2930 1320 2967 xxxix.
1341 2941 1397 2969 12.

305 2987 374 3035 416
1834 2994 1846 3025 ἡ
