1846 3262
119 232 220 267 cu’.
234 219 349 282 vm]
642 219 1047 266 POLICRATICV
1050 219 1083 264 S
1612 229 1689 271 ⁷3⁷
1706 230 1734 260 c

120 344 289 395 scribit,
304 357 571 402 magnopere
591 343 818 386 admirari.
879 342 1051 386 Assunt
1069 342 1222 399 itaque
1241 341 1509 399 uoluptates,
1521 339 1598 384 sed

121 428 237 472 quae
267 413 452 457 lasciuia
482 417 674 457 careant.
745 413 888 456 Adest
916 412 1129 470 grauitas,
1156 411 1233 455 sed
1263 426 1377 468 quae
1406 410 1597 454 letitiam
1612 410 1643 450 d

121 497 213 527 non
236 483 458 527 excludat.
519 482 703 525 Habent
722 486 874 525 autem
905 485 951 525 et
978 482 1086 525 haec
1109 481 1318 525 conuiuia
1346 495 1450 524 suas
1479 495 1598 524 sum·

122 554 326 611 ptuarias
352 553 426 596 uel
454 553 644 596 cibarias
664 552 797 610 leges,
817 567 907 595 non
928 555 1079 595 tamen
1099 555 1152 594 ut
1178 551 1311 594 rebus
1330 551 1407 594 sed
1427 553 1481 594 ut
1500 565 1599 608 per-

83 643 104 677 5
122 623 243 667 sonis
276 626 475 680 parcant.
536 623 623 665 Res
659 623 790 673 enim,
820 626 1041 679 quatenus
1071 621 1247 665 utilitas
1278 624 1358 665 aut
1390 621 1600 664 honestas

122 693 334 751 exposcit,
372 692 597 736 effundere
635 707 727 736 non
766 695 990 736 uerentur.
1066 692 1297 748 Siquidem
1336 692 1385 734 in
1428 691 1492 734 eis
1535 691 1600 733 nil

121 762 315 821 sapienti
344 777 496 806 carum
529 765 598 805 est
631 765 809 819 praeter
839 776 983 805 usum.
1045 762 1234 805 Videtur
1262 765 1414 804 autem
1443 760 1602 804 beatus

122 833 373 877 Ieronimus
399 833 458 875 ad
484 832 732 875 custodiam
760 831 1026 882 sobrietatis,
1053 832 1180 875 cuius
1210 831 1524 874 iocundissima
1554 833 1602 874 et

122 902 363 946 utilissima
389 902 600 959 uoluptas
626 907 707 953 est,
727 901 953 959 egregiam
981 901 1192 944 statuisse
1211 901 1425 944 cibariam
1446 900 1599 958 legem.

64 983 107 1008 ιο
122 971 206 1016 Δ11
223 987 356 1030 ergo:
386 972 552 1015 Adesse
583 971 716 1014 debet
745 971 862 1014 ratio
891 974 945 1013 ut
974 971 1087 1014 tales
1116 974 1163 1013 et
1191 974 1343 1014 tantas
1373 984 1602 1013 sumamus

122 1050 255 1092 escas,
276 1042 439 1099 quibus
457 1056 548 1084 non
567 1044 778 1084 oneretur
796 1055 956 1098 corpus
976 1055 1056 1084 nec
1076 1041 1260 1083 libertas
1280 1041 1454 1083 animae
1474 1054 1600 1097 prae-

120 1115 361 1170 grauetur3
394 1112 500 1169 quia
533 1114 579 1155 et
612 1110 930 1155 comedendum
965 1113 1034 1153 est
1065 1113 1112 1153 et
1144 1110 1520 1153 deambulandum
1555 1112 1602 1152 et

121 1181 430 1225 dormiendum
450 1185 496 1225 et
507 1180 865 1238 digerendum,et
879 1183 1034 1237 postea
1048 1180 1217 1223 inflatis
1231 1180 1359 1223 uenis
1373 1179 1601 1222 incentiua
1617 1179 1696 1229 738
1717 1190 1749 1218 a

121 1250 322 1295 libidinis
341 1251 613 1295 sustinenda.
674 1250 925 1293 Luxuriosa
944 1264 1015 1292 res
1034 1250 1191 1292 uinum
1213 1253 1259 1293 et
1282 1249 1601 1293 contumeliosa

62 1332 106 1370 ¹5
122 1321 326 1366 ebrietas.
409 1321 568 1365 Omnis
601 1323 752 1363 autem
785 1320 863 1379 qui
896 1334 998 1363 cum
1034 1319 1106 1362 his
1136 1319 1349 1363 miscetur
1379 1334 1471 1362 non
1515 1319 1602 1362 erit

121 1391 312 1450 sapiens.
373 1391 468 1435 Nec
498 1390 612 1434 tales
646 1390 915 1447 accipiamus
949 1389 1072 1433 cibos
1106 1404 1217 1446 quos
1249 1393 1330 1433 aut
1364 1389 1603 1432 difficulter

121 1461 323 1520 digerere
361 1464 442 1504 aut
481 1475 675 1504 comesos
714 1474 878 1518 magno
926 1463 1080 1517 partos
1124 1463 1171 1503 et
1209 1459 1407 1517 perditos
1450 1459 1602 1502 labore

120 1530 361 1575 doleamus.
421 1530 605 1574 Olerum
632 1532 679 1573 et
707 1544 941 1587 pomorum
968 1543 1019 1572 ac
1046 1528 1324 1587 leguminum
1353 1532 1400 1571 et
1427 1527 1603 1571 facilior

121 1604 367 1659 apparatus
387 1602 456 1644 est
476 1603 522 1643 et
541 1604 639 1643 arte
666 1599 992 1656 impendiisque
1015 1613 1220 1642 cocorum
1244 1613 1335 1642 non
1363 1598 1537 1656 indiget
1557 1601 1604 1642 et

60 1680 107 1707 ⁸⁰
122 1670 219 1714 sine
230 1685 339 1714 cura
352 1672 578 1714 sustentat
592 1670 839 1712 humanum
859 1684 1001 1726 genus
1015 1686 1026 1721 ;
1054 1669 1370 1726 moderateque
1385 1672 1603 1726 sumptus,

121 1740 229 1798 quia
246 1755 328 1784 nec
347 1740 479 1783 auide
498 1740 742 1783 deuoratur
761 1739 881 1796 quod
899 1739 1183 1782 irritamenta
1197 1739 1330 1796 gulae
1345 1754 1435 1782 non
1456 1739 1603 1789 habet,

121 1810 280 1854 leuiori
300 1810 548 1867 digestione
569 1810 871 1866 concoquitur.
931 1809 1077 1852 Nemo
1101 1809 1221 1853 enim
1244 1823 1335 1851 uno
1360 1812 1406 1852 et
1429 1808 1604 1852 duobus

121 1880 234 1925 cibis
253 1880 410 1937 hisque
430 1880 597 1922 uilibus
618 1894 760 1936 usque
789 1878 848 1922 ad
878 1879 1155 1922 inflationem
1179 1879 1353 1922 uentris
1379 1882 1603 1929 oneratur,

122 1965 238 2008 quae
256 1949 519 1993 diuersitate
538 1949 739 1992 carnium
767 1952 815 1991 et
840 1948 1012 2005 saporis
1032 1947 1324 1992 delectatione
1344 1948 1604 2005 concipitur,

63 2029 108 2064 ²⁵
124 2035 226 2065 cum
244 2021 385 2063 uariis
403 2019 636 2062 nidoribus
656 2018 835 2061 fumant
854 2018 1036 2075 patinae
1055 2020 1103 2061 et
1122 2018 1179 2060 ad
1200 2033 1324 2061 esum
1339 2018 1409 2061 sui
1424 2018 1605 2075 expleta

122 2091 269 2134 esurie
292 2089 420 2147 quasi
440 2089 643 2146 captiuos
662 2088 863 2131 trahunt.
922 2087 1051 2130 Vnde
1067 2090 1113 2130 et
1128 2088 1271 2131 morbi
1287 2103 1344 2131 ex
1363 2088 1602 2131 saturitate
1618 2091 1648 2129 b

122 2160 264 2203 nimia
301 2159 595 2208 concitantur,
623 2157 844 2214 multique
882 2157 1211 2214 impatientiam
1250 2157 1382 2215 gulae
1428 2157 1604 2200 uomitu

123 2228 440 2279 remediantur,
460 2231 507 2271 01
532 2227 651 2284 quod
674 2227 871 2284 turpiter
899 2227 1181 2284 ingesserunt
1206 2227 1385 2284 turpius
1404 2229 1604 2284 egerunt.

125 2299 215 2343 Sed
245 2298 363 2342 forte
391 2298 527 2340 nimis
556 2300 762 2341 austerus
794 2297 977 2339 uidetur
1009 2311 1102 2340 esse
1122 2297 1374 2341 Ieronimus
1402 2300 1450 2339 et
1478 2296 1605 2340 cuius

66 2385 110 2419 30
124 2369 272 2413 edicto
316 2367 627 2411 difficillimum
670 2367 731 2410 sit
772 2381 942 2424 parere.
1012 2366 1133 2417 Esto,
1167 2366 1302 2410 liceat
1347 2366 1603 2423 contempni

125 2437 411 2489 Ieronimum‚
424 2437 675 2480 Stoicorum
694 2436 881 2480 uilescat
900 2436 1156 2487 auctoritas,
1171 2436 1470 2480 excludantur
1482 2436 1602 2480 Peri-

124 2507 322 2568 patetici,
358 2506 466 2550 dum
504 2506 578 2550 uel
610 2505 830 2564 Epicurus
868 2506 1116 2564 uoluptatis
1148 2510 1343 2549 assertor
1380 2506 1603 2550 audiatur.

130 2626 147 2654 1
175 2613 325 2670 itaque]
344 2613 480 2661 utique
497 2613 565 2650 SM
711 2623 730 2661 5
758 2612 925 2659 utilitas]
942 2613 1144 2650 humilitas
1158 2613 1193 2650 A
1335 2623 1383 2650 22
1407 2612 1546 2650 leuiori
1561 2613 1604 2650 Η

127 2673 174 2710 23
198 2663 351 2709 hiisque
370 2661 395 2699 S
507 2672 555 2707 30
578 2663 690 2698 conte
691 2661 761 2716 pni
778 2661 803 2698 S
914 2671 956 2707 31
984 2660 1245 2698 hieronimum
1261 2659 1290 2697 C
1378 2660 1604 2708 Stoycorum

305 2720 361 2756 31,
379 2720 424 2756 32
450 2708 706 2777 perypatetici
722 2709 777 2745 A.
803 2708 1076 2756 peripathetici
1093 2707 1161 2744 SM

179 2809 225 2837 10
248 2800 383 2835 Adesse
399 2799 493 2834 etc.:
520 2774 676 2833 Hieron.
701 2798 781 2833 adv.
805 2798 923 2833 Iovin.
949 2795 991 2833 ii.
1013 2806 1058 2832 10
1082 2795 1230 2843 (Migne
1253 2796 1296 2832 P.
1319 2796 1365 2832 L.
1388 2795 1497 2832 xxiii.
1520 2806 1605 2843 299,

374 2855 427 2890 14,
450 2855 465 2882 1
515 2846 728 2881 Lemurem
743 2856 800 2882 rea
814 2846 949 2881 uinum
970 2848 1004 2880 et
1026 2845 1282 2880 contumeliosa
1306 2844 1481 2881 obv-totas:
1508 2843 1605 2882 citat

170 2894 387 2941 ‘eronymus
404 2903 451 2930 ex
500 2903 576 2929 rov.
594 2903 655 2928 xx.
675 2902 708 2930 1.
937 2901 984 2938 32
1007 2892 1196 2938 Epicurus
1210 2892 1414 2939 uoluptatis
1428 2898 1603 2930 assertor:

1422 2965 1489 3002 ²75
