1846 3262
80 201 160 250 652
175 200 205 240 b
559 197 824 242 IOANNIS
866 197 1389 243 SARESBERIENSIS
1516 196 1630 259 [ΗΒ.
1643 209 1716 243 vu

225 333 361 377 quam
386 319 462 364 ille
487 320 564 378 qui
590 322 793 364 moratur
817 320 864 362 in
895 319 1291 364 iustificationibus
1318 319 1501 364 Domini
1529 323 1576 364 et
1602 319 1717 363 mul·-

221 393 350 433 cente
400 406 446 434 se
497 391 768 435 conscientia
810 390 1030 434 bonorum
1075 405 1261 448 operum
1305 405 1440 434 uerae
1486 390 1718 435 felicitatis

222 475 426 518 saporem
461 464 560 504 tota
594 461 758 505 mentis
791 461 1012 504 auiditate
1042 461 1134 503 iam
1166 463 1433 519 praegustat
1465 465 1511 505 et
1545 462 1717 506 sentit?

224 531 523 575 Proculdubio
550 546 834 589 nequaquam
856 531 978 574 illius
1009 546 1169 588 expers
1200 533 1268 575 est
1297 532 1369 576 cui
1400 532 1557 590 agnita
1575 532 1717 576 beati-

223 604 336 647 tudo
357 601 584 653 dulcescit,
605 604 651 644 et
672 602 713 644 ei
734 601 1048 659 expetibilium
1076 601 1282 645 cumulus
1303 601 1431 645 adest
1452 602 1529 659 qui
1550 602 1599 645 in
1619 602 1718 646 uita
1737 617 1757 652 5

222 675 379 731 gustat
410 675 456 715 et
489 671 616 715 uidet
651 687 787 729 quam
827 671 980 715 suauis
1013 675 1082 715 est
1114 671 1345 715 Dominus.
1421 672 1719 730 Philosophus

223 746 388 793 autem,
411 742 555 785 vcuius
606 743 800 786 intentio
851 742 1067 800 dirigitur
1115 742 1222 786 illuc
1266 745 1320 786 ut
1363 743 1522 801 sapiat,
1564 743 1719 787 eodem
1774 796 1778 799 ι

222 816 403 857 auctore
425 815 600 856 amator
620 812 705 856 Dei
727 816 795 856 est
816 815 862 856 et
886 813 1002 855 uitia
1029 812 1241 871 subigens
1266 813 1399 856 rebus
1427 813 1720 871 agnoscendis

221 884 420 942 applicat
459 883 661 926 animum
701 885 755 925 ut
795 883 866 927 his
901 883 1070 941 agnitis
1102 883 1161 926 ad
1195 898 1352 926 ueram
1387 883 1718 927 beatitudinem

222 954 365 1012 possit
385 954 604 999 accedere.
665 953 789 997 Haec
818 954 938 997 enim
959 954 1187 998 hominem
1208 954 1391 997 beatum
1412 953 1588 998 faciunt
1608 953 1647 997 si
1671 956 1718 998 et
1738 970 1780 995 10

181 1042 206 1072 c
224 1025 441 1068 uitiorum
476 1024 713 1068 soluantur
746 1024 939 1075 uincula,
968 1027 1014 1067 et
1042 1025 1170 1082 quasi
1198 1024 1468 1082 quibusdam
1500 1025 1719 1083 gradibus

223 1094 615 1152 contemplationis
663 1094 863 1138 lucidum
913 1097 959 1138 et
1008 1094 1338 1139 indeficientem
1388 1094 1562 1139 fontem
1611 1095 1719 1140 boni

223 1165 359 1209 detur
388 1165 594 1208 inuisere.
655 1165 776 1208 Nam

430 1252 544 1296 felix
574 1252 652 1309 qui
682 1252 833 1310 potuit
863 1267 1014 1296 rerum
1044 1267 1308 1311 cognoscere
1338 1267 1521 1306 causas;

224 1343 282 1393 et,
320 1342 375 1383 ut
414 1340 481 1383 ait
524 1342 668 1398 poeta,
709 1340 855 1397 (nobis
902 1341 1033 1392 enim,
1075 1340 1386 1398 undecumque
1431 1341 1715 1399 proueniant,
1737 1358 1775 1393 15

220 1410 400 1467 placent
429 1411 723 1454 incitamenta
753 1411 1020 1467 uirtutum):

369 1503 538 1547 Felices
568 1504 744 1547 animae
775 1504 938 1561 quibus
968 1504 1050 1548 has
1080 1519 1342 1563 cognoscere
1371 1504 1569 1562 primum

428 1562 564 1619 inque
594 1563 749 1606 domos
778 1578 963 1621 superas
993 1564 1204 1607 scandere
1234 1578 1342 1607 cura
1373 1563 1476 1607 fuit.

370 1620 595 1665 Credibile
625 1626 694 1665 est
723 1622 825 1666 illos
853 1622 1025 1680 pariter
1053 1622 1268 1680 uitiisque
1297 1622 1494 1680 iocisque

430 1681 567 1724 altius
597 1681 806 1724 humanis
837 1681 1062 1724 exeruisse
1092 1684 1240 1739 caput.
1734 1704 1778 1728 πο

372 1739 478 1783 Non
509 1740 662 1783 Venus
693 1743 739 1783 et
769 1740 927 1783 uinum
958 1740 1169 1783 sublimia
1197 1742 1379 1798 pectora
1409 1739 1560 1800 fregit,

430 1798 712 1856 officiumque
742 1798 830 1842 fori
861 1799 1107 1842 militiaeue
1137 1799 1286 1852 labor3

369 1872 460 1900 non
490 1857 603 1901 leuis
634 1858 821 1901 ambitio
851 1858 1122 1915 perfusaque
1152 1859 1296 1916 gloria
1325 1858 1429 1902 fuco

427 1931 781 1974 magnarumque
812 1916 954 1961 fames
984 1917 1246 1961 sollicitauit
1275 1933 1424 1975 opum.

371 1975 626 2019 Admouere
656 1976 795 2020 oculis
825 1976 1044 2019 distantia
1074 1976 1221 2020 sidera
1251 1977 1419 2020 nostris
1733 1999 1750 2022 2
1756 2000 1774 2033 5

429 2035 672 2091 etheraque
701 2035 883 2092 ingenio
913 2050 1184 2093 supposuere
1214 2051 1307 2080 suo.

173 2103 203 2143 d
369 2093 444 2137 Sic
474 2094 647 2150 petitur
675 2094 831 2145 celum,
863 2109 953 2137 non
983 2097 1037 2137 ut
1068 2094 1187 2138 ferat
1218 2095 1363 2138 Ossan
1394 2095 1602 2154 Olimpus

427 2168 690 2210 summaque
722 2153 923 2197 Peliacus
955 2153 1101 2196 sidera
1131 2156 1293 2212 tangat
1323 2169 1452 2212 apex,

222 2245 413 2289 Nullum
449 2248 603 2289 tamen
635 2246 829 2290 officium
863 2249 932 2290 est
965 2246 1156 2290 militiae
1191 2249 1272 2290 aut
1307 2247 1428 2291 domi
1465 2247 1584 2305 quod
1624 2263 1715 2292 non

220 2315 505 2374 philosophia
544 2318 802 2373 pertractet,
843 2317 1009 2374 quippe
1050 2332 1165 2374 quae
1210 2317 1304 2360 sola
1348 2318 1549 2362 excludit
1587 2318 1714 2370 uitia,
1733 2333 1777 2368 30

221 2391 268 2429 et
298 2386 394 2429 sine
425 2401 514 2444 qua
543 2386 682 2430 nichil
713 2390 832 2431 recte
862 2387 983 2431 inter
1012 2387 1215 2431 homines
1244 2388 1339 2445 geri
1367 2391 1526 2446 potest.
1587 2389 1717 2434 Sicut

221 2460 374 2500 autem
413 2457 579 2500 morari
619 2457 668 2500 in
707 2457 1115 2511 iustificationibus,
1154 2458 1202 2501 id
1247 2461 1316 2503 est
1365 2459 1414 2502 in
1461 2459 1716 2517 expletione

223 2569 282 2604 29,
301 2569 347 2604 30
372 2557 618 2605 philosophia
635 2570 713 2595 non
730 2558 764 2595 A

274 2654 289 2680 1
318 2650 486 2681 moratur
500 2647 541 2681 in
566 2646 888 2690 iustificationibus
911 2645 1087 2681 Domini:
1114 2643 1162 2680 cf.
1181 2644 1238 2680 Ps.
1257 2643 1382 2681 cxviii.
1405 2645 1458 2689 16,
1479 2655 1537 2691 23,
1553 2646 1614 2691 48,
1636 2655 1714 2691 117.

222 2693 245 2728 6
271 2698 392 2738 qustat
417 2695 510 2730 etc.:
536 2706 570 2729 v.
595 2693 655 2729 Ps.
682 2692 815 2729 xxxiii.
840 2703 877 2739 9.
986 2701 1007 2737 7
1034 2694 1176 2729 eodem:
1204 2704 1253 2729 sc.
1271 2692 1445 2730 Platone.
1546 2704 1590 2730 10
1613 2695 1716 2730 Haec

223 2743 321 2776 euim
346 2743 440 2777 etc.:
467 2754 499 2778 v.
531 2741 667 2778 Boeth.
688 2742 828 2778 Consol.
845 2741 981 2777 Philos.
998 2739 1054 2776 iii.
1082 2742 1192 2777 metr.
1223 2751 1264 2776 12
1287 2742 1397 2776 Felix
1411 2743 1476 2788 qui
1487 2743 1610 2788 potuit
1630 2743 1716 2778 boni

221 2787 374 2824 Fontem
395 2791 511 2825 uisere
535 2791 711 2834 lucidum,
729 2790 840 2825 Felix
858 2791 923 2836 qui
941 2790 1061 2834 potuit
1080 2790 1211 2835 qrauis
1230 2790 1366 2825 Terrae
1387 2791 1526 2826 soluere
1549 2791 1713 2826 uim-ula.

226 2845 269 2881 14
287 2837 388 2881 felix
403 2839 468 2883 qui
485 2839 608 2883 potuit
624 2839 723 2874 etc.:
749 2837 863 2885 Verg.
886 2838 1010 2882 Georq.
1033 2835 1075 2872 ii.
1097 2847 1177 2882 490.
1345 2846 1386 2881 17
1413 2838 1549 2873 Felices
1564 2839 1714 2874 animae

222 2886 296 2920 etc.
312 2894 321 2919 :
349 2884 415 2920 Ov.
431 2886 532 2923 Fast.
549 2885 574 2923 i.
592 2887 768 2933 297-308.
865 2886 958 2922 has:
981 2896 1032 2922 sc.
1050 2896 1174 2921 rerum
1193 2896 1343 2929 causam
1366 2886 1454 2922 haec
1470 2884 1537 2922 Ov.

335 2965 402 2989 120
