1846 3262
81 240 165 281 705
185 239 213 271 c·
554 225 817 272 IOANNIS
858 225 1379 270 SARESBERIENSIS
1510 226 1620 283 [ΜΒ.
1636 236 1713 270 vn*

228 365 319 394 non
358 350 577 408 prouenit.
638 349 779 400 Vnde,
810 348 917 406 quia
948 362 1172 391 summum
1203 348 1370 391 bonum
1402 347 1451 392 in
1481 348 1579 392 uita
1608 363 1710 392 con-

227 424 320 464 stat
351 436 444 464 esse
478 421 693 463 uirtutem
732 422 778 463 et
810 434 924 476 quae
945 410 1051 462 'sola
1082 433 1221 477 graue
1257 421 1302 461 et
1333 418 1534 462 odiosum
1570 419 1711 462 serui-

227 492 341 534 tutis
377 491 551 534 excutit
585 491 754 548 iugum,
783 505 866 547 pro
895 489 1080 540 uirtute,
1116 503 1230 546 quae
1257 488 1499 546 singularis
1526 489 1712 533 uiuendi

227 576 360 605 causa
403 564 482 612 est,
526 561 818 612 moriendum,
854 560 892 603 si
938 559 1177 603 necessitas
1225 559 1412 617 ingruit,
1458 560 1712 618 philosophi

180 633 209 673 d
227 634 509 675 censuerunt.
570 631 634 674 At
662 631 770 674 haec
800 630 998 688 perfecte
1026 630 1121 673 sine
1151 629 1361 673 libertate
1381 645 1472 673 non
1493 631 1713 688 prouenit,
1733 646 1752 680 5

226 702 537 759 libertatisque
573 702 856 760 dispendium
891 700 1137 759 perfectam
1172 701 1399 744 conuincit
1432 716 1523 744 non
1562 701 1714 745 adesse

226 773 456 815 uirtutem.
519 771 639 830 Ergo
663 775 710 815 et
736 787 818 830 pro
848 772 1074 815 uirtutum
1101 771 1263 814 habitu
1291 771 1482 828 quilibet
1506 771 1620 815 liber
1647 774 1716 815 est

227 845 284 893 et,
312 845 534 899 quatenus
562 845 630 886 est
656 842 780 894 liber,
810 845 995 885 eatenus
1021 842 1270 885 uirtutibus
1298 842 1460 900 pollet;
1506 857 1530 885 e
1560 845 1717 885 contra

227 912 343 955 uitia
383 912 477 955 sola
516 913 782 956 seruitutem
822 912 1043 956 inducunt
1081 912 1394 970 hominemque
1435 913 1636 970 personis
1670 915 1717 956 et

227 983 360 1025 rebus
395 983 597 1026 indebito
626 982 851 1026 famulatu
886 983 1138 1035 subiciunt3
1169 985 1227 1036 et,
1257 983 1362 1027 licet
1391 983 1587 1026 seruitus
1616 998 1715 1040 per·
1738 999 1779 1023 10

227 1067 362 1096 sonae
402 1054 669 1111 quandoque
715 1053 1012 1097 miserabilior
1058 1056 1226 1111 pareat,
1266 1054 1484 1098 uitiorum
1523 1054 1718 1099 seruitus

228 1122 360 1181 longe
399 1138 573 1181 semper
612 1124 817 1167 miserior
857 1126 936 1167 est.
1017 1124 1138 1178 Quid
1178 1127 1247 1167 est
1286 1124 1439 1182 itaque
1479 1124 1718 1168 amabilius

228 1193 468 1238 libertate?
529 1194 650 1248 Quid
671 1194 966 1238 fauorabilius
983 1194 1024 1237 ei
1046 1195 1124 1252 qui
1144 1195 1331 1238 uirtutis
1351 1195 1545 1252 aliquam
1568 1210 1717 1238 reuer-

230 1264 398 1307 entiam
418 1265 586 1309 habet‘i
646 1265 757 1307 Eam
784 1265 1058 1322 promouisse
1083 1280 1236 1308 omnes
1264 1265 1465 1323 egregios
1492 1266 1717 1324 principes

228 1334 418 1391 legimus
431 1348 441 1387 ;
472 1349 553 1378 nec
583 1349 797 1392 umquam
827 1335 1017 1378 calcasse
1047 1335 1302 1379 libertatem
1331 1336 1419 1379 nisi
1452 1336 1716 1380 manifestos
1737 1349 1778 1385 15

229 1405 416 1448 uirtutis
456 1405 617 1448 hostes.
678 1405 803 1459 Quae
844 1405 1001 1449 fauore
1041 1406 1264 1449 libertatis
1310 1409 1417 1450 sunt
1459 1407 1717 1451 introducta

229 1478 456 1518 nouerunt
470 1475 728 1533 iurisperiti,
742 1479 788 1519 et
804 1491 917 1534 quae
930 1477 988 1519 ob
1003 1476 1124 1519 illius
1136 1490 1331 1519 amorem
1344 1478 1578 1534 magnifice
1591 1481 1719 1537 gesta

78 1551 165 1600 706
185 1560 215 1590 a
232 1547 339 1588 sunt
358 1545 671 1589 historicorum
692 1546 949 1589 testimonio
964 1546 1214 1604 percelebre
1228 1549 1307 1589 est.
1361 1547 1474 1591 Cato
1494 1563 1718 1592 uenenum

231 1616 360 1667 bibit,
384 1616 546 1659 asciuit
572 1616 785 1674 gladium,
816 1619 873 1668 et,
903 1632 959 1660 ne
987 1632 1076 1674 qua
1102 1632 1228 1660 mora
1254 1618 1541 1675 protenderet
1571 1619 1714 1663 uitam

231 1686 487 1744 ignobilem,
507 1687 673 1730 iniecta
699 1702 836 1730 manu
860 1687 1073 1730 dilatauit
1099 1687 1277 1740 uulnus,
1297 1689 1561 1746 sanguinem
1584 1704 1716 1747 gene-
1739 1707 1782 1731 20

233 1771 383 1800 rosum
424 1757 593 1809 effudit,
632 1772 689 1800 ne
733 1760 997 1815 regnantem
1037 1757 1212 1800 uideret
1253 1757 1472 1802 Cesarem.
1547 1760 1718 1803 Brutus

234 1842 360 1870 arma
389 1827 533 1870 mouit
565 1827 718 1871 ciuilia
747 1831 801 1870 ut
830 1827 987 1870 urbem
1018 1827 1235 1871 eximeret
1265 1829 1503 1883 seruituti3
1534 1830 1720 1888 ipsaque

234 1897 360 1941 sedes
394 1897 570 1955 imperii
602 1897 847 1941 miserabili
876 1897 1038 1941 maluit
1067 1898 1183 1941 bello
1213 1913 1387 1956 semper
1416 1900 1554 1959 affligi
1585 1916 1719 1959 quam

234 1968 466 2011 dominum
501 1968 606 2011 licet
639 1968 928 2012 mitissimum
969 1968 1203 2013 sustinere.
1262 1969 1458 2014 Transeo
1496 1971 1554 2014 ad
1593 1972 1718 2015 infir-

233 2038 420 2081 miorem
441 2052 609 2081 sexum.
670 2037 894 2096 Coniuges
919 2039 1268 2096 Teuthonorum‚
1289 2040 1346 2083 ob
1366 2055 1562 2084 amorem
1588 2043 1719 2100 pudi-
1741 2057 1782 2091 25

234 2109 366 2153 citiae
406 2111 616 2167 rogantes
661 2108 878 2152 uictorem
924 2109 1119 2163 Marium
1165 2112 1219 2153 ut
1263 2110 1380 2154 dono
1428 2111 1722 2157 mitterentur

234 2179 398 2222 Vestae
448 2179 714 2237 uirginibus,
764 2194 811 2223 se
861 2194 1037 2237 quoque
1091 2180 1408 2237 promittentes
1459 2183 1723 2227 concubitus

236 2249 417 2292 futuras
448 2252 666 2307 expertes,
697 2264 798 2294 eum
828 2250 1013 2294 minime
1042 2250 1320 2304 audirentur,
1349 2252 1556 2309 proxima
1594 2256 1724 2298 nocte

237 2366 435 2452 ssfflngruit
452 2367 659 2405 necessitas
675 2366 716 2403 M
895 2377 936 2405 11
964 2368 1152 2414 appareat
1169 2366 1216 2403 B¹
1376 2377 1421 2416 25
1448 2368 1725 2408 theutonorum

292 2521 315 2557 6
340 2521 586 2568 libertatisque
603 2522 697 2558 ete:
721 2519 940 2568 Vestigium
958 2532 1035 2558 esse
1051 2519 1203 2557 videtur
1218 2520 1331 2558 Hom.
1353 2523 1418 2559 Od.
1435 2522 1524 2560 xvii.
1539 2533 1622 2569 322,
1641 2533 1725 2570 323.

241 2569 297 2611 18,
319 2579 361 2614 19
385 2580 567 2605 uenenum
583 2570 693 2606 bibit:
719 2569 800 2606 Hoc
818 2570 866 2606 de
883 2568 1029 2606 Catone
1043 2580 1121 2605 non
1141 2570 1320 2606 refertur.
1526 2582 1570 2618 19
1594 2574 1727 2609 asciuit

234 2619 402 2663 yladium
419 2619 515 2654 etc.:
540 2629 572 2653 v.
591 2617 690 2653 Flor.
708 2616 748 2653 ii.
772 2627 813 2663 13
834 2617 851 2663 ξ
873 2626 914 2661 71
943 2616 1004 2662 (iv.
1028 2617 1066 2663 2)
1098 2618 1185 2654 Cato
1216 2645 1224 2653 .
1257 2645 1265 2654 .
1297 2644 1306 2653 .
1337 2623 1489 2655 mortem
1516 2620 1588 2655 sibi
1615 2623 1726 2656 etiam

238 2667 374 2701 acciuit
391 2693 398 2701 .
418 2693 427 2701 .
446 2693 454 2701 .
472 2667 596 2701 stricto
610 2667 734 2711 yladio
750 2667 951 2701 reuelatum
961 2671 1086 2711 pectus
1097 2667 1205 2701 semel
1216 2668 1417 2714 iterumque
1429 2669 1619 2713 percussit.
1654 2669 1727 2704 Ille

232 2725 378 2759 passus,
387 2715 475 2748 dum
485 2715 872 2757 abscederent,rescidit
878 2715 1022 2759 playas,
1031 2719 1218 2761 secutaque
1229 2716 1271 2750 ui
1280 2727 1346 2751 san
1348 2717 1475 2762 quinis
1484 2717 1726 2753 moribundus

239 2773 371 2796 manus
388 2763 429 2796 in
447 2763 527 2807 ipso
543 2763 689 2797 uolnere
705 2763 864 2808 reliquit,
883 2763 977 2809 quod
994 2763 1071 2807 ipse
1087 2763 1142 2798 bis
1149 2764 1303 2807 fecerat.
1491 2774 1533 2800 21
1562 2765 1723 2800 Brutus:

240 2808 264 2843 i*
279 2821 311 2844 e.
331 2809 380 2844 M.
396 2809 525 2845 Iunius
545 2809 695 2854 Brutus,
710 2809 778 2855 qui
791 2808 934 2845 Iulium
948 2809 1146 2846 Caesarem
1163 2809 1372 2847 interfecit.
1558 2821 1602 2857 23
1627 2813 1726 2848 sedes

239 2858 387 2941 imperii
398 2870 406 2892 :
430 2869 480 2893 sc.
492 2858 624 2894 Roma.
720 2866 764 2905 25
787 2859 964 2904 Coniuqes
979 2859 1247 2895 Teuthonorum
1263 2861 1359 2896 eta:
1385 2858 1511 2896 v.Val.
1523 2858 1625 2896 Max.
1636 2858 1687 2896 vi.
1705 2869 1722 2897 1

242 2915 291 2941 ex
311 2931 319 2940 .
338 2914 370 2949 3.

387 2977 453 3010 218
