1846 3262
137 215 241 249 cu.
256 202 434 266 xxvm]
665 205 1112 253 POLICRATICVS

12 326 18 335 ‘
58 363 64 367 .
136 330 291 371 autem
330 342 442 372 uoco
489 343 604 386 quae
643 332 854 387 parentes
893 331 1166 387 pepererunt
1205 332 1253 373 et
1292 342 1408 387 quae
1448 329 1636 373 fortuna

135 397 304 456 largita
323 401 403 451 est,
424 413 616 456 quorum
646 399 786 444 nichil
809 400 1020 444 laudibus
1048 399 1247 444 Socratis
1270 400 1359 444 mei
1388 399 1635 453 admisceo;

135 468 310 512 nullam
348 470 709 528 generositatem,
748 471 923 514 nullam
972 471 1240 529 prosapiam,
1280 471 1429 515 nullos
1477 470 1635 530 longos

134 539 324 592 natales,
355 540 504 584 nullas
533 540 781 585 inuidiosas
812 542 1010 586 diuitias.
1072 542 1198 586 Haec
1228 541 1348 586 enim
1377 545 1551 593 cuncta,
1582 545 1635 585 ut

97 625 119 660 5
134 609 248 663 dico,
269 610 418 654 aliena
437 614 555 654 sunt.
617 611 728 655 Sato
749 611 1021 655 Prothaonio
1041 611 1187 670 gloria
1206 614 1277 655 est
1301 611 1379 669 qui
1406 611 1513 654 talis
1544 610 1636 654 fuit

134 681 190 724 ut
209 680 306 723 eius
325 684 535 738 nepotem
554 696 646 724 non
666 681 869 739 puderet.
928 681 1080 739 Igitur
1094 681 1245 725 omnia
1265 681 1475 725 similiter
1487 682 1636 726 aliena

133 764 345 794 numeres
378 750 545 796 licebit.
606 750 859 795 Generosus
889 751 988 795 est'3
1024 754 1234 808 parentes
1263 751 1433 796 laudas.
1494 752 1636 796 Diues

136 821 236 864 est?
273 836 365 865 non
394 821 527 866 credo
558 821 781 865 fortunae.
842 822 990 880 Magis
1020 821 1110 864 ista
1139 821 1386 865 dinumero.
1445 822 1637 867 Validus

135 891 230 934 est?
250 891 507 950 egritudine
522 890 806 949 fatigabitur.
858 891 1024 934 Pernix
1044 891 1138 934 est?
1171 891 1268 934 abit
1282 892 1331 934 in
1346 896 1636 939 senectutem.

77 975 119 1001 10
135 959 377 1004 Formosus
402 961 502 1005 est?
544 965 733 1019 expecta
767 961 997 1019 paulisper
1036 964 1082 1004 et
1116 975 1207 1004 non
1247 961 1345 1005 erit.
1418 962 1483 1006 At
1515 963 1635 1007 enim

134 1031 266 1075 bonis
294 1031 470 1075 artibus
499 1031 659 1075 doctus
690 1034 737 1075 et
763 1031 967 1089 adprime
995 1034 1065 1074 est
1093 1031 1298 1074 eruditus
1326 1033 1383 1083 et,
1412 1037 1635 1090 quantum

134 1100 241 1145 licet
264 1101 449 1153 homini,
468 1101 648 1159 sapiens
666 1104 714 1145 et
733 1101 840 1144 boni
860 1101 1105 1145 consultus.
1167 1100 1368 1144 Tandem
1390 1102 1635 1160 aliquando

133 1170 284 1230 ipsum
303 1172 456 1215 uirum
480 1171 648 1215 laudas.
710 1172 810 1216 Hoc
840 1171 961 1215 enim
991 1186 1073 1216 nec
1100 1187 1129 1215 a
1156 1175 1286 1229 patre
1310 1172 1635 1217 hereditarium

134 1243 206 1286 est
238 1256 321 1286 nee
351 1256 459 1286 casu
493 1241 740 1300 pendulum
775 1256 858 1286 nec
884 1257 914 1285 a
945 1241 1161 1300 suffragio
1193 1242 1455 1286 anniculum
1490 1258 1572 1287 nec
1606 1259 1635 1287 a

75 1329 119 1366 15
135 1326 319 1370 corpore
337 1311 556 1356 caducum
577 1326 659 1356 nec
679 1311 737 1355 ab
757 1315 879 1356 etate
899 1311 1128 1355 mutabile.
1190 1312 1316 1356 Haec
1336 1313 1488 1356 omnia
1508 1328 1635 1357 meus

135 1381 345 1427 Socrates
375 1382 538 1426 habuit
572 1386 620 1426 et
653 1382 755 1426 ideo
789 1386 939 1426 cetera
968 1382 1134 1426 habere
1165 1383 1449 1441 contempsit.
1512 1383 1633 1437 Quin

133 1452 279 1512 igitur
317 1456 365 1497 et
399 1456 453 1496 tu
492 1452 551 1496 ad
590 1453 794 1496 studium
833 1453 1081 1511 sapientiae
1121 1452 1289 1511 ingeris
1329 1453 1403 1497 uel
1443 1469 1635 1512 propera

133 1524 296 1568 saltem
315 1527 370 1568 ut
389 1523 530 1567 nichil
550 1523 748 1567 alienum
768 1523 928 1567 audias
947 1523 997 1566 in
1017 1523 1228 1567 laudibus
1249 1524 1354 1577 tuis,
1374 1525 1454 1568 sed
1474 1528 1528 1568 ut
1555 1525 1634 1582 qui

135 1595 183 1637 te
205 1593 330 1638 uolet
348 1593 589 1638 nobilitare
609 1608 751 1652 aeque
768 1593 924 1637 laudet
943 1597 998 1638 ut
1017 1593 1178 1637 Actius
1198 1594 1379 1638 Vlixem
1399 1595 1558 1639 laudat
1585 1595 1634 1639 in

73 1683 121 1709 ao
137 1663 421 1709 Philoctheta
440 1664 587 1722 primo
606 1664 807 1709 eiusdem
827 1664 1058 1722 tragediae
1078 1679 1186 1708 suae
1205 1664 1450 1723 principio:

429 1746 606 1798 Inclite,
634 1761 781 1805 parua
808 1746 1014 1805 praedite
1042 1746 1204 1804 patria,

428 1806 611 1850 nomine
639 1806 804 1851 celebri
833 1805 1042 1863 claroque
1072 1810 1234 1864 potens

428 1869 619 1923 pectore,
650 1865 839 1909 Achiuis
868 1865 1085 1909 classibus
1114 1869 1284 1918 auctor,

428 1924 584 2027 {auis
613 1924 858 1968 Dardaniis
886 1924 1101 1983 gentibus
1129 1924 1264 1978 ultor,

74 2003 119 2040 ²5
497 1983 713 2027 hertiade.

136 2062 394 2109 Nouissime
422 2067 599 2124 patrem
629 2067 861 2110 memorat.
922 2063 1135 2110 Ceterum
1165 2080 1320 2109 omnes
1349 2065 1506 2110 laudes
1536 2067 1633 2111 eius

132 2135 223 2179 uiri
258 2136 440 2181 audisti.
502 2137 654 2182 Nichi]
692 2137 799 2181 inde
834 2152 915 2182 nec
946 2137 1164 2181 Lahertes
1200 2137 1287 2181 sibi
1321 2153 1403 2182 nec
1433 2139 1633 2182 Anticlia

131 2220 215 2250 nec
248 2207 452 2251 Arcisius
485 2208 560 2252 uel
590 2208 793 2253 Acrisius
822 2208 1044 2252 nendicat.
1106 2208 1231 2252 Haec
1266 2211 1377 2261 tota,
1408 2212 1462 2252 ut
1493 2210 1633 2261 uides,

132 2275 281 2320 laudis
310 2277 446 2322 huius
475 2279 660 2337 propria
684 2278 811 2322 Vlixi
839 2278 1059 2336 possessio
1089 2281 1169 2323 est,
1230 2278 1326 2322 Nec
1357 2279 1481 2322 aliud
1506 2283 1552 2323 te
1582 2280 1632 2322 in

72 2364 117 2399 30
132 2346 288 2391 eodem
307 2347 443 2392 Vlixe
463 2348 689 2392 Homerus
708 2349 850 2400 docet,
870 2348 949 2407 qui
973 2363 1150 2405 semper
1176 2348 1216 2391 ei
1244 2349 1453 2392 comitem
1483 2349 1631 2393 uoluit

1650 207 1740 256 633
1757 217 1790 247 a

1652 543 1683 582 b

1653 1395 1678 1426 C

133 2431 229 2461 esse
247 2418 549 2476 prudentiam,
569 2434 706 2477 quam
734 2419 909 2477 poetico
937 2419 1031 2462 ritu
1052 2419 1307 2462 Mineruam
1332 2421 1626 2478 nuncupauit.
1644 2426 1676 2467 d

133 2527 158 2565 9
182 2516 281 2554 abiit
297 2517 339 2554 M
524 2529 568 2566 19
591 2518 700 2556 uolet
715 2520 757 2556 te
774 2518 808 2555 A
1082 2517 1274 2556 hilocteta
1290 2518 1348 2555 A:
1373 2518 1572 2567 philoteca
1588 2519 1629 2556 M

131 2565 389 2651 mma&
405 2565 539 2651 ἓξῗιΜ
696 2575 740 2614 25
767 2565 951 2604 laerciate
969 2567 1024 2603 Β;
1114 2567 1243 2604 rciade
1260 2566 1337 2603 ΒΜ
1492 2569 1539 2604 28
1564 2567 1629 2606 uel

132 2747 149 2784 l
184 2709 203 2748 5
222 2701 340 2785 {dol
345 2701 590 2785 Pvssthaondiac:
587 2701 767 2786 tdgvolffic
791 2700 877 2786 Ιῖιοο
901 2701 1019 2786 pff
1044 2704 1224 2786 egr-rupto
1249 2701 1552 2786 ν.ΗίῙ(1ε1)ι-1ι1ιιιᾶ
1579 2703 1630 2740 ad

132 2760 312 2833 igcitau
291 2809 373 2834 aus.
397 2760 540 2844 ἰὶωῗέξ
562 2761 600 2834 {1
649 2761 881 2835 Οοῑιὶθῗξιὲἔ
895 2762 1293 2853 ⁸gude:iiiong’i'usaig'gt
1311 2750 1630 2845 :apgtygwagpoerze

133 2845 263 2882 forsan
278 2844 349 2881 sub
365 2847 453 2881 Sato
468 2797 565 2882 latet
579 2845 662 2882 eius
674 2857 816 2883 nomen
830 2846 895 2893 qui
909 2845 1065 2893 Apuleii
1077 2845 1282 2893 protams
1270 2858 1295 2883 1.
1309 2858 1342 2883 e.
1358 2858 1523 2894 proavus
1533 2850 1628 2885 erat.

136 2903 193 2940 19,
200 2904 248 2931 20
258 2895 300 2930 in
309 2894 535 2931 Philoctheta
544 2895 636 2932 που
648 2895 895 2932 inPht'loctda
905 2906 972 2931 suo
977 2897 1018 2931 in
1025 2896 1104 2932 eius
1110 2896 1631 2943 tmqoediaeprincipioApul.

1473 2970 1517 3011 85
