1846 3262
56 244 135 284 661
156 253 180 284 c
532 237 797 283 10ANN1s
838 237 1361 283 SARESBERIENSIS
1487 236 1596 298 [mn.
1613 216 1685 283 v1'1

195 362 387 407 referri?
461 361 549 416 Qui
582 375 690 404 uero
723 359 1080 418 philosophando
1110 359 1345 404 caritatem
1374 361 1575 419 adquirit
1606 364 1688 405 aut

194 434 368 486 dilatat,
404 447 535 476 suum
568 429 928 489 philosophantis
962 433 1192 473 assecutus
1233 433 1302 474 est
1340 431 1489 475 finem.
1563 431 1688 476 Haec

195 507 263 546 est
293 503 446 560 itaque
476 516 585 545 uera
615 504 661 544 et
691 500 987 543 immutabilis
1014 500 1429 559 philosophantium
1459 503 1615 561 regula
1635 505 1689 546 ut

195 573 320 617 sicin
342 573 549 616 omnibus
565 571 766 629 legendis
787 573 868 614 aut
881 570 1115 624 discendis,
1129 571 1315 629 agendis
1331 574 1412 615 aut
1427 572 1688 616 omittendis

195 644 383 701 quisque
405 645 611 686 uersetur
630 644 684 684 ut
703 641 910 699 proficiat
930 641 1124 685 caritati.
1185 641 1291 699 Ipsa
1311 657 1419 686 uero
1441 657 1689 700 numquam
1708 657 1728 692 5

194 713 342 756 inanis
363 715 444 755 aut
465 712 559 755 sola
584 714 663 763 est,
685 711 763 755 sed
787 711 1082 763 honestatem,
1103 712 1369 756 modestiam
1393 727 1495 756 cum
1523 712 1689 756 sobrie-

194 787 301 835 tate,
318 783 583 841 pudicitiam
600 786 646 826 et
666 782 859 825 aliarum
880 782 1208 826 uenerabilium
1229 783 1456 826 uirtutum
1476 786 1625 827 cetum
1640 783 1690 826 in

194 854 343 911 ipsum
371 853 598 897 hominem
629 868 762 910 quem
790 853 951 911 pietati
978 857 1209 897 consecrat
1235 853 1364 911 quasi
1391 853 1440 896 in
1469 854 1690 912 templum

196 924 380 968 Domini
415 924 673 968 introducit.
747 923 971 981 Quicquid
1004 923 1217 968 aliorsum
1252 924 1403 982 uergit
1434 924 1483 967 in
1514 924 1690 969 artibus

152 995 182 1035 d
198 995 293 1038 siue
315 995 668 1053 quibuscumque
684 994 931 1052 scripturis,
943 1009 1034 1038 non
1054 994 1363 1052 philosophiae
1379 994 1592 1053 dogmata
1611 995 1690 1039 sed
1711 1010 1752 1035 10

196 1066 352 1109 inanes
374 1065 554 1108 fabulae
575 1067 683 1108 sunt
703 1067 748 1108 et
769 1065 986 1123 figmenta
1001 1080 1154 1108 eorum
1171 1080 1306 1123 super
1320 1079 1511 1122 quorum
1532 1065 1689 1124 impie-

194 1139 337 1180 tatem
372 1136 442 1179 ira
474 1135 558 1179 Dei
592 1135 647 1178 de
679 1135 773 1179 celo
809 1136 1050 1180 reuelatur.
1113 1135 1338 1193 Quicquid
1373 1136 1441 1178 illi
1472 1136 1689 1194 garriant,

194 1210 314 1251 recte
334 1206 671 1264 philosophanti
693 1206 897 1263 ineptum
919 1206 1103 1249 uidetur
1122 1206 1368 1264 insipidum
1390 1209 1436 1250 et
1457 1206 1688 1251 insulsum.

195 1277 318 1320 Audi
345 1292 436 1320 non
463 1291 534 1319 me
565 1276 643 1319 sed
667 1277 933 1334 prophetam
966 1277 1188 1320 dicentem
1214 1277 1269 1320 de
1293 1277 1484 1320 talibus:
1516 1277 1687 1321 Narra-

195 1350 362 1390 uerunt
401 1346 537 1390 michi
579 1346 724 1404 iniqui
764 1346 1065 1390 fabulationes
1112 1347 1191 1391 sed
1236 1362 1328 1391 non
1374 1350 1428 1390 ut
1471 1347 1546 1391 lex
1592 1351 1686 1392 tua.
1708 1361 1751 1397 15

197 1417 341 1474 Loqui
362 1432 468 1475 ergo
488 1432 598 1460 uera
624 1420 671 1460 et
694 1417 815 1460 iusta
846 1418 1269 1475 philosophantibus
1300 1419 1346 1461 et
1375 1433 1467 1461 non
1493 1417 1687 1476 philoso-

197 1488 443 1545 phantibus
463 1502 696 1531 commune
725 1490 805 1531 est.
867 1488 986 1530 Vera
1013 1490 1059 1531 et
1087 1487 1204 1531 falsa
1233 1488 1367 1546 loqui,
1388 1488 1506 1531 bona
1532 1488 1689 1533 docere

197 1561 244 1602 et
263 1558 382 1601 mala
402 1573 492 1601 non
517 1558 930 1615 philosophantium
961 1561 1041 1603 est.
1102 1558 1192 1602 Sed
1223 1562 1269 1602 et
1297 1561 1419 1602 recta
1447 1558 1689 1604 dumtaxat

197 1629 426 1672 interdum
458 1628 586 1671 docet
621 1642 766 1671 uanus
798 1628 1053 1686 philosophi
1089 1628 1293 1672 imitator
1305 1643 1315 1682 3
1345 1629 1423 1672 sed
1455 1629 1533 1687 qui
1565 1632 1688 1674 recta

198 1714 312 1757 quae
342 1699 471 1743 docet
500 1699 715 1756 sequitur,
745 1714 851 1742 uere
881 1699 1173 1757 philosophus
1203 1701 1284 1744 est.
1707 1712 1751 1736 20

45 1835 135 1875 662
154 1845 185 1876 a
202 1836 310 1895 Cap.
334 1850 400 1882 12.
443 1837 508 1881 De
550 1835 741 1893 ineptiis
780 1842 1067 1894 nuyatorum
1101 1838 1187 1896 qui
1229 1838 1508 1895 sapientiam
1546 1837 1690 1883 uerba

314 1911 491 1964 putant
503 1923 523 1958 ,·
556 1911 596 1951 et
616 1906 737 1964 quod
757 1908 892 1952 aliter
908 1909 1085 1966 Zeqewwli
1104 1913 1213 1953 sunt
1229 1908 1342 1953 libri
1360 1908 1538 1962 diuini,
1553 1909 1690 1954 aliter

314 1978 508 2035 yemiles.

258 2077 424 2120 Errant
450 2077 608 2134 utique
629 2080 674 2121 et
694 2077 981 2135 impudenter
1007 2081 1161 2122 errant
1186 2079 1263 2136 qui
1290 2078 1619 2137 philosophiam
1639 2079 1688 2122 in

200 2149 306 2192 solis
326 2148 477 2191 uerbis
498 2148 739 2191 consistere
755 2149 1000 2206 opinantur
1011 2163 1021 2202 ;
1055 2151 1208 2192 errant
1220 2149 1298 2207 qui
1313 2149 1533 2193 uirtutem
1547 2150 1688 2193 uerba
1707 2165 1750 2200 ²5

199 2220 365 2275 putant
395 2221 448 2261 ut
477 2218 628 2261 lucum
658 2218 793 2276 ligna.
854 2219 975 2262 Nam
1010 2219 1198 2262 uirtutis
1228 2220 1555 2263 commendatio
1585 2234 1690 2263 con-

200 2287 323 2331 sistit
356 2288 413 2331 ab
437 2302 580 2345 opere,
603 2290 649 2331 et
679 2289 948 2347 sapientiam
979 2289 1128 2333 uirtus
1165 2289 1525 2347 inseparabiliter
1553 2290 1711 2334 comi-.

199 2362 338 2404 tatur,
396 2359 526 2402 Vnde
554 2362 730 2403 constat
754 2360 861 2417 quia
887 2360 966 2411 illi,
988 2360 1065 2417 qui
1093 2359 1244 2403 uerbis
1270 2359 1491 2411 inherent,
1514 2360 1692 2404 malunt
1724 2366 1726 2369 '

199 2429 346 2483 uideri
386 2444 520 2486 quam
562 2444 656 2472 esse
696 2430 932 2487 sapientes.
994 2430 1171 2473 Plateas
1211 2429 1499 2482 circumeunt,
1535 2433 1691 2474 terunt

203 2551 218 2577 1
248 2540 565 2588 phylosophando
584 2541 625 2576 M
735 2551 756 2577 2
782 2540 1103 2587 phylosophantis
1121 2540 1162 2576 M
1274 2550 1303 2596 3·
1321 2540 1691 2624 ffliylosophantium

201 2588 242 2624 M
391 2601 436 2625 lo
459 2587 735 2636 phylosophiae
753 2589 793 2624 M
935 2600 976 2635 13
1003 2588 1306 2636 phylosophanti
1499 2590 1541 2626 16
1559 2589 1692 2636 phylo·

199 2636 455 2684 sophantibus
469 2637 509 2672 M
611 2647 663 2682 17,
682 2639 725 2673 18
737 2639 777 2674 et
795 2636 898 2673 mala
914 2637 1051 2674 docere
1066 2636 1106 2672 M
1207 2639 1249 2673 18
1262 2636 1631 2684 phylosophantium
1648 2637 1690 2674 M

200 2684 1039 2779 iffni’lfflosophi4Mphyloso²13³hsslixili³f⁰phus
1056 2685 1104 2779 ἒξ
1129 2695 1348 2770 circuei13ni⁰
1345 2697 1388 2769 2⁸
1389 2690 1402 2721 ι
1418 2684 1585 2732 gentiles
1602 2688 1689 2723 add·

253 2837 295 2862 12
320 2828 380 2862 ira
398 2828 470 2863 Dei
486 2829 588 2864 etc.:
615 2839 647 2862 v.
668 2826 774 2863 Rom.
793 2826 819 2863 i.
842 2828 893 2863 18.
1080 2836 1133 2871 14,
1156 2835 1196 2873 15
1224 2828 1486 2863 Narrauerunt
1502 2829 1600 2864 etc.:
1627 2826 1686 2864 Pu.

201 2874 330 2911 cxviii.
356 2876 413 2921 85.
572 2883 614 2921 25
642 2877 819 2910 uirtutem
842 2877 937 2911 eta:
964 2886 998 2910 v.
1016 2874 1107 2911 Hor.
1133 2876 1206 2922 Ep.
1230 2874 1256 2912 i.
1281 2876 1316 2912 6.
1342 2885 1399 2921 31,
1427 2885 1485 2921 32.
1641 2885 1689 2922 29

201 2927 324 2959 terunt
340 2924 436 2959 etc.:
462 2934 495 2959 v.
512 2922 680 2960 Martial.
697 2924 828 2969 Epiqr.
848 2933 884 2960 x.
907 2932 961 2959 10.
979 2932 1012 2958 2.

315 2995 378 3036 136
