1846 3262
90 189 168 238 614
187 186 218 228 d
567 182 835 229 IOANNIS
875 179 1403 227 SARESBERIENSIS
1547 176 1660 241 [m.
1675 165 1734 224 π’

294 308 461 353 Volens
479 323 673 366 namque
694 307 817 355 Deus
836 306 986 364 gentis
1009 303 1398 363 praeuaricatricis
1420 293 1582 362 punire
1600 302 1730 346 mali·

235 380 348 424 tiam
387 382 522 438 rupto
563 378 713 422 federe
754 376 874 435 quod
914 376 1168 419 iuramento
1208 389 1443 433 procerum
1483 388 1585 418 cum
1633 372 1731 416 filia

234 450 375 494 leonis
395 450 595 493 iustitiae
616 449 846 492 firmatum
868 446 1033 498 fuerat,
1048 460 1270 489 nouorum
1286 444 1493 504 permisit
1507 443 1729 488 sullimari

234 521 438 566 fauorem
458 524 504 564 et
524 520 572 564 in
592 534 731 577 regno
751 518 898 562 alieno
919 531 1107 576 regnare
1128 516 1355 560 hominem
1376 517 1731 573 contemptorem

234 591 340 635 boni
361 594 407 635 et
426 590 569 649 aequi,
585 590 712 634 cuius
735 589 971 633 consilium
988 587 1268 631 infatuatum
1286 589 1356 630 est
1374 586 1432 629 ab
1445 585 1589 638 initio,
1601 585 1730 630 cuius
1747 604 1768 640 5

233 677 367 707 causa
406 662 454 705 in
494 661 735 719 iniquitate
770 663 816 704 et
850 659 1039 718 perfidia
1079 658 1274 702 fundata
1313 660 1393 710 est,
1425 656 1730 715 negligentem

234 732 493 791 disciplinae
528 735 582 776 ut
613 746 665 775 eo
697 746 789 774 non
823 733 924 774 tam
955 731 1174 788 regnante
1204 743 1340 786 quam
1369 727 1654 772 concutiente
1683 728 1732 771 et

97 808 170 855 615
188 816 218 846 a
234 804 471 848 collidente
514 803 684 848 clerum
724 805 770 846 et
812 801 1031 860 populum
1075 802 1429 858 prouocarentur
1472 813 1627 842 omnes
1670 797 1730 842 ad

235 875 408 928 omnia3
453 889 663 918 mensura
697 887 891 930 namque
926 871 1039 915 iuris
1078 871 1149 914 uis
1190 873 1298 914 erat.
1359 869 1588 914 Inuadens
1622 883 1731 929 ergo

235 961 423 1005 regnum
459 944 754 990 exheredauit
785 942 977 987 exclusit
1011 942 1255 993 dominum,
1286 955 1369 1000 pro
1410 956 1499 999 quo
1534 940 1729 999 quidem,
1749 960 1793 986 1ο

235 1017 273 1061 si
320 1017 431 1060 fides
477 1018 594 1060 esset
632 1015 681 1058 in
721 1014 912 1065 homine,
954 1016 1000 1057 et
1038 1013 1319 1056 decessorum
1359 1012 1534 1056 meritis
1580 1014 1628 1056 et
1671 1026 1730 1056 ex

234 1087 499 1131 necessitate
511 1085 752 1129 iuramenti
768 1084 855 1128 sibi
868 1083 1019 1127 fuerat
1030 1083 1322 1126 moriendum.
1353 1082 1537 1126 Vicinas
1552 1082 1732 1127 studuit

235 1171 518 1215 corrumpere
538 1156 755 1208 nationes,
776 1170 878 1199 cum
898 1153 1177 1212 principibus
1192 1153 1481 1197 matrimonia
1500 1153 1731 1198 contraxit

236 1231 284 1271 et
322 1227 554 1277 amicitias,
594 1241 650 1270 ne
692 1241 781 1283 quo
821 1225 906 1269 Dei
945 1224 1159 1268 beneficio
1198 1223 1428 1282 paruulus,
1463 1223 1541 1282 qui
1580 1223 1729 1269 adhuc

237 1297 450 1355 uagiebat
469 1296 517 1339 in
537 1296 674 1347 cunis,
695 1295 753 1338 ad
773 1295 1036 1353 petitionem
1053 1293 1317 1337 hereditatis
1336 1297 1487 1351 posset
1506 1294 1726 1339 accedere.
1748 1317 1790 1353 ¹⁵

238 1366 438 1409 Plurima
468 1366 648 1424 quidem
675 1366 890 1409 aduersus
915 1364 1218 1409 innocentiam
1244 1364 1622 1408 machinabantur
1649 1364 1729 1409 sed

237 1436 286 1479 in
313 1436 520 1479 omnibus
549 1436 620 1479 his
647 1436 839 1480 mentita
859 1437 928 1479 est
954 1434 1171 1492 iniquitas
1195 1434 1294 1480 sibi.
1354 1434 1507 1493 quue
1527 1435 1730 1480 innotuit

238 1506 346 1564 quia
365 1507 487 1550 Deus
507 1522 648 1550 uerax
668 1510 749 1560 est,
770 1506 889 1564 quod
913 1505 1059 1557 fidem,
1079 1520 1215 1563 quam
1241 1505 1338 1549 Deo
1358 1520 1439 1552 suo
1459 1505 1728 1564 dominoque

238 1579 417 1620 terreno
436 1592 527 1621 non
546 1577 758 1628 seruauit,
779 1592 877 1620 eam
897 1590 1181 1633 nequaquam
1203 1575 1402 1634 repperit
1421 1575 1470 1619 in
1490 1576 1727 1632 subiectis3

240 1647 394 1691 eadem
414 1662 606 1706 namque
626 1662 836 1691 mensura
856 1661 1109 1690 remensum
1125 1649 1193 1690 est
1208 1646 1249 1690 ei
1266 1661 1355 1705 qua
1370 1646 1465 1705 ipse
1481 1647 1582 1691 aliis
1597 1662 1723 1706 prae·
1744 1670 1790 1696 20

193 1723 223 1762 b
240 1732 419 1761 mensus
439 1717 612 1770 fuerat;
642 1732 693 1761 ac
713 1717 751 1761 si
772 1732 925 1761 omnes
946 1716 1067 1775 apud
1089 1716 1286 1760 Ennium
1307 1716 1591 1762 didicissent:

240 1809 261 1846 3
281 1798 477 1836 sublimari
489 1799 548 1836 AS
625 1809 667 1846 17
684 1797 761 1844 his]
774 1797 822 1835 iis
835 1797 860 1835 S
928 1808 972 1845 19
989 1797 1032 1834 in
1045 1796 1229 1834 subiectis
1243 1797 1416 1846 repperit
1431 1798 1479 1835 A¹
1543 1799 1670 1836 zoalii
1684 1799 1726 1837 M

287 1879 308 1905 2
334 1871 539 1924 iuramergto
557 1881 750 1917 procerum
779 1869 876 1905 ete:
907 1867 964 1922 De
988 1868 1062 1906 hoc
1087 1868 1286 1906 fidelitatis
1312 1881 1404 1916 erga
1429 1868 1633 1908 Matildem
1658 1871 1727 1908 im-

237 1916 1357 2018 ξέἷέῗΐέιῒῑέἓΐῖῗξῗέἕὶὲιἷῖοῖὲἐθξεῖηῗζίξῗὲἐῖᾞίιὲἓὲ
1380 1920 1726 2005 {33225332225‘3

238 2023 320 2060 lpse
345 2012 388 2049 in
412 2014 508 2051 Hist.
533 2014 698 2058 Pontfflc.
724 2024 756 2049 c.
780 2022 823 2058 41
853 2012 977 2059 (Pertz
993 2014 1045 2049 M.
1067 2015 1109 2049 G.
1126 2014 1186 2057 H„
1205 2015 1280 2057 SS.‚
1299 2025 1359 2050 xx.
1379 2026 1416 2061 p.
1459 2025 1505 2060 43
1522 2019 1646 2062 seq.);
1676 2017 1727 2054 cf.

243 2062 411 2098 Chronic.
434 2062 571 2097 Samon.
597 2061 655 2097 ed.
678 2060 875 2097 Plummer
899 2059 925 2098 i.
947 2073 986 2108 p.
1004 2062 1096 2108 2563
1126 2061 1243 2099 Henr.
1267 2023 1465 2100 Huntend.
1483 2062 1551 2099 viii
1586 2063 1592 2070 '
1622 2074 1637 2101 ι
1666 2064 1726 2102 ed.

238 2107 386 2163 arnold
402 2120 439 2156 p.
453 2110 544 2156 2563
570 2108 674 2145 Will.
687 2107 994 2146 Malmesbflist.
1009 2111 1146 2146 Novell.
1161 2109 1203 2157 ἐξ
1219 2119 1301 2157 451,
1317 2119 1397 2157 452,
1412 2120 1480 2158 455
1496 2111 1568 2157 (ed.
1609 2112 1726 2150 tubbs

238 2168 280 2193 11.
294 2168 360 2203 pp.
377 2158 490 2204 528-5
497 2167 555 2203 30,
569 2160 668 2203 534).
755 2167 788 2202 2,
801 2167 822 2202 3
830 2158 921 2199 filia
935 2158 1048 2193 leonis
1059 2159 1237 2194 iustitiae:
1255 2157 1320 2196 i.e.
1332 2158 1506 2195 Matildis
1520 2159 1679 2198 Henrici
1693 2160 1723 2199 1.

238 2204 328 2247 filia,
360 2216 458 2252 quae
491 2203 658 2259 primum
691 2204 859 2242 Henrico
885 2204 920 2241 V
946 2204 1186 2252 imperatori,
1213 2208 1349 2254 postea
1382 2205 1557 2244 Galfrido
1590 2208 1726 2246 comiti

237 2252 502 2300 Andegavensi
518 2252 663 2300 nupsit.
770 2262 793 2297 4
816 2254 997 2288 hominem
1009 2259 1280 2299 contemptorem
1291 2256 1397 2292 boni:
1420 2267 1470 2292 sc.
1485 2254 1725 2302 Stephanum

238 2312 379 2348 regem,
407 2300 447 2336 in
473 2312 587 2348 quem
611 2299 794 2337 acerrime
819 2299 1015 2338 invehitur
1039 2301 1202 2340 Ioannes
1226 2305 1357 2340 noster
1379 2303 1525 2341 Enthet.
1550 2316 1607 2341 vv.
1634 2315 1721 2360 1301

243 2349 329 2403 (993
342 2350 384 2395 B)
407 2361 509 2396 seqq.
668 2360 714 2385 10
737 2350 946 2385 dominum:
975 2360 1024 2386 sc.
1043 2349 1254 2386 Henricum
1280 2350 1453 2388 Matildis
1468 2351 1725 2399 imperatricis

239 2396 374 2440 filium,
399 2399 536 2444 postea
556 2396 764 2433 Henricum
786 2396 823 2432 II
851 2408 992 2442 regem.
1164 2409 1206 2435 12
1232 2399 1456 2436 iuramenti:
1485 2399 1724 2448 Stephanum

239 2456 273 2498 a.
292 2455 382 2490 1134
397 2446 547 2481 Matildi
556 2446 781 2491 imperatrici
793 2450 825 2480 et
836 2446 996 2481 Henrico
1002 2446 1089 2490 filio
1104 2447 1183 2482 eius
1194 2448 1316 2484 adhuc
1326 2449 1480 2484 minimo
1494 2448 1724 2487 fidelitatem

239 2492 418 2530 iuravisse
435 2492 571 2529 asserit
585 2492 756 2539 Rogerus
772 2492 818 2528 de
838 2492 1027 2537 Hoveden‚
1045 2493 1103 2530 ed.
1122 2493 1261 2531 Stubbs
1277 2494 1304 2530 i.
1323 2507 1360 2542 p.
1385 2496 1450 2541 187
1466 2509 1475 2539 ;
1501 2497 1567 2533 sed
1584 2497 1631 2534 de
1650 2498 1723 2536 hac

241 2551 281 2577 re
305 2542 434 2578 tacent
458 2540 661 2588 scriptores
684 2540 904 2586 coaetanei3
934 2553 968 2577 v.
986 2540 1123 2578 Round
1143 2543 1307 2598 Geoffrey
1322 2545 1367 2580 de
1381 2545 1603 2580 Mandaville
1619 2557 1657 2592 p.
1676 2556 1719 2592 31

240 2599 278 2624 n.
309 2599 354 2631 2;
389 2599 510 2635 neque
534 2588 713 2635 prohibet
763 2588 944 2635 uidquam
970 2589 1171 2635 quominus
1199 2591 1249 2627 ad
1278 2594 1536 2629 luramentum
1566 2592 1723 2631 Matildi

238 2646 273 2672 a.
302 2646 402 2680 1127,
429 2636 601 2675 nondum
625 2638 715 2673 nato
780 2636 920 2682 enrico,
946 2637 1171 2684 praestitum
1203 2639 1392 2685 respicere
1427 2639 1582 2677 Ioannis
1606 2642 1723 2679 verba

238 2683 444 2721 credamus.
620 2695 661 2731 13
687 2687 946 2721 matrimonia:
972 2685 1213 2734 Euanthius,
1231 2686 1419 2735 Stephani
1440 2688 1552 2733 filius,
1571 2701 1606 2726 a.
1630 2700 1725 2737 1140

237 2742 395 2768 uxorem
420 2731 531 2769 duxit
555 2732 820 2769 Constantiam
843 2732 1023 2771 Ludovici
1048 2733 1102 2770 VI
1127 2734 1359 2772 Francorum
1389 2736 1491 2784 regis
1516 2737 1661 2782 filiam
1689 2750 1722 2776 v.

237 2778 354 2833 Eenr.
383 2780 577 2817 Huntend.
606 2780 684 2817 viii.
714 2780 732 2828 ξ
765 2791 808 2818 10
835 2780 907 2822 (ed.
930 2780 1077 2818 Amold
1093 2794 1130 2829 p.
1151 2785 1262 2830 265);
1289 2783 1395 2820 Will.
1421 2785 1468 2822 de
1493 2785 1722 2834 Novoburgo

235 2838 260 2863 1.
283 2836 321 2863 11
343 2827 415 2875 (ed.
435 2827 606 2866 Howlett
619 2840 656 2875 p.
675 2828 752 2875 44).
927 2838 967 2873 17
994 2832 1145 2867 mentita
1161 2837 1212 2868 est
1227 2833 1410 2880 iniquitas
1421 2834 1514 2870 sibi:
1541 2833 1602 2871 Pe.
1619 2834 1720 2873 xxvi.

239 2884 296 2913 12.
441 2886 488 2912 20
511 2878 634 2913 eadem
651 2878 749 2914 eta:
774 2888 808 2913 v.
824 2875 939 2914 Matt.
955 2875 1018 2914 vii.
1034 2887 1068 2915 2.
