1846 3262
104 210 181 250 621
199 207 230 250 d
578 205 842 252 IOANNIS
883 202 1404 250 SARESBERIENSIS
1556 203 1668 261 [ΜΒ.
1683 212 1736 247 vl

245 330 445 374 omnium
494 331 676 388 captata
722 328 948 379 sedulitas,
988 327 1170 371 fabulae
1218 329 1470 384 sequuntur
1515 324 1735 376 conuiuia,

246 400 443 444 uenandi
456 400 804 457 multiplicisque
817 398 1024 442 luxuriae
1037 397 1200 441 leuitas
1212 397 1464 441 comitatur.
1504 395 1735 441 Incestum

244 471 429 528 pariunt
453 471 572 522 haec,
596 469 852 513 incendium
879 468 1198 512 desolationem
1223 467 1392 511 ciuium
1419 470 1466 510 et
1492 469 1735 524 perpetuae

244 541 507 584 hostilitatis
537 542 783 598 prorogant
812 553 981 583 causas.
1043 538 1132 582 Hic
1160 537 1264 581 finis
1290 536 1475 581 feminei
1495 539 1541 580 et
1568 535 1733 580 effemi-

243 610 341 653 nati
388 610 514 669 regni
562 609 693 667 quod,
733 609 837 653 licet
884 608 1071 652 uirtutis
1117 608 1329 651 habuerit
1374 606 1733 659 fundamentum,
1752 622 1773 659 5

243 681 580 724 succedentibus
605 679 829 738 prosperis
855 679 1039 722 minime
1066 678 1217 736 potuit
1243 678 1446 721 inuenire
1466 692 1734 735 processum.

96 752 178 790 622
198 761 227 789 a
245 750 426 794 Leuiter
459 750 680 794 admissus
716 752 784 793 est
824 749 914 807 qui,
950 749 1158 806 quamuis
1193 763 1250 792 ex
1284 748 1468 806 pietatis
1503 747 1646 791 officio
1680 751 1734 792 ut

242 821 402 878 hospes
431 835 522 864 non
552 820 704 864 fuerat
731 819 1047 872 excludendus,
1074 819 1371 876 opportunius
1400 821 1553 862 tamen
1582 817 1734 863 fuerat

243 906 344 935 eum
365 893 418 934 ut
438 890 671 943 aduenam,
692 905 783 934 non
804 890 933 948 quasi
953 889 1146 933 iudicem
1166 889 1366 933 introire.

263 1016 369 1076 Cap.
395 1031 418 1062 2
422 1032 462 1076 3.
493 1018 748 1062 Leuitatem
768 1017 887 1062 sicut
901 1016 1128 1086 *loquendi
1147 1017 1219 1060 ita
1239 1020 1279 1061 et
1298 1015 1531 1060 audiendi
1549 1015 1709 1062 uitau-
1750 1028 1794 1055 10

419 1089 532 1133 olam
543 1107 563 1139 ;
594 1093 634 1132 et
654 1089 775 1145 quod
783 1087 905 1145 finis
923 1087 1183 1144 uoluptatis
1201 1086 1465 1144 penitentia
1484 1089 1556 1131 est.

303 1181 478 1232 Omnia,
518 1181 678 1238 inquit,
718 1180 791 1225 fac
830 1195 932 1224 cum
971 1179 1155 1223 consilio
1195 1182 1241 1223 et
1279 1182 1382 1237 post
1424 1179 1597 1223 factum
1640 1194 1732 1223 non

243 1251 475 1308 penitebis.
537 1251 788 1302 Praeterea,
818 1250 936 1294 sicut
965 1250 1213 1308 principem
1249 1249 1369 1293 leuia
1403 1249 1605 1307 proferre
1639 1265 1732 1293 non

245 1320 382 1371 decet,
402 1320 464 1364 sic
491 1335 572 1364 nec
599 1319 776 1364 facilem
804 1320 986 1378 quidem
1012 1334 1107 1363 esse
1132 1319 1190 1362 ad
1209 1319 1329 1363 leuia
1355 1320 1588 1364 audienda.
1649 1320 1730 1364 Ait

244 1390 362 1433 enim
385 1390 640 1448 Sapientia:
673 1391 882 1448 Princeps
898 1391 975 1448 qui
996 1390 1189 1433 libenter
1208 1390 1336 1433 audit
1356 1390 1495 1433 uerba
1510 1390 1728 1435 mendacii
1750 1403 1790 1439 ¹5

242 1475 395 1504 omnes
434 1460 663 1504 ministros
702 1461 840 1504 habet
877 1460 1051 1518 impios.
1133 1459 1248 1505 Cum
1290 1459 1644 1504 fabulationibus
1684 1463 1730 1505 et

241 1530 462 1574 conuiuiis
490 1545 536 1573 se
560 1531 669 1574 totis
698 1531 872 1574 uiribus
899 1530 1119 1574 immiscet
1139 1530 1304 1583 Venus,
1324 1530 1451 1574 cuius
1476 1531 1554 1588 qui
1583 1531 1730 1589 prima

243 1600 431 1644 missilia
449 1600 641 1644 libenter
660 1601 874 1653 admittit,
895 1601 1005 1658 quin
1024 1600 1345 1658 posterioribus
1364 1601 1550 1659 grauius
1572 1601 1729 1646 uulne-

197 1675 226 1714 b
244 1674 370 1715 retur
388 1671 470 1714 uix
490 1670 655 1715 euadit.

361 1755 496 1799 Visus
526 1758 571 1799 et
601 1755 858 1812 alloquium,
887 1758 1119 1799 contactus
1148 1757 1195 1799 et
1223 1755 1384 1807 oscula,
1414 1755 1599 1809 factum,
1668 1747 1671 1751 ⁴
1747 1773 1791 1798 πο

242 1840 359 1884 sicut
399 1854 445 1883 se
484 1839 757 1897 praecedunt
791 1840 957 1892 ordine,
993 1840 1060 1884 ita
1094 1843 1140 1884 et
1175 1855 1232 1883 ex
1265 1840 1530 1884 necessitate
1564 1840 1728 1886 doloris

243 1909 447 1953 inferunt
466 1911 658 1967 partum.
719 1910 978 1968 Voluptatis
1005 1909 1224 1967 siquidem
1251 1910 1355 1953 finis
1378 1910 1628 1968 penitentia
1649 1915 1728 1956 est.

245 1979 294 2023 Si
325 1979 461 2023 michi
491 1994 582 2022 non
609 1979 764 2032 credis,
784 1980 858 2024 uel
885 1979 1146 2024 Demosteni
1167 1979 1308 2031 crede,
1329 1980 1406 2038 qui
1427 1981 1538 2024 satis
1558 1981 1728 2027 urbane

243 2103 265 2139 8
292 2101 520 2150 oportunius
536 2100 638 2138 ASM

290 2223 313 2259 9
337 2219 380 2250 ut
396 2216 591 2259 aduenam,
609 2225 683 2250 non
700 2213 807 2259 quasi
824 2212 1002 2247 iudicem:
1027 2222 1061 2247 v.
1079 2208 1172 2248 Gen.
1190 2210 1267 2247 xix.
1287 2219 1324 2256 9.
1523 2221 1567 2248 12
1595 2213 1729 2250 Omnia

243 2263 337 2299 etc.:
363 2274 395 2298 v.
415 2261 523 2298 Eccli
538 2260 656 2298 xxxii.
676 2271 733 2306 24.
783 2260 857 2296 Pro
878 2261 1009 2296 Omnia
1017 2261 1086 2305 fac
1102 2271 1183 2295 cum
1200 2260 1349 2295 consilio
1366 2257 1485 2296 habet
1499 2258 1614 2307 Vulg.
1640 2262 1728 2299 Sine

243 2311 392 2346 consilio
409 2311 508 2346 nihil
513 2312 663 2356 facia3;
689 2307 908 2344 Ambrosius
923 2309 1056 2344 tamen
1072 2309 1114 2343 in
1130 2308 1191 2343 1³⁸.
1205 2309 1321 2342 xxxvi
1329 2307 1469 2344 Enarr.
1487 2306 1565 2354 §66
1580 2307 1729 2357 (Migne

242 2359 284 2394 P.
304 2360 348 2395 L.
366 2357 440 2394 xiv.
460 2358 566 2405 1001)
585 2357 638 2394 sic
655 2357 817 2394 eundem
835 2355 962 2392 locum
979 2355 1099 2392 citat:
1122 2356 1175 2391 Et
1191 2360 1232 2391 tu
1248 2367 1330 2391 cum
1345 2357 1495 2391 consilio
1511 2358 1635 2392 omnia
1645 2360 1728 2404 sac.

246 2415 286 2452 15
314 2408 492 2452 Princeps
507 2407 601 2443 etc.:
629 2405 736 2442 Prov.
754 2403 855 2440 xxix.
878 2414 932 2440 12.
1056 2413 1103 2439 20
1132 2404 1241 2439 Visus
1256 2405 1352 2440 etc.:
1379 2415 1412 2439 v.
1433 2402 1572 2440 Donat.
1593 2406 1727 2444 Comm.

241 2456 291 2490 ad
307 2455 386 2490 Ter.
402 2455 502 2490 Eun.
519 2455 565 2490 iv.
584 2463 617 2490 2.
640 2462 683 2490 12
705 2455 863 2500 quinque
887 2453 1005 2489 lineae
1023 2453 1207 2498 perfectae
1225 2457 1311 2487 sunt
1335 2453 1383 2487 ad
1399 2463 1580 2488 amorem:
1600 2456 1728 2499 prima

244 2505 354 2545 uisus,
382 2504 539 2539 secunda
563 2503 727 2549 alloquii,
752 2502 862 2536 tertia
885 2505 1013 2544 tactus,
1038 2505 1171 2543 quarm
1196 2501 1317 2542 osculi,
1346 2501 1476 2537 quinta
1500 2501 1637 2547 coitum
1674 2503 1726 2539 cf.

243 2551 357 2587 schol.
378 2551 516 2586 Terent.
535 2550 592 2587 ed.
611 2549 746 2586 Schlee
763 2561 802 2595 p.
823 2549 910 2591 106;
936 2547 1121 2594 Porphyr.
1139 2548 1255 2584 Schol.
1275 2548 1316 2582 in
1338 2548 1429 2582 Hor.
1451 2549 1515 2583 Od.
1533 2547 1559 2583 i.
1583 2559 1636 2594 13.
1659 2559 1699 2596 15
1716 2563 1726 2594 ;

242 2597 335 2642 lude
361 2598 546 2635 conflatus
570 2600 627 2635 est
648 2596 856 2635 versiculus
877 2595 962 2641 iste,
983 2607 1096 2642 quem
1118 2595 1162 2631 in
1186 2594 1321 2642 glossis
1345 2594 1515 2641 antiquis
1538 2595 1587 2632 ad
1612 2597 1728 2636 verba

243 2645 329 2692 Dig.
344 2645 465 2682 xlviii.
492 2655 524 2693 5.
547 2656 592 2691 23
618 2647 660 2682 in
685 2647 777 2691 ipsis
800 2646 907 2681 rebus
936 2645 1085 2680 Veneris
1109 2643 1293 2690 legimus:
1325 2645 1433 2679 Visus
1457 2649 1490 2679 et
1512 2646 1587 2681 allo
1610 2647 1725 2690 utum,

243 2699 370 2738 tactus,
389 2699 474 2740 post
501 2696 634 2738 oscula,
644 2695 793 2740 factum
822 2692 892 2739 (sic
918 2692 967 2728 ad.
988 2691 1074 2739 Dig.
1096 2691 1167 2728 loc.
1192 2690 1257 2728 cit.
1283 2691 1340 2728 ed.
1366 2690 1485 2727 Paris.
1509 2693 1599 2737 1676
1619 2720 1627 2729 .
1679 2694 1727 2731 In

242 2753 338 2778 saec.
356 2741 453 2777 xvii0
476 2741 701 2789 opusculum
718 2741 766 2777 ab
784 2740 949 2777 Henrico
970 2739 1218 2776 Kornmanno
1243 2739 1429 2786 scriptum
1452 2741 1509 2776 est
1525 2742 1565 2777 et
1580 2752 1614 2777 a.
1634 2743 1727 2779 1610

240 2789 482 2826 Francofurti
498 2790 656 2835 editum,
675 2789 738 2826 cui
755 2788 893 2826 titulus
911 2790 969 2825 est
986 2789 1107 2824 Linea
1122 2790 1270 2823 Amoris
1285 2789 1357 2823 sive
1378 2788 1669 2826 Commentarius
1683 2791 1727 2827 in

239 2840 454 2874 versiculum
468 2840 516 2883 ql.
533 2841 542 2856 ‘
558 2840 664 2874 Vis-us
688 2839 904 2884 colloquium
928 2838 1108 2874 convictus
1131 2837 1254 2873 oscula
1268 2837 1416 2882 sactum
1429 2835 1438 2851 ’
1458 2838 1496 2872 in
1513 2838 1536 2873 l.
1555 2846 1600 2883 23
1609 2839 1656 2883 ff.
1676 2840 1726 2876 ad

239 2887 282 2923 L.
299 2887 441 2922 Iuliam
457 2888 500 2922 de
516 2887 719 2923 adulteriis.

348 2955 396 3002 ⁶4
