1846 3262
73 220 158 271 798
179 230 205 261 c
551 217 815 264 IOANNIS
856 218 1377 264 SARESBERIENSIS
1485 220 1595 277 [ΜΒ.
1609 232 1703 265 VI11

223 341 411 399 agnouit
430 343 476 383 et
495 339 751 383 huiusmodi
772 339 1117 383 consolationem
1137 341 1332 398 accepit:
1362 341 1542 394 Vocate‚
1556 341 1707 399 inquit

176 410 312 462 dina,
343 410 481 455 michi
521 410 806 463 Mercurium,
842 413 888 453 et
927 409 1072 453 abibit
1106 410 1356 454 interficere
1388 410 1617 454 Iulianum
1656 412 1705 454 in

223 481 389 524 Filium
418 495 567 524 meum
598 483 644 523 et
677 480 822 524 Deum
853 480 1025 523 tumide
1054 480 1451 537 blasphemantem.
1513 481 1706 526 Sanctus

222 553 386 602 autem,
426 564 527 593 cum
567 553 799 593 armatura
839 564 921 593 sua
964 550 1219 600 adueniens,
1255 550 1469 594 uelociter
1507 552 1621 594 abiit
1660 555 1707 595 et

222 620 445 663 aduocans
494 634 607 677 quae
658 623 930 678 apparuerat
974 635 1189 678 magnum
1229 621 1458 672 Basilium,
1499 621 1625 665 dedit
1664 621 1705 664 ei
1725 639 1744 675 ⁵

221 690 387 733 librum
437 690 676 733 habentem
726 691 774 733 in
817 690 1007 734 historia
1049 706 1226 734 omnem
1272 691 1429 734 mundi
1482 691 1706 735 facturam

221 760 506 803 dextrorsum
526 775 634 803 uero
655 761 880 804 hominem
900 775 928 804 a
948 761 1044 804 Deo
1064 761 1347 818 plasmatum.
1408 761 1464 804 In
1487 755 1707 819 principio

220 833 373 873 autem
401 830 505 873 libri
537 831 854 888 superscriptio
884 833 1004 875 erat:
1035 831 1130 875 Dic.
1192 831 1247 874 In
1278 832 1378 882 fine,
1406 831 1585 875 homine
1615 831 1706 874 iam

221 901 467 958 plasmato:
499 900 645 944 Parce.
705 900 961 958 Suscipiens
987 901 1140 959 itaque
1167 901 1333 945 librum
1360 901 1471 960 legit
1497 901 1554 944 ab
1573 901 1707 945 initio

221 985 363 1028 usque
396 970 455 1013 ad
496 970 643 1014 Parce.
720 970 921 1014 Similem
952 986 1128 1029 quoque
1156 972 1375 1015 uisionem
1404 969 1523 1015 uidit
1551 971 1705 1015 eadem
1726 993 1770 1019 ιο

223 1043 352 1083 nocte
383 1042 593 1097 quaestor
622 1040 789 1084 Iuliani
819 1040 867 1083 in
898 1041 1181 1098 expeditione
1217 1041 1443 1085 Libanius.
1514 1041 1708 1085 Rediens

224 1110 418 1154 Basilius
445 1110 503 1153 ad
530 1110 783 1153 martirium
809 1111 952 1154 sancti
980 1111 1192 1155 Mercurii
1219 1114 1348 1155 nocte
1375 1111 1474 1169 ipsa
1497 1111 1707 1155 Mercurii

223 1195 349 1223 arma
388 1195 479 1223 non
519 1180 728 1237 repperit,
768 1181 846 1224 sed
890 1181 963 1224 die
997 1181 1201 1239 sequenti
1241 1181 1417 1225 inuenit
1457 1182 1611 1225 eadem
1660 1184 1708 1226 et

222 1250 423 1293 lanceam
454 1250 621 1293 recenti
652 1250 870 1308 sanguine
899 1254 1193 1296 cruentatam.
1254 1252 1439 1295 Orosius
1468 1255 1620 1295 tamen
1650 1251 1707 1295 de

225 1320 446 1363 Mercurio
473 1320 658 1364 martire
685 1336 776 1364 non
804 1321 915 1365 facit
941 1322 1225 1376 mentionem,
1247 1322 1325 1365 sed
1348 1322 1396 1364 in
1421 1321 1705 1380 expeditione
1727 1339 1767 1375 ¹⁵

65 1397 154 1436 799
175 1397 206 1426 a
224 1389 434 1434 Parthica
454 1390 686 1433 tirannum
706 1390 846 1434 refert
866 1391 988 1435 obuii
1009 1392 1167 1435 militis
1186 1392 1277 1435 telo
1297 1407 1391 1436 esse
1411 1394 1706 1450 peremptum.

223 1460 468 1518 Eutropius
508 1475 695 1517 quoque,
725 1461 802 1518 qui
834 1461 1081 1504 Romanam
1112 1462 1305 1520 eleganti
1340 1462 1600 1520 compendio
1630 1462 1704 1506 de-

222 1530 378 1574 scribit
399 1530 644 1582 historiam,
664 1534 945 1588 peremptum
966 1531 1138 1576 fatetur
1158 1532 1205 1575 in
1233 1533 1401 1584 castris,
1423 1533 1500 1576 sed
1527 1532 1704 1576 nullum

222 1600 437 1657 exprimit
485 1600 605 1644 cedis
654 1604 903 1654 auctorem3
962 1603 1314 1659 persecutionem
1363 1606 1528 1656 tamen,
1569 1617 1705 1660 quam

1798 821 1806 847 1

222 1669 377 1713 eodem
409 1673 591 1713 auctore
626 1670 675 1713 in
711 1669 991 1715 Christianos
1025 1687 1161 1729 supra
1195 1673 1377 1716 modum
1413 1673 1626 1727 exercuit,
1663 1673 1704 1716 ei
1726 1689 1768 1713 20

220 1743 398 1783 constat
429 1739 674 1797 plurimum
704 1741 917 1784 nocuisse.
988 1741 1052 1784 At
1085 1742 1289 1786 Historia
1320 1743 1568 1801 Tripartita
1604 1743 1705 1786 dili-

220 1810 401 1868 gentius
430 1810 714 1867 persequitur
743 1810 917 1868 flagitia
946 1811 1114 1855 Iuliani
1144 1815 1190 1856 et
1225 1817 1396 1870 quanta
1422 1813 1705 1857 immanitate

220 1883 480 1938 persecutus
515 1880 576 1923 sit
609 1879 853 1932 Christum,
885 1896 1017 1939 quem
1049 1882 1272 1926 Galileum
1304 1883 1576 1934 nominabat,
1606 1885 1704 1927 toto

220 1954 350 1994 sexto
400 1950 628 1993 uolumine
667 1951 1014 2008 comprehendit.
1096 1953 1167 1995 Ex
1207 1953 1370 2011 quibus
1418 1953 1476 1996 ad
1524 1953 1703 1996 laudem

221 2020 383 2064 Galilei
409 2020 626 2063 nonnulla
652 2020 819 2064 inserui
849 2022 1158 2080 compendiose
1178 2023 1387 2081 decerpta
1414 2023 1472 2067 ab
1499 2023 1570 2067 his
1590 2037 1704 2081 quae
1725 2037 1767 2072 ²5

220 2090 276 2133 de
303 2105 355 2133 eo
383 2091 587 2134 Socrates
608 2091 906 2135 Theodoritus
930 2095 976 2136 et
1003 2092 1274 2136 Sozomenus
1302 2096 1417 2137 teste
1441 2093 1705 2138 Cassiodoro

220 2159 516 2204 tradiderunt.
558 2159 763 2203 Iulianus
787 2176 904 2219 ergo,
921 2176 944 2204 e
965 2162 1088 2219 regio
1108 2163 1326 2220 sanguine
1346 2163 1562 2206 oriundus
1583 2165 1629 2206 et
1649 2177 1707 2206 ex

221 2229 488 2274 Constantio
516 2245 654 2288 nepos
687 2229 975 2275 Constantini
996 2232 1163 2290 Magni,
1184 2233 1262 2290 qui
1290 2233 1544 2276 Bisantium
1571 2248 1599 2276 a
1625 2247 1707 2276 suo

174 2306 203 2346 b
221 2299 400 2343 nomine
457 2299 893 2358 Constantinopolim
947 2302 1205 2359 appellauit,
1254 2303 1312 2346 ab
1365 2303 1497 2346 initio
1551 2303 1708 2346 extitit

224 2369 523 2421 Christianus,
544 2385 829 2428 crescensque
849 2371 898 2414 in
924 2372 1161 2415 auditoriis
1182 2372 1707 2430 Constantinopolitanae
1725 2386 1769 2419 30

221 2439 347 2483 urbis
380 2440 671 2483 exercebatur
702 2441 751 2483 in
787 2441 980 2494 basilica,
1015 2442 1094 2485 ubi
1134 2443 1335 2486 doctores
1375 2446 1516 2496 erant,
1547 2443 1707 2487 habitu

221 2510 404 2567 priuato
460 2510 713 2567 procedens.
794 2512 1079 2571 Pedagogum
1135 2513 1330 2557 habebat
1368 2513 1547 2556 nomine
1587 2513 1707 2556 Mar·-

221 2610 245 2645 6
268 2608 441 2654 hystoria
454 2609 494 2645 M
595 2619 636 2656 15
664 2611 832 2657 martyre
847 2610 881 2647 A
980 2612 1023 2647 16
1048 2610 1229 2658 particha
1245 2611 1279 2646 A
1377 2613 1418 2648 18
1439 2610 1648 2658 hystoriam
1665 2610 1707 2647 M

222 2656 330 2739 2719]
349 2656 395 2740 (ξε
414 2657 468 2693 CS
484 2671 492 2694 ε
518 2669 608 2705 ergo
625 2669 646 2695 e
663 2669 732 2695 om.
750 2659 783 2693 A
904 2659 949 2695 28
974 2658 1187 2696 bizantuim
1203 2659 1306 2695 ASM
1433 2669 1479 2706 29
1504 2661 1707 2696 constanc-

222 2715 271 2749 po
289 2716 343 2739 im

274 2801 317 2836 14
345 2793 493 2828 Orosius
512 2794 585 2830 etc.
604 2805 613 2832 ε
639 2805 672 2829 v.
691 2792 794 2830 Oros.
817 2792 883 2830 vii.
903 2804 950 2839 30
967 2792 985 2842 ξ
1003 2794 1036 2830 6.
1256 2804 1299 2840 17
1324 2796 1529 2850 Eufropius
1545 2796 1619 2832 etc.
1636 2805 1645 2831 :
1672 2807 1706 2833 v.

223 2836 380 2885 Eutrop.
400 2851 434 2874 x.
459 2841 501 2876 16
520 2839 562 2888 ἐξ
579 2851 612 2884 2,
634 2851 667 2886 3.
861 2851 905 2886 27
930 2843 1106 2879 Iulianus
1126 2843 1220 2880 etc.:
1246 2855 1279 2880 v.
1297 2841 1462 2880 Cassiod.
1485 2844 1582 2880 Hist.
1603 2844 1704 2891 Trip.

222 2885 268 2921 vi.
292 2897 306 2922 1
329 2887 475 2934 (Migne
492 2889 534 2926 P.
551 2890 593 2925 L.
614 2887 705 2926 lxix,
726 2899 815 2935 1027
834 2891 966 2937 seqq.).

332 2959 394 2999 382
