<?xml version="1.0" encoding="UTF-8"?>
<!DOCTYPE html PUBLIC "-//W3C//DTD XHTML 1.0 Transitional//EN"
    "http://www.w3.org/TR/xhtml1/DTD/xhtml1-transitional.dtd">
<html xmlns="http://www.w3.org/1999/xhtml" xml:lang="en" lang="en">
 <head>
  <title>
</title>
<meta http-equiv="Content-Type" content="text/html;charset=utf-8" />
  <meta name='ocr-system' content='tesseract 3.04.00' />
  <meta name='ocr-capabilities' content='ocr_page ocr_carea ocr_par ocr_line ocrx_word'/>
</head>
<body>
  <div class='ocr_page' id='page_1' title='image "./ioannissaresberi02johnuoft_0355.png"; bbox 0 0 1846 3262; ppageno 0'>
   <div class='ocr_carea' id='block_1_1' title="bbox 137 197 1756 261">
    <p class='ocr_par' dir='ltr' id='par_1_1' title="bbox 137 197 1756 261">
     <span class='ocr_line' id='line_1_1' title="bbox 137 197 1756 261; baseline -0.001 -17"><span class='ocrx_word' id='word_1_1' title='bbox 137 209 240 244; x_wconf 74' lang='grc' dir='ltr'><strong>ω».</strong></span> <span class='ocrx_word' id='word_1_2' title='bbox 253 197 357 261; x_wconf 78' lang='lat' dir='ltr'><strong>m]</strong></span> <span class='ocrx_word' id='word_1_3' title='bbox 655 200 1098 246; x_wconf 72' lang='lat' dir='ltr'><strong>Pomcmmcvs</strong></span> <span class='ocrx_word' id='word_1_4' title='bbox 1628 202 1712 253; x_wconf 68' lang='grc' dir='ltr'><strong>ἠε</strong></span> <span class='ocrx_word' id='word_1_5' title='bbox 1730 211 1756 243; x_wconf 75' lang='lat' dir='ltr'><strong>e</strong></span> 
     </span>
    </p>
   </div>
   <div class='ocr_carea' id='block_1_2' title="bbox 73 319 1756 2190">
    <p class='ocr_par' dir='ltr' id='par_1_2' title="bbox 73 319 1756 2190">
     <span class='ocr_line' id='line_1_2' title="bbox 124 319 1611 383; baseline 0 -17"><span class='ocrx_word' id='word_1_6' title='bbox 124 319 439 368; x_wconf 65' lang='lat' dir='ltr'><strong>&#39;chatharactis</strong></span> <span class='ocrx_word' id='word_1_7' title='bbox 453 323 535 369; x_wconf 88' lang='lat' dir='ltr'><strong>celi</strong></span> <span class='ocrx_word' id='word_1_8' title='bbox 550 324 719 381; x_wconf 87' lang='lat' dir='ltr'><strong>apertis</strong></span> <span class='ocrx_word' id='word_1_9' title='bbox 729 324 879 368; x_wconf 86' lang='lat' dir='ltr'><strong>uarias</strong></span> <span class='ocrx_word' id='word_1_10' title='bbox 893 324 1012 383; x_wconf 90' lang='lat' dir='ltr'><strong>pluit</strong></span> <span class='ocrx_word' id='word_1_11' title='bbox 1026 324 1246 368; x_wconf 76' lang='lat' dir='ltr'><strong>Dominus</strong></span> <span class='ocrx_word' id='word_1_12' title='bbox 1257 324 1305 367; x_wconf 90' lang='lat' dir='ltr'><strong>in</strong></span> <span class='ocrx_word' id='word_1_13' title='bbox 1319 325 1611 382; x_wconf 81' lang='lat' dir='ltr'><strong>augmentum</strong></span> 
     </span>
     <span class='ocr_line' id='line_1_3' title="bbox 138 390 1612 452; baseline 0.001 -17"><span class='ocrx_word' id='word_1_14' title='bbox 138 390 300 436; x_wconf 84' lang='lat' dir='ltr'><strong>diluuii</strong></span> <span class='ocrx_word' id='word_1_15' title='bbox 338 393 625 451; x_wconf 90' lang='lat' dir='ltr'><strong>delinquendi</strong></span> <span class='ocrx_word' id='word_1_16' title='bbox 675 394 934 445; x_wconf 71' lang='lat' dir='ltr'>occasiones,</span> <span class='ocrx_word' id='word_1_17' title='bbox 973 394 1236 452; x_wconf 88' lang='lat' dir='ltr'><strong>permittens</strong></span> <span class='ocrx_word' id='word_1_18' title='bbox 1286 396 1340 437; x_wconf 91' lang='lat' dir='ltr'><strong>ut</strong></span> <span class='ocrx_word' id='word_1_19' title='bbox 1381 393 1612 436; x_wconf 82' lang='lat' dir='ltr'><strong>subtracta</strong></span> 
     </span>
     <span class='ocr_line' id='line_1_4' title="bbox 136 461 1610 521; baseline 0 -16"><span class='ocrx_word' id='word_1_20' title='bbox 136 461 291 519; x_wconf 84' lang='lat' dir='ltr'><strong>gratia</strong></span> <span class='ocrx_word' id='word_1_21' title='bbox 329 463 406 520; x_wconf 90' lang='lat' dir='ltr'><strong>qui</strong></span> <span class='ocrx_word' id='word_1_22' title='bbox 442 463 490 507; x_wconf 90' lang='lat' dir='ltr'><strong>in</strong></span> <span class='ocrx_word' id='word_1_23' title='bbox 530 463 736 507; x_wconf 89' lang='lat' dir='ltr'><strong>sordibus</strong></span> <span class='ocrx_word' id='word_1_24' title='bbox 776 467 845 507; x_wconf 89' lang='lat' dir='ltr'><strong>est</strong></span> <span class='ocrx_word' id='word_1_25' title='bbox 889 464 1116 507; x_wconf 77' lang='lat' dir='ltr'><strong>sordescat</strong></span> <span class='ocrx_word' id='word_1_26' title='bbox 1146 462 1352 521; x_wconf 86' lang='lat' dir='ltr'><strong>amplius,</strong></span> <span class='ocrx_word' id='word_1_27' title='bbox 1391 465 1439 506; x_wconf 91' lang='lat' dir='ltr'><strong>et</strong></span> <span class='ocrx_word' id='word_1_28' title='bbox 1477 476 1610 520; x_wconf 90' lang='lat' dir='ltr'><strong>quem</strong></span> 
     </span>
     <span class='ocr_line' id='line_1_5' title="bbox 137 531 1611 591; baseline 0 -16"><span class='ocrx_word' id='word_1_29' title='bbox 137 532 319 589; x_wconf 85' lang='lat' dir='ltr'><strong>proprio</strong></span> <span class='ocrx_word' id='word_1_30' title='bbox 337 533 579 576; x_wconf 70' lang='lat' dir='ltr'><strong>committit</strong></span> <span class='ocrx_word' id='word_1_31' title='bbox 598 533 785 577; x_wconf 89' lang='lat' dir='ltr'><strong>arbitrio</strong></span> <span class='ocrx_word' id='word_1_32' title='bbox 805 533 932 591; x_wconf 82' lang='lat' dir='ltr'><strong>quasi</strong></span> <span class='ocrx_word' id='word_1_33' title='bbox 953 533 1168 578; x_wconf 81' lang='lat' dir='ltr'><strong>ulciscens</strong></span> <span class='ocrx_word' id='word_1_34' title='bbox 1188 532 1308 578; x_wconf 84' lang='lat' dir='ltr'><strong>ferit.</strong></span> <span class='ocrx_word' id='word_1_35' title='bbox 1366 531 1471 576; x_wconf 88' lang='lat' dir='ltr'><strong>Non</strong></span> <span class='ocrx_word' id='word_1_36' title='bbox 1491 531 1611 589; x_wconf 90' lang='lat' dir='ltr'><strong>quod</strong></span> 
     </span>
     <span class='ocr_line' id='line_1_6' title="bbox 100 601 1612 660; baseline 0.001 -16"><span class='ocrx_word' id='word_1_37' title='bbox 100 614 123 650; x_wconf 72' lang='lat'>⁸</span> <span class='ocrx_word' id='word_1_38' title='bbox 138 601 389 659; x_wconf 87' lang='lat' dir='ltr'><strong>appetitum</strong></span> <span class='ocrx_word' id='word_1_39' title='bbox 420 603 650 655; x_wconf 90' lang='lat' dir='ltr'><strong>commodi,</strong></span> <span class='ocrx_word' id='word_1_40' title='bbox 681 603 719 646; x_wconf 90' lang='lat' dir='ltr'><strong>si</strong></span> <span class='ocrx_word' id='word_1_41' title='bbox 754 606 1028 660; x_wconf 85' lang='lat' dir='ltr'><strong>temperatus</strong></span> <span class='ocrx_word' id='word_1_42' title='bbox 1062 603 1133 654; x_wconf 88' lang='lat' dir='ltr'><strong>sit,</strong></span> <span class='ocrx_word' id='word_1_43' title='bbox 1162 602 1307 646; x_wconf 84' lang='lat' dir='ltr'><strong>dicam</strong></span> <span class='ocrx_word' id='word_1_44' title='bbox 1336 617 1431 646; x_wconf 86' lang='lat' dir='ltr'><strong>esse</strong></span> <span class='ocrx_word' id='word_1_45' title='bbox 1460 601 1612 659; x_wconf 80' lang='lat' dir='ltr'><strong>eulpa.-</strong></span> 
     </span>
     <span class='ocr_line' id='line_1_7' title="bbox 137 669 1612 730; baseline 0.001 -17"><span class='ocrx_word' id='word_1_46' title='bbox 137 669 286 723; x_wconf 88' lang='lat' dir='ltr'><strong>bilem,</strong></span> <span class='ocrx_word' id='word_1_47' title='bbox 307 675 390 715; x_wconf 88' lang='lat' dir='ltr'><strong>aut</strong></span> <span class='ocrx_word' id='word_1_48' title='bbox 417 672 589 730; x_wconf 89' lang='lat' dir='ltr'><strong>copiam</strong></span> <span class='ocrx_word' id='word_1_49' title='bbox 620 687 769 716; x_wconf 89' lang='lat' dir='ltr'><strong>rerum</strong></span> <span class='ocrx_word' id='word_1_50' title='bbox 799 672 1088 716; x_wconf 87' lang='lat' dir='ltr'><strong>sufficientem</strong></span> <span class='ocrx_word' id='word_1_51' title='bbox 1119 675 1200 716; x_wconf 91' lang='lat' dir='ltr'><strong>aut</strong></span> <span class='ocrx_word' id='word_1_52' title='bbox 1227 672 1420 715; x_wconf 87' lang='lat' dir='ltr'><strong>letitiam</strong></span> <span class='ocrx_word' id='word_1_53' title='bbox 1448 671 1612 714; x_wconf 87' lang='lat' dir='ltr'><strong>mentis</strong></span> 
     </span>
     <span class='ocr_line' id='line_1_8' title="bbox 137 740 1611 785; baseline 0 -2"><span class='ocrx_word' id='word_1_54' title='bbox 137 742 221 783; x_wconf 80' lang='lat' dir='ltr'><strong>aut</strong></span> <span class='ocrx_word' id='word_1_55' title='bbox 251 740 503 785; x_wconf 72' lang='lat' dir='ltr'><strong>naturalem</strong></span> <span class='ocrx_word' id='word_1_56' title='bbox 541 742 763 785; x_wconf 71' lang='lat' dir='ltr'><strong>libertatis</strong></span> <span class='ocrx_word' id='word_1_57' title='bbox 800 756 995 785; x_wconf 89' lang='lat' dir='ltr'><strong>amorem</strong></span> <span class='ocrx_word' id='word_1_58' title='bbox 1029 744 1111 785; x_wconf 86' lang='lat' dir='ltr'><strong>aut</strong></span> <span class='ocrx_word' id='word_1_59' title='bbox 1144 741 1367 785; x_wconf 88' lang='lat' dir='ltr'><strong>eminendi</strong></span> <span class='ocrx_word' id='word_1_60' title='bbox 1400 740 1611 784; x_wconf 89' lang='lat' dir='ltr'><strong>meritum</strong></span> 
     </span>
     <span class='ocr_line' id='line_1_9' title="bbox 137 807 1612 868; baseline 0.001 -16"><span class='ocrx_word' id='word_1_61' title='bbox 137 807 298 853; x_wconf 83' lang='lat' dir='ltr'><strong>ducam</strong></span> <span class='ocrx_word' id='word_1_62' title='bbox 318 809 367 853; x_wconf 91' lang='lat' dir='ltr'><strong>in</strong></span> <span class='ocrx_word' id='word_1_63' title='bbox 384 810 593 864; x_wconf 86' lang='lat' dir='ltr'><strong>crimine3</strong></span> <span class='ocrx_word' id='word_1_64' title='bbox 620 811 699 854; x_wconf 89' lang='lat' dir='ltr'><strong>sed</strong></span> <span class='ocrx_word' id='word_1_65' title='bbox 713 811 851 854; x_wconf 83' lang='lat' dir='ltr'><strong>nichil</strong></span> <span class='ocrx_word' id='word_1_66' title='bbox 867 811 1053 854; x_wconf 73' lang='lat' dir='ltr'><strong>istorum</strong></span> <span class='ocrx_word' id='word_1_67' title='bbox 1072 810 1190 868; x_wconf 92' lang='lat' dir='ltr'><strong>quod</strong></span> <span class='ocrx_word' id='word_1_68' title='bbox 1205 810 1440 868; x_wconf 90' lang='lat' dir='ltr'><strong>pollicetur</strong></span> <span class='ocrx_word' id='word_1_69' title='bbox 1457 810 1612 862; x_wconf 84' lang='lat' dir='ltr'><strong>affert;</strong></span> 
     </span>
     <span class='ocr_line' id='line_1_10' title="bbox 138 878 1614 937; baseline 0 -15"><span class='ocrx_word' id='word_1_70' title='bbox 138 892 192 922; x_wconf 86' lang='lat' dir='ltr'><strong>eo</strong></span> <span class='ocrx_word' id='word_1_71' title='bbox 211 878 391 936; x_wconf 87' lang='lat' dir='ltr'><strong>quidem</strong></span> <span class='ocrx_word' id='word_1_72' title='bbox 409 879 541 923; x_wconf 91' lang='lat' dir='ltr'><strong>modo</strong></span> <span class='ocrx_word' id='word_1_73' title='bbox 564 894 653 937; x_wconf 92' lang='lat' dir='ltr'><strong>quo</strong></span> <span class='ocrx_word' id='word_1_74' title='bbox 678 880 920 937; x_wconf 86' lang='lat' dir='ltr'><strong>quaeritur,</strong></span> <span class='ocrx_word' id='word_1_75' title='bbox 939 879 1212 923; x_wconf 89' lang='lat' dir='ltr'><strong>contrarium</strong></span> <span class='ocrx_word' id='word_1_76' title='bbox 1231 879 1382 937; x_wconf 88' lang='lat' dir='ltr'><strong>potius</strong></span> <span class='ocrx_word' id='word_1_77' title='bbox 1401 882 1614 936; x_wconf 85' lang='lat' dir='ltr'><strong>operatur</strong></span> 
     </span>
     <span class='ocr_line' id='line_1_11' title="bbox 81 947 1612 1000; baseline -0.001 -8"><span class='ocrx_word' id='word_1_78' title='bbox 81 958 124 986; x_wconf 65' lang='grc' dir='ltr'><strong>το</strong></span> <span class='ocrx_word' id='word_1_79' title='bbox 139 947 355 992; x_wconf 81' lang='lat' dir='ltr'><strong>effectum.</strong></span> <span class='ocrx_word' id='word_1_80' title='bbox 414 948 538 992; x_wconf 88' lang='lat' dir='ltr'><strong>Haec</strong></span> <span class='ocrx_word' id='word_1_81' title='bbox 568 952 719 992; x_wconf 87' lang='lat' dir='ltr'><strong>autem</strong></span> <span class='ocrx_word' id='word_1_82' title='bbox 753 949 904 992; x_wconf 89' lang='lat' dir='ltr'><strong>omnia</strong></span> <span class='ocrx_word' id='word_1_83' title='bbox 942 949 1059 992; x_wconf 91' lang='lat' dir='ltr'><strong>bona</strong></span> <span class='ocrx_word' id='word_1_84' title='bbox 1097 951 1215 1000; x_wconf 88' lang='lat' dir='ltr'><strong>sunt,</strong></span> <span class='ocrx_word' id='word_1_85' title='bbox 1246 948 1285 992; x_wconf 89' lang='lat' dir='ltr'><strong>si</strong></span> <span class='ocrx_word' id='word_1_86' title='bbox 1324 948 1389 991; x_wconf 88' lang='lat' dir='ltr'><strong>eis</strong></span> <span class='ocrx_word' id='word_1_87' title='bbox 1427 948 1612 991; x_wconf 86' lang='lat' dir='ltr'><strong>docente</strong></span> 
     </span>
     <span class='ocr_line' id='line_1_12' title="bbox 137 1017 1611 1076; baseline -0.001 -14"><span class='ocrx_word' id='word_1_88' title='bbox 137 1018 287 1076; x_wconf 82' lang='lat' dir='ltr'><strong>gratia</strong></span> <span class='ocrx_word' id='word_1_89' title='bbox 315 1021 434 1063; x_wconf 87' lang='lat' dir='ltr'><strong>recte</strong></span> <span class='ocrx_word' id='word_1_90' title='bbox 463 1018 584 1062; x_wconf 81' lang='lat' dir='ltr'><strong>filius</strong></span> <span class='ocrx_word' id='word_1_91' title='bbox 613 1018 828 1062; x_wconf 82' lang='lat' dir='ltr'><strong>aduersus</strong></span> <span class='ocrx_word' id='word_1_92' title='bbox 856 1033 1034 1062; x_wconf 87' lang='lat' dir='ltr'><strong>carnem</strong></span> <span class='ocrx_word' id='word_1_93' title='bbox 1067 1018 1243 1062; x_wconf 87' lang='lat' dir='ltr'><strong>luctans</strong></span> <span class='ocrx_word' id='word_1_94' title='bbox 1271 1021 1319 1061; x_wconf 89' lang='lat' dir='ltr'><strong>et</strong></span> <span class='ocrx_word' id='word_1_95' title='bbox 1348 1017 1611 1075; x_wconf 86' lang='lat' dir='ltr'><strong>sanguinem</strong></span> 
     </span>
     <span class='ocr_line' id='line_1_13' title="bbox 137 1087 1660 1146; baseline -0.001 -15"><span class='ocrx_word' id='word_1_96' title='bbox 137 1090 186 1132; x_wconf 86' lang='lat' dir='ltr'><strong>ct</strong></span> <span class='ocrx_word' id='word_1_97' title='bbox 218 1102 247 1131; x_wconf 89' lang='lat' dir='ltr'><strong>a</strong></span> <span class='ocrx_word' id='word_1_98' title='bbox 278 1087 411 1132; x_wconf 87' lang='lat' dir='ltr'><strong>Patre</strong></span> <span class='ocrx_word' id='word_1_99' title='bbox 442 1088 597 1146; x_wconf 87' lang='lat' dir='ltr'><strong>gaudii</strong></span> <span class='ocrx_word' id='word_1_100' title='bbox 626 1091 673 1132; x_wconf 89' lang='lat' dir='ltr'><strong>et</strong></span> <span class='ocrx_word' id='word_1_101' title='bbox 700 1088 993 1132; x_wconf 85' lang='lat' dir='ltr'><strong>exultationis</strong></span> <span class='ocrx_word' id='word_1_102' title='bbox 1022 1087 1347 1132; x_wconf 87' lang='lat' dir='ltr'><strong>benedicendus</strong></span> <span class='ocrx_word' id='word_1_103' title='bbox 1375 1090 1533 1130; x_wconf 84' lang='lat' dir='ltr'><strong>utatur</strong></span> <span class='ocrx_word' id='word_1_104' title='bbox 1566 1090 1612 1131; x_wconf 90' lang='lat' dir='ltr'><strong>et</strong></span> <span class='ocrx_word' id='word_1_105' title='bbox 1629 1088 1660 1129; x_wconf 82' lang='lat' dir='ltr'>d</span> 
     </span>
     <span class='ocr_line' id='line_1_14' title="bbox 137 1156 1611 1216; baseline -0.001 -14"><span class='ocrx_word' id='word_1_106' title='bbox 137 1156 304 1202; x_wconf 81' lang='lat' dir='ltr'><strong>eisdem</strong></span> <span class='ocrx_word' id='word_1_107' title='bbox 337 1157 464 1215; x_wconf 85' lang='lat' dir='ltr'><strong>quasi</strong></span> <span class='ocrx_word' id='word_1_108' title='bbox 495 1157 654 1201; x_wconf 90' lang='lat' dir='ltr'><strong>florido</strong></span> <span class='ocrx_word' id='word_1_109' title='bbox 686 1157 908 1216; x_wconf 77' lang='lat' dir='ltr'><strong>frugifero</strong></span> <span class='ocrx_word' id='word_1_110' title='bbox 938 1161 985 1201; x_wconf 91' lang='lat' dir='ltr'><strong>et</strong></span> <span class='ocrx_word' id='word_1_111' title='bbox 1018 1157 1208 1202; x_wconf 85' lang='lat' dir='ltr'><strong>iocundo</strong></span> <span class='ocrx_word' id='word_1_112' title='bbox 1241 1157 1449 1200; x_wconf 86' lang='lat' dir='ltr'><strong>induitur</strong></span> <span class='ocrx_word' id='word_1_113' title='bbox 1474 1158 1611 1201; x_wconf 89' lang='lat' dir='ltr'><strong>uesti-</strong></span> 
     </span>
     <span class='ocr_line' id='line_1_15' title="bbox 137 1226 1613 1285; baseline -0.001 -15"><span class='ocrx_word' id='word_1_114' title='bbox 137 1230 301 1271; x_wconf 82' lang='lat' dir='ltr'><strong>mento.</strong></span> <span class='ocrx_word' id='word_1_115' title='bbox 360 1227 411 1271; x_wconf 92' lang='lat' dir='ltr'><strong>Si</strong></span> <span class='ocrx_word' id='word_1_116' title='bbox 425 1241 532 1270; x_wconf 89' lang='lat' dir='ltr'><strong>uero</strong></span> <span class='ocrx_word' id='word_1_117' title='bbox 546 1227 817 1285; x_wconf 85' lang='lat' dir='ltr'><strong>sanguineus</strong></span> <span class='ocrx_word' id='word_1_118' title='bbox 832 1226 1061 1285; x_wconf 84' lang='lat' dir='ltr'><strong>fraterque</strong></span> <span class='ocrx_word' id='word_1_119' title='bbox 1080 1226 1281 1278; x_wconf 85' lang='lat' dir='ltr'><strong>carnalis,</strong></span> <span class='ocrx_word' id='word_1_120' title='bbox 1295 1230 1613 1284; x_wconf 86' lang='lat' dir='ltr'><strong>contempnens</strong></span> 
     </span>
     <span class='ocr_line' id='line_1_16' title="bbox 80 1295 1615 1355; baseline -0.001 -15"><span class='ocrx_word' id='word_1_121' title='bbox 80 1309 121 1346; x_wconf 73' lang='lat' dir='ltr'><strong>rs</strong></span> <span class='ocrx_word' id='word_1_122' title='bbox 136 1296 297 1340; x_wconf 83' lang='lat' dir='ltr'><strong>matris</strong></span> <span class='ocrx_word' id='word_1_123' title='bbox 308 1296 482 1355; x_wconf 85' lang='lat' dir='ltr'><strong>gratiae</strong></span> <span class='ocrx_word' id='word_1_124' title='bbox 495 1295 863 1347; x_wconf 83' lang='lat' dir='ltr'><strong>familiaritatem,</strong></span> <span class='ocrx_word' id='word_1_125' title='bbox 878 1297 986 1340; x_wconf 87' lang='lat' dir='ltr'><strong>haec</strong></span> <span class='ocrx_word' id='word_1_126' title='bbox 996 1297 1147 1340; x_wconf 91' lang='lat' dir='ltr'><strong>omnia</strong></span> <span class='ocrx_word' id='word_1_127' title='bbox 1160 1311 1335 1340; x_wconf 91' lang='lat' dir='ltr'><strong>morum</strong></span> <span class='ocrx_word' id='word_1_128' title='bbox 1349 1296 1615 1339; x_wconf 88' lang='lat' dir='ltr'><strong>indumenta</strong></span> 
     </span>
     <span class='ocr_line' id='line_1_17' title="bbox 136 1364 1611 1424; baseline -0.001 -14"><span class='ocrx_word' id='word_1_129' title='bbox 136 1369 336 1424; x_wconf 83' lang='lat' dir='ltr'><strong>usurpet,</strong></span> <span class='ocrx_word' id='word_1_130' title='bbox 368 1380 449 1410; x_wconf 90' lang='lat' dir='ltr'><strong>nec</strong></span> <span class='ocrx_word' id='word_1_131' title='bbox 483 1365 691 1424; x_wconf 81' lang='lat' dir='ltr'><strong>fragrant</strong></span> <span class='ocrx_word' id='word_1_132' title='bbox 723 1380 806 1410; x_wconf 89' lang='lat' dir='ltr'><strong>nec</strong></span> <span class='ocrx_word' id='word_1_133' title='bbox 839 1366 998 1409; x_wconf 88' lang='lat' dir='ltr'><strong>decent</strong></span> <span class='ocrx_word' id='word_1_134' title='bbox 1028 1381 1110 1410; x_wconf 91' lang='lat' dir='ltr'><strong>nec</strong></span> <span class='ocrx_word' id='word_1_135' title='bbox 1140 1365 1362 1423; x_wconf 84' lang='lat' dir='ltr'><strong>pascendo</strong></span> <span class='ocrx_word' id='word_1_136' title='bbox 1394 1364 1611 1409; x_wconf 82' lang='lat' dir='ltr'><strong>reficiunt.</strong></span> 
     </span>
     <span class='ocr_line' id='line_1_18' title="bbox 138 1434 1612 1494; baseline -0.001 -15"><span class='ocrx_word' id='word_1_137' title='bbox 138 1434 200 1479; x_wconf 74' lang='lat' dir='ltr'><strong>Et</strong></span> <span class='ocrx_word' id='word_1_138' title='bbox 225 1435 309 1480; x_wconf 88' lang='lat' dir='ltr'><strong>hoc</strong></span> <span class='ocrx_word' id='word_1_139' title='bbox 334 1439 403 1479; x_wconf 85' lang='lat' dir='ltr'><strong>est</strong></span> <span class='ocrx_word' id='word_1_140' title='bbox 428 1435 546 1479; x_wconf 82' lang='lat' dir='ltr'><strong>forte</strong></span> <span class='ocrx_word' id='word_1_141' title='bbox 572 1435 692 1494; x_wconf 89' lang='lat' dir='ltr'><strong>quod</strong></span> <span class='ocrx_word' id='word_1_142' title='bbox 716 1438 865 1479; x_wconf 85' lang='lat' dir='ltr'><strong>uestes</strong></span> <span class='ocrx_word' id='word_1_143' title='bbox 888 1435 1008 1479; x_wconf 86' lang='lat' dir='ltr'><strong>Esau</strong></span> <span class='ocrx_word' id='word_1_144' title='bbox 1037 1435 1255 1494; x_wconf 84' lang='lat' dir='ltr'><strong>placuisse</strong></span> <span class='ocrx_word' id='word_1_145' title='bbox 1281 1435 1539 1479; x_wconf 87' lang='lat' dir='ltr'><strong>scribuntur</strong></span> <span class='ocrx_word' id='word_1_146' title='bbox 1564 1435 1612 1478; x_wconf 88' lang='lat' dir='ltr'><strong>in</strong></span> 
     </span>
     <span class='ocr_line' id='line_1_19' title="bbox 138 1504 1610 1557; baseline -0.001 -7"><span class='ocrx_word' id='word_1_147' title='bbox 138 1504 286 1557; x_wconf 80' lang='lat' dir='ltr'><strong>Iacob,</strong></span> <span class='ocrx_word' id='word_1_148' title='bbox 302 1509 352 1549; x_wconf 87' lang='lat' dir='ltr'><strong>et</strong></span> <span class='ocrx_word' id='word_1_149' title='bbox 376 1506 442 1549; x_wconf 86' lang='lat' dir='ltr'><strong>eis</strong></span> <span class='ocrx_word' id='word_1_150' title='bbox 471 1508 553 1549; x_wconf 88' lang='lat' dir='ltr'><strong>aut</strong></span> <span class='ocrx_word' id='word_1_151' title='bbox 582 1520 675 1549; x_wconf 91' lang='lat' dir='ltr'><strong>non</strong></span> <span class='ocrx_word' id='word_1_152' title='bbox 704 1520 814 1549; x_wconf 86' lang='lat' dir='ltr'><strong>usus</strong></span> <span class='ocrx_word' id='word_1_153' title='bbox 847 1509 929 1548; x_wconf 88' lang='lat' dir='ltr'><strong>aut</strong></span> <span class='ocrx_word' id='word_1_154' title='bbox 958 1505 1138 1549; x_wconf 91' lang='lat' dir='ltr'><strong>odorem</strong></span> <span class='ocrx_word' id='word_1_155' title='bbox 1166 1506 1408 1549; x_wconf 87' lang='lat' dir='ltr'><strong>suauitatis</strong></span> <span class='ocrx_word' id='word_1_156' title='bbox 1436 1505 1610 1549; x_wconf 81' lang='lat' dir='ltr'><strong>dedisse</strong></span> 
     </span>
     <span class='ocr_line' id='line_1_20' title="bbox 137 1575 1612 1634; baseline -0.001 -15"><span class='ocrx_word' id='word_1_157' title='bbox 137 1575 259 1634; x_wconf 83' lang='lat' dir='ltr'><strong>patri</strong></span> <span class='ocrx_word' id='word_1_158' title='bbox 278 1590 369 1619; x_wconf 89' lang='lat' dir='ltr'><strong>non</strong></span> <span class='ocrx_word' id='word_1_159' title='bbox 394 1576 606 1619; x_wconf 89' lang='lat' dir='ltr'><strong>scribitur</strong></span> <span class='ocrx_word' id='word_1_160' title='bbox 631 1575 763 1619; x_wconf 85' lang='lat' dir='ltr'><strong>Esau.</strong></span> <span class='ocrx_word' id='word_1_161' title='bbox 822 1575 955 1627; x_wconf 88' lang='lat' dir='ltr'><strong>Nam,</strong></span> <span class='ocrx_word' id='word_1_162' title='bbox 975 1575 1083 1619; x_wconf 92' lang='lat' dir='ltr'><strong>dum</strong></span> <span class='ocrx_word' id='word_1_163' title='bbox 1103 1576 1232 1619; x_wconf 90' lang='lat' dir='ltr'><strong>bonis</strong></span> <span class='ocrx_word' id='word_1_164' title='bbox 1251 1575 1457 1619; x_wconf 86' lang='lat' dir='ltr'><strong>abutitur</strong></span> <span class='ocrx_word' id='word_1_165' title='bbox 1474 1575 1612 1618; x_wconf 86' lang='lat' dir='ltr'><strong>sensi-</strong></span> 
     </span>
     <span class='ocr_line' id='line_1_21' title="bbox 78 1645 1613 1704; baseline 0.001 -18"><span class='ocrx_word' id='word_1_166' title='bbox 78 1655 125 1686; x_wconf 74' lang='lat' dir='ltr'><strong>uc</strong></span> <span class='ocrx_word' id='word_1_167' title='bbox 139 1645 236 1698; x_wconf 82' lang='lat' dir='ltr'><strong>bus,</strong></span> <span class='ocrx_word' id='word_1_168' title='bbox 255 1645 444 1704; x_wconf 85' lang='lat' dir='ltr'><strong>integris</strong></span> <span class='ocrx_word' id='word_1_169' title='bbox 469 1649 627 1704; x_wconf 87' lang='lat' dir='ltr'><strong>gratus</strong></span> <span class='ocrx_word' id='word_1_170' title='bbox 649 1660 743 1689; x_wconf 87' lang='lat' dir='ltr'><strong>esse</strong></span> <span class='ocrx_word' id='word_1_171' title='bbox 769 1660 859 1689; x_wconf 91' lang='lat' dir='ltr'><strong>non</strong></span> <span class='ocrx_word' id='word_1_172' title='bbox 885 1649 1045 1703; x_wconf 90' lang='lat' dir='ltr'><strong>potest.</strong></span> <span class='ocrx_word' id='word_1_173' title='bbox 1106 1645 1226 1704; x_wconf 85' lang='lat' dir='ltr'><strong>Ergo</strong></span> <span class='ocrx_word' id='word_1_174' title='bbox 1249 1660 1370 1689; x_wconf 88' lang='lat' dir='ltr'><strong>uana</strong></span> <span class='ocrx_word' id='word_1_175' title='bbox 1395 1645 1613 1688; x_wconf 87' lang='lat' dir='ltr'><strong>bonorum</strong></span> 
     </span>
     <span class='ocr_line' id='line_1_22' title="bbox 136 1714 1612 1773; baseline -0.001 -14"><span class='ocrx_word' id='word_1_176' title='bbox 136 1715 306 1773; x_wconf 52' lang='lat' dir='ltr'><strong>species</strong></span> <span class='ocrx_word' id='word_1_177' title='bbox 342 1730 424 1759; x_wconf 87' lang='lat' dir='ltr'><strong>nec</strong></span> <span class='ocrx_word' id='word_1_178' title='bbox 462 1715 600 1759; x_wconf 86' lang='lat' dir='ltr'><strong>satiat</strong></span> <span class='ocrx_word' id='word_1_179' title='bbox 638 1729 720 1759; x_wconf 92' lang='lat' dir='ltr'><strong>nec</strong></span> <span class='ocrx_word' id='word_1_180' title='bbox 758 1715 945 1759; x_wconf 85' lang='lat' dir='ltr'><strong>letificat</strong></span> <span class='ocrx_word' id='word_1_181' title='bbox 981 1729 1063 1760; x_wconf 92' lang='lat' dir='ltr'><strong>nec</strong></span> <span class='ocrx_word' id='word_1_182' title='bbox 1100 1715 1263 1758; x_wconf 89' lang='lat' dir='ltr'><strong>liberat</strong></span> <span class='ocrx_word' id='word_1_183' title='bbox 1306 1729 1390 1758; x_wconf 87' lang='lat' dir='ltr'><strong>nec</strong></span> <span class='ocrx_word' id='word_1_184' title='bbox 1428 1714 1612 1758; x_wconf 83' lang='lat' dir='ltr'><strong>exaltat.</strong></span> 
     </span>
     <span class='ocr_line' id='line_1_23' title="bbox 137 1783 1613 1842; baseline -0.001 -14"><span class='ocrx_word' id='word_1_185' title='bbox 137 1784 276 1830; x_wconf 83' lang='lat' dir='ltr'><strong>Porro</strong></span> <span class='ocrx_word' id='word_1_186' title='bbox 300 1784 516 1828; x_wconf 85' lang='lat' dir='ltr'><strong>aduersus</strong></span> <span class='ocrx_word' id='word_1_187' title='bbox 538 1784 776 1836; x_wconf 81' lang='lat' dir='ltr'><strong>luxuriam,</strong></span> <span class='ocrx_word' id='word_1_188' title='bbox 801 1785 1053 1836; x_wconf 81' lang='lat' dir='ltr'><strong>auaritiam,</strong></span> <span class='ocrx_word' id='word_1_189' title='bbox 1078 1784 1367 1828; x_wconf 83' lang='lat' dir='ltr'><strong>cenodoxiam</strong></span> <span class='ocrx_word' id='word_1_190' title='bbox 1394 1783 1613 1842; x_wconf 84' lang='lat' dir='ltr'><strong>quaedam</strong></span> 
     </span>
     <span class='ocr_line' id='line_1_24' title="bbox 135 1853 1612 1913; baseline -0.001 -15"><span class='ocrx_word' id='word_1_191' title='bbox 135 1854 342 1913; x_wconf 83' lang='lat' dir='ltr'><strong>superius</strong></span> <span class='ocrx_word' id='word_1_192' title='bbox 374 1854 495 1898; x_wconf 88' lang='lat' dir='ltr'><strong>dicta</strong></span> <span class='ocrx_word' id='word_1_193' title='bbox 529 1857 659 1907; x_wconf 82' lang='lat' dir='ltr'><strong>sunt3</strong></span> <span class='ocrx_word' id='word_1_194' title='bbox 707 1854 874 1897; x_wconf 88' lang='lat' dir='ltr'><strong>uirium</strong></span> <span class='ocrx_word' id='word_1_195' title='bbox 904 1853 1127 1898; x_wconf 86' lang='lat' dir='ltr'><strong>affectatio</strong></span> <span class='ocrx_word' id='word_1_196' title='bbox 1156 1853 1481 1911; x_wconf 84' lang='lat' dir='ltr'><strong>quodammodo</strong></span> <span class='ocrx_word' id='word_1_197' title='bbox 1509 1853 1612 1897; x_wconf 86' lang='lat' dir='ltr'><strong>hac-</strong></span> 
     </span>
     <span class='ocr_line' id='line_1_25' title="bbox 138 1923 1756 1981; baseline -0.003 -13"><span class='ocrx_word' id='word_1_198' title='bbox 138 1926 272 1968; x_wconf 83' lang='lat' dir='ltr'><strong>tenus</strong></span> <span class='ocrx_word' id='word_1_199' title='bbox 303 1923 471 1967; x_wconf 88' lang='lat' dir='ltr'><strong>mansit</strong></span> <span class='ocrx_word' id='word_1_200' title='bbox 503 1923 685 1975; x_wconf 87' lang='lat' dir='ltr'><strong>intacta,</strong></span> <span class='ocrx_word' id='word_1_201' title='bbox 719 1939 847 1981; x_wconf 88' lang='lat' dir='ltr'><strong>quae,</strong></span> <span class='ocrx_word' id='word_1_202' title='bbox 880 1924 965 1968; x_wconf 88' lang='lat' dir='ltr'><strong>etsi</strong></span> <span class='ocrx_word' id='word_1_203' title='bbox 996 1923 1219 1967; x_wconf 84' lang='lat' dir='ltr'><strong>libertatis</strong></span> <span class='ocrx_word' id='word_1_204' title='bbox 1252 1927 1299 1966; x_wconf 89' lang='lat' dir='ltr'><strong>et</strong></span> <span class='ocrx_word' id='word_1_205' title='bbox 1336 1923 1613 1967; x_wconf 84' lang='lat' dir='ltr'><strong>celsitudinis</strong></span> <span class='ocrx_word' id='word_1_206' title='bbox 1628 1933 1705 1975; x_wconf 81' lang='lat'><strong>777</strong></span> <span class='ocrx_word' id='word_1_207' title='bbox 1724 1933 1756 1963; x_wconf 78' lang='lat' dir='ltr'><strong>a</strong></span> 
     </span>
     <span class='ocr_line' id='line_1_26' title="bbox 73 1992 1614 2050; baseline -0.001 -14"><span class='ocrx_word' id='word_1_208' title='bbox 73 2010 123 2046; x_wconf 68' lang='lat'><strong>⁸³</strong></span> <span class='ocrx_word' id='word_1_209' title='bbox 138 1992 350 2036; x_wconf 83' lang='lat' dir='ltr'><strong>uideatur</strong></span> <span class='ocrx_word' id='word_1_210' title='bbox 390 1993 548 2036; x_wconf 84' lang='lat' dir='ltr'><strong>afferre</strong></span> <span class='ocrx_word' id='word_1_211' title='bbox 587 1992 862 2050; x_wconf 85' lang='lat' dir='ltr'><strong>suffragium,</strong></span> <span class='ocrx_word' id='word_1_212' title='bbox 900 2007 929 2035; x_wconf 91' lang='lat' dir='ltr'><strong>a</strong></span> <span class='ocrx_word' id='word_1_213' title='bbox 965 1992 1159 2036; x_wconf 88' lang='lat' dir='ltr'><strong>ueritate</strong></span> <span class='ocrx_word' id='word_1_214' title='bbox 1196 1993 1431 2050; x_wconf 88' lang='lat' dir='ltr'><strong>utriusque</strong></span> <span class='ocrx_word' id='word_1_215' title='bbox 1465 1992 1614 2050; x_wconf 89' lang='lat' dir='ltr'><strong>perni-</strong></span> 
     </span>
     <span class='ocr_line' id='line_1_27' title="bbox 135 2061 1612 2119; baseline -0.001 -12"><span class='ocrx_word' id='word_1_216' title='bbox 135 2062 301 2107; x_wconf 88' lang='lat' dir='ltr'><strong>ciosius</strong></span> <span class='ocrx_word' id='word_1_217' title='bbox 330 2061 514 2106; x_wconf 87' lang='lat' dir='ltr'><strong>abducit</strong></span> <span class='ocrx_word' id='word_1_218' title='bbox 546 2065 781 2106; x_wconf 85' lang='lat' dir='ltr'><strong>errantem.</strong></span> <span class='ocrx_word' id='word_1_219' title='bbox 841 2062 966 2106; x_wconf 87' lang='lat' dir='ltr'><strong>Haec</strong></span> <span class='ocrx_word' id='word_1_220' title='bbox 999 2065 1069 2105; x_wconf 85' lang='lat' dir='ltr'><strong>est</strong></span> <span class='ocrx_word' id='word_1_221' title='bbox 1098 2062 1218 2105; x_wconf 92' lang='lat' dir='ltr'><strong>enim</strong></span> <span class='ocrx_word' id='word_1_222' title='bbox 1251 2076 1366 2119; x_wconf 88' lang='lat' dir='ltr'><strong>quae</strong></span> <span class='ocrx_word' id='word_1_223' title='bbox 1396 2062 1612 2119; x_wconf 87' lang='lat' dir='ltr'><strong>pernicio·</strong></span> 
     </span>
     <span class='ocr_line' id='line_1_28' title="bbox 132 2131 1611 2190; baseline -0.001 -14"><span class='ocrx_word' id='word_1_224' title='bbox 132 2132 357 2176; x_wconf 53' lang='lat' dir='ltr'><strong>naamam</strong></span> <span class='ocrx_word' id='word_1_225' title='bbox 391 2131 565 2175; x_wconf 89' lang='lat' dir='ltr'><strong>inducit</strong></span> <span class='ocrx_word' id='word_1_226' title='bbox 597 2134 767 2190; x_wconf 86' lang='lat' dir='ltr'><strong>pestem</strong></span> <span class='ocrx_word' id='word_1_227' title='bbox 801 2134 859 2183; x_wconf 83' lang='lat' dir='ltr'><strong>et,</strong></span> <span class='ocrx_word' id='word_1_228' title='bbox 890 2131 1131 2175; x_wconf 77' lang='lat' dir='ltr'><strong>tirannidis</strong></span> <span class='ocrx_word' id='word_1_229' title='bbox 1168 2145 1412 2190; x_wconf 84' lang='lat' dir='ltr'><strong>procurans</strong></span> <span class='ocrx_word' id='word_1_230' title='bbox 1448 2134 1611 2182; x_wconf 90' lang='lat' dir='ltr'><strong>ortum,</strong></span> 
     </span>
    </p>
   </div>
   <div class='ocr_carea' id='block_1_3' title="bbox 139 2251 1470 2299">
    <p class='ocr_par' dir='ltr' id='par_1_3' title="bbox 139 2251 1470 2299">
     <span class='ocr_line' id='line_1_29' title="bbox 139 2251 1470 2299; baseline -0.003 -7"><span class='ocrx_word' id='word_1_231' title='bbox 139 2266 159 2292; x_wconf 91' lang='lat'>1</span> <span class='ocrx_word' id='word_1_232' title='bbox 185 2253 418 2292; x_wconf 74' lang='lat' dir='ltr'><strong>cathara-ctis</strong></span> <span class='ocrx_word' id='word_1_233' title='bbox 433 2252 536 2290; x_wconf 73' lang='lat' dir='ltr'><strong>c‘A:</strong></span> <span class='ocrx_word' id='word_1_234' title='bbox 570 2252 774 2290; x_wconf 78' lang='lat' dir='ltr'><strong>cataractis</strong></span> <span class='ocrx_word' id='word_1_235' title='bbox 791 2252 854 2289; x_wconf 76' lang='lat' dir='ltr'><strong>M:</strong></span> <span class='ocrx_word' id='word_1_236' title='bbox 879 2252 1082 2291; x_wconf 84' lang='lat' dir='ltr'><strong>catarectis</strong></span> <span class='ocrx_word' id='word_1_237' title='bbox 1098 2251 1124 2290; x_wconf 86' lang='lat' dir='ltr'>S</span> <span class='ocrx_word' id='word_1_238' title='bbox 1241 2263 1265 2297; x_wconf 81' lang='grc'><strong><em>4</em></strong></span> <span class='ocrx_word' id='word_1_239' title='bbox 1288 2264 1363 2299; x_wconf 88' lang='lat' dir='ltr'><strong>quo</strong></span> <span class='ocrx_word' id='word_1_240' title='bbox 1380 2251 1470 2288; x_wconf 87' lang='lat' dir='ltr'><strong>CBS</strong></span> 
     </span>
    </p>
   </div>
   <div class='ocr_carea' id='block_1_4' title="bbox 138 2298 1607 2508">
    <p class='ocr_par' dir='ltr' id='par_1_4' title="bbox 138 2298 1607 2508">
     <span class='ocr_line' id='line_1_30' title="bbox 138 2298 1541 2347; baseline -0.003 -7"><span class='ocrx_word' id='word_1_241' title='bbox 138 2302 289 2341; x_wconf 83' lang='lat' dir='ltr'><strong>comedi</strong></span> <span class='ocrx_word' id='word_1_242' title='bbox 305 2301 362 2338; x_wconf 81' lang='lat' dir='ltr'><strong>OS</strong></span> <span class='ocrx_word' id='word_1_243' title='bbox 508 2301 552 2338; x_wconf 88' lang='lat'><strong>16</strong></span> <span class='ocrx_word' id='word_1_244' title='bbox 576 2300 768 2347; x_wconf 83' lang='lat' dir='ltr'><strong>parcendo</strong></span> <span class='ocrx_word' id='word_1_245' title='bbox 784 2299 826 2336; x_wconf 76' lang='lat' dir='ltr'><strong>M</strong></span> <span class='ocrx_word' id='word_1_246' title='bbox 968 2311 1014 2338; x_wconf 90' lang='grc'><strong>22</strong></span> <span class='ocrx_word' id='word_1_247' title='bbox 1033 2306 1118 2347; x_wconf 74' lang='lat' dir='ltr'><strong>post</strong></span> <span class='ocrx_word' id='word_1_248' title='bbox 1133 2299 1337 2337; x_wconf 86' lang='lat' dir='ltr'><strong>auaritiam</strong></span> <span class='ocrx_word' id='word_1_249' title='bbox 1353 2301 1438 2336; x_wconf 82' lang='lat' dir='ltr'><strong>add.</strong></span> <span class='ocrx_word' id='word_1_250' title='bbox 1457 2301 1497 2337; x_wconf 88' lang='lat' dir='ltr'><strong>et</strong></span> <span class='ocrx_word' id='word_1_251' title='bbox 1514 2298 1541 2336; x_wconf 85' lang='lat' dir='ltr'>S</span> 
     </span>
     <span class='ocr_line' id='line_1_31' title="bbox 189 2408 1600 2456; baseline -0.002 -7"><span class='ocrx_word' id='word_1_252' title='bbox 189 2422 207 2450; x_wconf 87' lang='lat'>1</span> <span class='ocrx_word' id='word_1_253' title='bbox 233 2413 476 2449; x_wconf 61' lang='lat' dir='ltr'><strong>Marad-‘s</strong></span> <span class='ocrx_word' id='word_1_254' title='bbox 492 2413 590 2448; x_wconf 63' lang='lat' dir='ltr'><strong>ete:</strong></span> <span class='ocrx_word' id='word_1_255' title='bbox 615 2422 650 2447; x_wconf 78' lang='lat' dir='ltr'><strong>v,</strong></span> <span class='ocrx_word' id='word_1_256' title='bbox 670 2409 765 2447; x_wconf 83' lang='lat' dir='ltr'><strong>Gen.</strong></span> <span class='ocrx_word' id='word_1_257' title='bbox 782 2408 846 2445; x_wconf 80' lang='lat' dir='ltr'><strong>vii.</strong></span> <span class='ocrx_word' id='word_1_258' title='bbox 869 2419 927 2446; x_wconf 83' lang='lat'><strong>11.</strong></span> <span class='ocrx_word' id='word_1_259' title='bbox 1089 2419 1110 2456; x_wconf 89' lang='lat'>3</span> <span class='ocrx_word' id='word_1_260' title='bbox 1135 2411 1246 2456; x_wconf 72' lang='lat' dir='ltr'><strong>quiin</strong></span> <span class='ocrx_word' id='word_1_261' title='bbox 1261 2410 1429 2446; x_wconf 61' lang='lat' dir='ltr'><strong>cordibu</strong></span> <span class='ocrx_word' id='word_1_262' title='bbox 1444 2410 1542 2446; x_wconf 77' lang='lat' dir='ltr'><strong>etc.t</strong></span> <span class='ocrx_word' id='word_1_263' title='bbox 1566 2421 1600 2446; x_wconf 78' lang='lat' dir='ltr'><strong>v,</strong></span> 
     </span>
     <span class='ocr_line' id='line_1_32' title="bbox 138 2455 1607 2508; baseline -0.001 -13"><span class='ocrx_word' id='word_1_264' title='bbox 138 2460 254 2508; x_wconf 83' lang='lat' dir='ltr'><strong>Apoc.</strong></span> <span class='ocrx_word' id='word_1_265' title='bbox 271 2459 363 2495; x_wconf 84' lang='lat' dir='ltr'><strong>xxii.</strong></span> <span class='ocrx_word' id='word_1_266' title='bbox 389 2469 442 2495; x_wconf 85' lang='lat' dir='ltr'><strong>n.</strong></span> <span class='ocrx_word' id='word_1_267' title='bbox 575 2468 617 2493; x_wconf 88' lang='lat'><strong>10</strong></span> <span class='ocrx_word' id='word_1_268' title='bbox 639 2459 673 2493; x_wconf 71' lang='grc' dir='ltr'><strong>ει·</strong></span> <span class='ocrx_word' id='word_1_269' title='bbox 688 2460 740 2494; x_wconf 74' lang='lat' dir='ltr'><strong>eis</strong></span> <span class='ocrx_word' id='word_1_270' title='bbox 756 2459 829 2494; x_wconf 87' lang='lat' dir='ltr'><strong>etc.</strong></span> <span class='ocrx_word' id='word_1_271' title='bbox 844 2470 853 2493; x_wconf 91' lang='lat'>:</span> <span class='ocrx_word' id='word_1_272' title='bbox 877 2456 981 2501; x_wconf 85' lang='lat' dir='ltr'><strong>Quae</strong></span> <span class='ocrx_word' id='word_1_273' title='bbox 997 2459 1206 2504; x_wconf 81' lang='lat' dir='ltr'><strong>sequuntur</strong></span> <span class='ocrx_word' id='word_1_274' title='bbox 1220 2456 1271 2493; x_wconf 85' lang='lat' dir='ltr'><strong>ad</strong></span> <span class='ocrx_word' id='word_1_275' title='bbox 1286 2455 1487 2493; x_wconf 84' lang='lat' dir='ltr'><strong>historiam</strong></span> <span class='ocrx_word' id='word_1_276' title='bbox 1505 2455 1607 2494; x_wconf 82' lang='lat' dir='ltr'><strong>Esau</strong></span> 
     </span>
    </p>
   </div>
   <div class='ocr_carea' id='block_1_5' title="bbox 136 2504 1611 2889">
    <p class='ocr_par' dir='ltr' id='par_1_5' title="bbox 136 2504 1611 2889">
     <span class='ocr_line' id='line_1_33' title="bbox 138 2504 1610 2551; baseline -0.003 -6"><span class='ocrx_word' id='word_1_277' title='bbox 138 2509 179 2546; x_wconf 85' lang='lat' dir='ltr'><strong>et</strong></span> <span class='ocrx_word' id='word_1_278' title='bbox 204 2506 321 2544; x_wconf 83' lang='lat' dir='ltr'><strong>Iacob</strong></span> <span class='ocrx_word' id='word_1_279' title='bbox 346 2505 441 2544; x_wconf 86' lang='lat' dir='ltr'><strong>Gen.</strong></span> <span class='ocrx_word' id='word_1_280' title='bbox 469 2504 572 2541; x_wconf 80' lang='lat' dir='ltr'><strong>xxvii</strong></span> <span class='ocrx_word' id='word_1_281' title='bbox 599 2507 792 2541; x_wconf 84' lang='lat' dir='ltr'><strong>narratam</strong></span> <span class='ocrx_word' id='word_1_282' title='bbox 825 2504 1049 2551; x_wconf 80' lang='lat' dir='ltr'><strong>respiciunt.</strong></span> <span class='ocrx_word' id='word_1_283' title='bbox 1114 2504 1330 2542; x_wconf 86' lang='lat' dir='ltr'><strong>Secundum</strong></span> <span class='ocrx_word' id='word_1_284' title='bbox 1361 2504 1462 2541; x_wconf 83' lang='lat' dir='ltr'><strong>hanc</strong></span> <span class='ocrx_word' id='word_1_285' title='bbox 1490 2504 1610 2541; x_wconf 87' lang='lat' dir='ltr'><strong>inter-</strong></span> 
     </span>
     <span class='ocr_line' id='line_1_34' title="bbox 137 2550 1609 2604; baseline -0.003 -11"><span class='ocrx_word' id='word_1_286' title='bbox 137 2553 407 2604; x_wconf 81' lang='lat' dir='ltr'><strong>pretationem,</strong></span> <span class='ocrx_word' id='word_1_287' title='bbox 430 2552 538 2590; x_wconf 66' lang='lat' dir='ltr'><strong>Isaac</strong></span> <span class='ocrx_word' id='word_1_288' title='bbox 561 2551 685 2589; x_wconf 88' lang='lat' dir='ltr'><strong>Deum</strong></span> <span class='ocrx_word' id='word_1_289' title='bbox 710 2551 910 2600; x_wconf 82' lang='lat' dir='ltr'><strong>significat,</strong></span> <span class='ocrx_word' id='word_1_290' title='bbox 935 2552 1109 2589; x_wconf 83' lang='lat' dir='ltr'><strong>Rebecca</strong></span> <span class='ocrx_word' id='word_1_291' title='bbox 1126 2554 1257 2589; x_wconf 83' lang='lat' dir='ltr'><strong>autem</strong></span> <span class='ocrx_word' id='word_1_292' title='bbox 1281 2550 1471 2596; x_wconf 71' lang='lat' dir='ltr'><strong>gratiam:</strong></span> <span class='ocrx_word' id='word_1_293' title='bbox 1496 2551 1609 2589; x_wconf 83' lang='lat' dir='ltr'><strong>Iacob</strong></span> 
     </span>
     <span class='ocr_line' id='line_1_35' title="bbox 137 2597 1607 2654; baseline -0.002 -14"><span class='ocrx_word' id='word_1_294' title='bbox 137 2615 208 2651; x_wconf 84' lang='lat' dir='ltr'><strong>pro</strong></span> <span class='ocrx_word' id='word_1_295' title='bbox 235 2601 453 2639; x_wconf 87' lang='lat' dir='ltr'><strong>hominibus</strong></span> <span class='ocrx_word' id='word_1_296' title='bbox 477 2599 739 2648; x_wconf 83' lang='lat' dir='ltr'><strong>spiritualibus</strong></span> <span class='ocrx_word' id='word_1_297' title='bbox 764 2599 930 2654; x_wconf 84' lang='lat' dir='ltr'><strong>ponitur,</strong></span> <span class='ocrx_word' id='word_1_298' title='bbox 955 2597 1055 2635; x_wconf 75' lang='lat' dir='ltr'><strong>Esau</strong></span> <span class='ocrx_word' id='word_1_299' title='bbox 1106 2611 1148 2636; x_wconf 87' lang='lat' dir='ltr'><strong>ro</strong></span> <span class='ocrx_word' id='word_1_300' title='bbox 1172 2599 1388 2636; x_wconf 83' lang='lat' dir='ltr'><strong>carnalibus</strong></span> <span class='ocrx_word' id='word_1_301' title='bbox 1417 2599 1483 2645; x_wconf 83' lang='lat' dir='ltr'><strong>(cf.</strong></span> <span class='ocrx_word' id='word_1_302' title='bbox 1510 2600 1607 2647; x_wconf 78' lang='lat' dir='ltr'><strong>Aug.</strong></span> 
     </span>
     <span class='ocr_line' id='line_1_36' title="bbox 136 2646 1608 2703; baseline -0.003 -15"><span class='ocrx_word' id='word_1_303' title='bbox 136 2652 251 2688; x_wconf 69' lang='lat' dir='ltr'><strong>Ser-m.</strong></span> <span class='ocrx_word' id='word_1_304' title='bbox 269 2649 319 2686; x_wconf 81' lang='lat' dir='ltr'><strong>iv.</strong></span> <span class='ocrx_word' id='word_1_305' title='bbox 336 2660 369 2703; x_wconf 71' lang='lat'><strong>3,</strong></span> <span class='ocrx_word' id='word_1_306' title='bbox 387 2648 520 2696; x_wconf 62' lang='lat' dir='ltr'><strong>ligne</strong></span> <span class='ocrx_word' id='word_1_307' title='bbox 536 2650 577 2685; x_wconf 89' lang='lat' dir='ltr'><strong>P.</strong></span> <span class='ocrx_word' id='word_1_308' title='bbox 595 2649 639 2685; x_wconf 88' lang='lat' dir='ltr'><strong>L.</strong></span> <span class='ocrx_word' id='word_1_309' title='bbox 655 2646 809 2684; x_wconf 79' lang='lat' dir='ltr'><strong>xxxviii.</strong></span> <span class='ocrx_word' id='word_1_310' title='bbox 828 2648 891 2694; x_wconf 84' lang='lat'><strong>34)</strong></span> <span class='ocrx_word' id='word_1_311' title='bbox 906 2660 915 2690; x_wconf 90' lang='grc'>;</span> <span class='ocrx_word' id='word_1_312' title='bbox 939 2650 1057 2684; x_wconf 82' lang='lat' dir='ltr'><strong>vestes</strong></span> <span class='ocrx_word' id='word_1_313' title='bbox 1099 2646 1321 2693; x_wconf 83' lang='lat' dir='ltr'><strong>eniquefilii</strong></span> <span class='ocrx_word' id='word_1_314' title='bbox 1335 2648 1431 2683; x_wconf 85' lang='lat' dir='ltr'><strong>natu</strong></span> <span class='ocrx_word' id='word_1_315' title='bbox 1443 2647 1608 2691; x_wconf 83' lang='lat' dir='ltr'><strong>maioris.</strong></span> 
     </span>
     <span class='ocr_line' id='line_1_37' title="bbox 137 2693 1609 2746; baseline -0.002 -11"><span class='ocrx_word' id='word_1_316' title='bbox 137 2698 277 2746; x_wconf 82' lang='lat' dir='ltr'><strong>quibus</strong></span> <span class='ocrx_word' id='word_1_317' title='bbox 298 2697 420 2733; x_wconf 75' lang='lat' dir='ltr'><strong>filium</strong></span> <span class='ocrx_word' id='word_1_318' title='bbox 442 2695 624 2732; x_wconf 81' lang='lat' dir='ltr'><strong>minorem</strong></span> <span class='ocrx_word' id='word_1_319' title='bbox 646 2694 776 2731; x_wconf 89' lang='lat' dir='ltr'><strong>induit</strong></span> <span class='ocrx_word' id='word_1_320' title='bbox 792 2695 977 2738; x_wconf 85' lang='lat' dir='ltr'><strong>Rebecca,</strong></span> <span class='ocrx_word' id='word_1_321' title='bbox 990 2706 1060 2742; x_wconf 89' lang='lat' dir='ltr'><strong>pro</strong></span> <span class='ocrx_word' id='word_1_322' title='bbox 1072 2694 1182 2732; x_wconf 87' lang='lat' dir='ltr'><strong>rebus</strong></span> <span class='ocrx_word' id='word_1_323' title='bbox 1204 2693 1387 2740; x_wconf 85' lang='lat' dir='ltr'><strong>externis,</strong></span> <span class='ocrx_word' id='word_1_324' title='bbox 1397 2706 1497 2741; x_wconf 83' lang='lat' dir='ltr'><strong>quae</strong></span> <span class='ocrx_word' id='word_1_325' title='bbox 1508 2694 1609 2732; x_wconf 84' lang='lat' dir='ltr'><strong>bene</strong></span> 
     </span>
     <span class='ocr_line' id='line_1_38' title="bbox 137 2742 1611 2787; baseline -0.001 -5"><span class='ocrx_word' id='word_1_326' title='bbox 137 2744 267 2782; x_wconf 80' lang='lat' dir='ltr'><strong>utenti</strong></span> <span class='ocrx_word' id='word_1_327' title='bbox 281 2745 417 2787; x_wconf 74' lang='lat' dir='ltr'><strong>bonae,</strong></span> <span class='ocrx_word' id='word_1_328' title='bbox 435 2743 535 2779; x_wconf 81' lang='lat' dir='ltr'><strong>male</strong></span> <span class='ocrx_word' id='word_1_329' title='bbox 552 2746 681 2779; x_wconf 83' lang='lat' dir='ltr'><strong>autem</strong></span> <span class='ocrx_word' id='word_1_330' title='bbox 698 2742 827 2779; x_wconf 82' lang='lat' dir='ltr'><strong>utenti</strong></span> <span class='ocrx_word' id='word_1_331' title='bbox 840 2742 963 2779; x_wconf 85' lang='lat' dir='ltr'><strong>malae</strong></span> <span class='ocrx_word' id='word_1_332' title='bbox 974 2743 1128 2779; x_wconf 83' lang='lat' dir='ltr'><strong>evadere</strong></span> <span class='ocrx_word' id='word_1_333' title='bbox 1140 2742 1274 2779; x_wconf 81' lang='lat' dir='ltr'><strong>solent.</strong></span> <span class='ocrx_word' id='word_1_334' title='bbox 1373 2752 1387 2779; x_wconf 79' lang='grc' dir='ltr'>ι</span> <span class='ocrx_word' id='word_1_335' title='bbox 1397 2752 1412 2778; x_wconf 88' lang='grc' dir='ltr'><strong>ι</strong></span> <span class='ocrx_word' id='word_1_336' title='bbox 1432 2743 1611 2780; x_wconf 66' lang='lat' dir='ltr'><strong>adum</strong></span> 
     </span>
     <span class='ocr_line' id='line_1_39' title="bbox 137 2789 1609 2838; baseline -0.001 -8"><span class='ocrx_word' id='word_1_337' title='bbox 137 2805 282 2830; x_wconf 69' lang='lat' dir='ltr'><strong>onmem</strong></span> <span class='ocrx_word' id='word_1_338' title='bbox 299 2793 371 2829; x_wconf 86' lang='lat' dir='ltr'><strong>etc.</strong></span> <span class='ocrx_word' id='word_1_339' title='bbox 388 2804 397 2828; x_wconf 76' lang='grc' dir='ltr'>ε</span> <span class='ocrx_word' id='word_1_340' title='bbox 424 2791 472 2828; x_wconf 84' lang='lat' dir='ltr'><strong>cf.</strong></span> <span class='ocrx_word' id='word_1_341' title='bbox 490 2789 588 2837; x_wconf 80' lang='lat' dir='ltr'><strong>Eph.</strong></span> <span class='ocrx_word' id='word_1_342' title='bbox 604 2789 653 2826; x_wconf 83' lang='lat' dir='ltr'><strong>vi.</strong></span> <span class='ocrx_word' id='word_1_343' title='bbox 676 2801 730 2827; x_wconf 86' lang='lat'><strong>12.</strong></span> <span class='ocrx_word' id='word_1_344' title='bbox 931 2800 977 2836; x_wconf 85' lang='lat'><strong>²3</strong></span> <span class='ocrx_word' id='word_1_345' title='bbox 1000 2793 1192 2836; x_wconf 59' lang='lat' dir='ltr'><strong>superius:</strong></span> <span class='ocrx_word' id='word_1_346' title='bbox 1217 2801 1251 2825; x_wconf 81' lang='lat' dir='ltr'><strong>v.</strong></span> <span class='ocrx_word' id='word_1_347' title='bbox 1268 2801 1384 2837; x_wconf 85' lang='lat' dir='ltr'><strong>supra</strong></span> <span class='ocrx_word' id='word_1_348' title='bbox 1399 2801 1453 2827; x_wconf 85' lang='lat' dir='ltr'><strong>cc.</strong></span> <span class='ocrx_word' id='word_1_349' title='bbox 1471 2800 1609 2838; x_wconf 72' lang='lat' dir='ltr'><strong>aseqq.</strong></span> 
     </span>
     <span class='ocr_line' id='line_1_40' title="bbox 138 2836 1278 2889; baseline -0.004 -10"><span class='ocrx_word' id='word_1_350' title='bbox 138 2850 183 2889; x_wconf 78' lang='lat'><strong>23</strong></span> <span class='ocrx_word' id='word_1_351' title='bbox 208 2841 446 2887; x_wconf 67' lang='lat' dir='ltr'><strong>wffmqu&#39;um:</strong></span> <span class='ocrx_word' id='word_1_352' title='bbox 472 2837 497 2875; x_wconf 86' lang='lat' dir='ltr'><strong>i.</strong></span> <span class='ocrx_word' id='word_1_353' title='bbox 511 2850 553 2883; x_wconf 89' lang='lat' dir='ltr'><strong>e.,</strong></span> <span class='ocrx_word' id='word_1_354' title='bbox 571 2840 619 2875; x_wconf 89' lang='lat' dir='ltr'><strong>ut</strong></span> <span class='ocrx_word' id='word_1_355' title='bbox 633 2836 793 2882; x_wconf 84' lang='lat' dir='ltr'><strong>videtur,</strong></span> <span class='ocrx_word' id='word_1_356' title='bbox 810 2839 1017 2885; x_wconf 68' lang='lat' dir='ltr'><strong>opinionem</strong></span> <span class='ocrx_word' id='word_1_357' title='bbox 1033 2837 1110 2875; x_wconf 83' lang='lat' dir='ltr'><strong>sive</strong></span> <span class='ocrx_word' id='word_1_358' title='bbox 1117 2839 1278 2884; x_wconf 79' lang='lat' dir='ltr'><strong>famam.</strong></span> 
     </span>
    </p>
   </div>
   <div class='ocr_carea' id='block_1_6' title="bbox 1437 2916 1502 2952">
    <p class='ocr_par' dir='ltr' id='par_1_6' title="bbox 1437 2916 1502 2952">
     <span class='ocr_line' id='line_1_41' title="bbox 1437 2916 1502 2952; baseline 0 0"><span class='ocrx_word' id='word_1_359' title='bbox 1437 2916 1502 2952; x_wconf 69' lang='grc'><strong>343</strong></span> 
     </span>
    </p>
   </div>
  </div>
 </body>
</html>
