1846 3262
79 231 158 280 757
175 236 207 268 a
557 225 820 272 IOANNIS
860 225 1378 273 SARESBERIENSIS
1473 227 1582 290 [mn.
1598 239 1694 274 vm

224 350 418 394 seruitus
445 350 622 407 turpior
643 363 778 406 quam
803 347 1074 392 uoluntaria.
1133 348 1197 392 At
1222 362 1304 393 nos
1326 349 1434 408 iugo
1458 364 1486 393 a
1513 350 1698 395 fortuna

224 420 435 477 imposito
464 420 765 463 subiacentem
804 421 1034 475 tamquam
1074 418 1286 462 miserum
1333 419 1557 477 uilemque
1606 420 1696 464 cal-

224 504 404 542 camus3
449 489 568 547 quod
596 503 705 532 uero
733 502 815 531 nos
850 488 1018 531 nostris
1049 488 1300 532 ceruicibus
1328 488 1578 541 inferimus,
1607 504 1700 533 non

223 559 423 616 patimur
437 558 714 638 reprehendi.
765 558 976 601 Inuenies
990 558 1113 601 inter
1130 572 1281 602 seruos
1297 558 1491 616 aliquem
1510 559 1700 616 pecunia

224 628 483 681 fortiorem3
530 628 735 671 inuenies
775 627 1005 671 dominum
1045 642 1123 684 spe
1169 627 1283 671 lucri
1322 628 1472 672 oscula
1510 628 1699 671 aliorum
1719 649 1740 684 5

225 698 683 764 seruorumjmanibus
703 698 979 755 infigentem.
1038 697 1144 741 Non
1165 712 1269 756 ergo
1296 697 1481 741 fortuna
1499 697 1702 741 homines

226 767 444 811 estimabo
463 768 540 810 sed
555 767 767 812 moribus.
818 766 917 810 Sibi
933 767 1122 825 quisque
1137 767 1216 810 dat
1232 782 1386 819 mores,
1399 767 1702 811 conditionem

225 850 352 882 casus
382 837 595 895 assignat.
656 837 1040 891 Quemadmodum
1071 837 1238 881 stultus
1265 840 1334 881 est
1363 837 1442 895 qui
1471 839 1703 895 empturus

225 922 389 964 equum
409 922 499 950 non
523 907 672 964 ipsum
696 907 915 965 conspicit
942 907 1020 950 sed
1044 910 1238 950 stratum
1267 907 1364 950 eius
1383 922 1434 951 ac
1455 907 1619 958 frenos,
1638 906 1703 950 sic

223 976 518 1020 stultissimus
533 979 601 1020 est
614 978 692 1034 qui
712 977 938 1021 hominem
959 980 1039 1020 aut
1059 991 1116 1020 ex
1135 980 1261 1020 ueste
1276 980 1356 1020 aut
1375 992 1432 1020 ex
1447 977 1703 1021 conditione
1723 989 1765 1014 10

226 1047 527 1090 estimandum
552 1050 698 1104 putat.
757 1047 862 1090 Non
889 1050 969 1099 est,
989 1047 1053 1090 mi
1080 1047 1350 1105 Euuangele,
1370 1047 1489 1104 quod
1509 1047 1703 1090 amicum

225 1119 405 1160 tantum
425 1117 474 1159 in
493 1116 592 1160 foro
613 1117 720 1161 etin
739 1118 866 1162 curia
885 1132 1096 1174 quaeras3
1125 1117 1163 1161 si
1184 1117 1426 1175 diligenter
1444 1118 1704 1171 attenderis,

177 1189 207 1228 b
226 1186 427 1230 inuenies
462 1190 507 1230 et
541 1187 674 1231 domi.
735 1187 803 1231 Tu
837 1187 968 1230 modo
1002 1187 1111 1230 uiue
1140 1202 1242 1231 011111
1281 1202 1411 1231 seruo
1442 1187 1703 1240 clementem

226 1257 411 1301 comiter
445 1271 619 1314 quoque
652 1259 698 1301 et
731 1257 782 1301 111
815 1272 1063 1301 sermonem
1092 1257 1222 1300 illum
1252 1260 1299 1301 et
1327 1257 1377 1300 in
1406 1257 1703 1301 necessarium

225 1341 562 1383 nonnumquam
586 1327 777 1371 admitte
806 1327 1053 1371 consilium.
1114 1327 1234 1370 Nam
1266 1330 1312 1371 et
1340 1328 1531 1371 maiores
1559 1327 1704 1371 nostri
1725 1338 1766 1373 15

227 1410 403 1440 omnem
453 1396 647 1440 dominis
695 1397 931 1449 inuidiam,
970 1412 1147 1441 omnem
1197 1397 1339 1441 seruis
1388 1397 1705 1441 contumeliam

226 1466 526 1519 detrahentes,
556 1466 788 1510 dominum
817 1470 991 1524 patrem
1026 1467 1236 1520 familias,
1267 1482 1419 1511 seruos
1458 1466 1707 1510 familiares

226 1535 577 1593 appellauerunt.
637 1535 800 1580 Colant
814 1551 921 1594 ergo
939 1539 986 1580 te
1000 1537 1152 1594 potius
1172 1536 1291 1580 serui
1311 1536 1395 1590 tui,
1409 1537 1545 1580 michi
1564 1537 1705 1588 crede,

226 1620 361 1663 quam
381 1605 582 1657 timeant,
602 1620 682 1650 1100
711 1606 797 1649 tibi
825 1621 984 1664 parum
1004 1606 1214 1650 uideatur
1233 1621 1326 1650 esse
1347 1607 1466 1664 quod
1486 1607 1573 1650 diis
1593 1607 1706 1651 satis

227 1679 308 1719 est.
380 1676 500 1719 Nam
527 1676 646 1733 quod
676 1676 839 1720 colitur
863 1676 998 1719 etiam
1025 1679 1216 1719 amatur.
1277 1676 1373 1720 Nec
1402 1679 1551 1734 potest
1579 1692 1706 1720 amor
1724 1699 1770 1724 πο

227 1760 329 1789 011111
357 1746 519 1790 timore
548 1746 735 1790 misceri.
795 1746 925 1789 Vnde
955 1746 1074 1790 enim
1113 1749 1248 1804 putas
1287 1747 1706 1805 arrogantissimum

227 1816 341 1859 illud
379 1831 582 1860 manasse
622 1816 911 1874 prouerbium
951 1816 1070 1873 quod
1113 1816 1310 1860 iactatur
1348 1817 1535 1860 totidem
1575 1817 1707 1861 nobis

227 1886 377 1929 hostes
409 1901 504 1929 esse
542 1889 652 1944 quot
686 1887 871 1931 seruos'l
928 1885 1035 1930 Non
1068 1886 1284 1930 habemus
1314 1887 1464 1931 hostes
1497 1887 1599 1931 illos
1629 1887 1708 1931 sed

228 1955 430 2008 facimus,
469 1971 570 2000 011111
613 1956 662 1999 111
701 1956 801 2000 11108
840 1957 1146 2014 superbissimi
1189 1957 1622 2001 contumeliosissimi
1661 1960 1711 2001 et

187 2042 212 2072 c
229 2026 523 2070 crudelissimi
544 2041 709 2077 sumus,
722 2029 768 2070 et
787 2026 846 2069 ad
866 2027 1037 2070 rabiem
1057 2042 1139 2070 nos
1159 2030 1326 2084 cogunt
1337 2027 1492 2071 uenire
1512 2027 1707 2079 deliciae,
1727 2045 1771 2083 25

228 2099 282 2139 ut
302 2096 515 2153 quicquid
534 2111 625 2139 non
645 2111 702 2140 ex
723 2096 957 2140 uoluntate
977 2097 1268 2154 responderit,
1288 2097 1402 2140 iram
1423 2096 1710 2155 furoremque

228 2169 454 2223 prouocet.
515 2166 649 2209 Domi
669 2165 789 2209 enim
809 2166 939 2210 nobis
963 2167 1137 2211 animos
1160 2166 1392 2210 induimus
1412 2167 1708 2221 tirannorum,

229 2239 276 2280 et
294 2251 385 2279 non
406 2240 625 2294 quantum
645 2236 783 2289 decet,
803 2237 880 2280 sed
901 2239 1121 2294 quantum
1140 2237 1256 2288 licet,
1278 2251 1482 2281 exercere
1501 2237 1711 2282 uolumus

229 2306 279 2348 in
298 2321 461 2350 seruos.
522 2306 654 2358 Nam,
674 2308 728 2350 111,
753 2309 901 2350 cetera
924 2307 1206 2351 crudelitatis
1229 2322 1394 2365 genera
1420 2310 1708 2365 praeteream,

231 2378 339 2420 sunt
382 2376 460 2433 qui
494 2375 603 2419 dum
636 2391 685 2420 se
715 2390 895 2420 mensae
926 2377 1066 2435 copiis
1099 2379 1145 2421 et
1179 2376 1400 2420 auiditate
1433 2377 1709 2429 distendunt,
1727 2398 1774 2434 30

229 2446 572 2490 circumstantes
602 2460 756 2490 seruos
785 2460 966 2491 mouere
994 2447 1122 2491 labra
1150 2461 1232 2491 nec
1260 2446 1311 2490 in
1340 2447 1425 2491 hoc
1445 2447 1626 2504 quidem
1655 2449 1711 2491 ut

234 2582 279 2610 10
302 2584 348 2610 ex
366 2572 587 2611 conditione
604 2574 672 2610 aut
689 2583 736 2610 ex
752 2575 859 2611 ueste
876 2572 918 2609 M
1065 2582 1105 2610 11
1132 2572 1317 2620 euangele
1333 2572 1358 2610 S
1506 2574 1549 2611 18
1572 2573 1713 2620 apella·

230 2623 369 2657 uerunt
386 2620 411 2657 S
578 2632 626 2658 20
649 2620 765 2668 quod]
784 2621 851 2668 qui
869 2621 894 2657 S
1061 2631 1108 2658 22
1131 2632 1286 2658 manase
1304 2620 1329 2658 S
1496 2630 1540 2669 25
1567 2623 1714 2668 cogunt

231 2679 301 2706 nos
317 2668 414 2705 CBA
557 2678 601 2714 27
626 2671 881 2716 tyrannorum
899 2668 941 2705 M

282 2798 302 2836 5
328 2791 510 2827 aliorum:
535 2793 740 2828 alienorum
765 2790 931 2827 Macrob.
1127 2801 1171 2838 19
1195 2803 1260 2828 nec
1283 2793 1350 2828 tavi
1367 2803 1508 2838 parum
1539 2793 1713 2827 uideatur

234 2849 324 2873 esse:
362 2838 487 2875 Verba
513 2838 699 2876 Macrobii
733 2839 967 2877 abbreviavit
998 2839 1170 2877 Ioannes.
1409 2850 1458 2876 20
1489 2841 1588 2875 Nam
1614 2839 1709 2885 quod

234 2885 384 2921 colitur:
410 2887 550 2923 Deinde
566 2888 629 2933 qui
645 2888 779 2924 colitur
793 2887 965 2924 Macrob.
1107 2896 1153 2934 27
1173 2891 1368 2935 prouocetz
1391 2892 1509 2924 euocet
1525 2885 1695 2924 Μαι-οὶ).

347 2957 414 2999 308
