1846 3262
80 215 166 264 766
187 225 218 255 a
564 212 765 258 IOANN
767 213 825 258 IS
866 213 1381 259 SARESBERIENSIS
1483 214 1592 276 [Lm.
1609 227 1704 259 VIII

236 333 431 378 familias
450 336 597 393 gratia
618 334 874 378 destinauit.
934 334 1009 378 Sic
1030 336 1075 377 et
1099 334 1183 378 iste
1207 335 1351 392 primo
1379 336 1548 379 tribum
1578 350 1705 379 suam

234 405 447 462 agnoscit,
480 419 594 461 quae
629 404 872 447 Dominum
907 404 1159 461 specialiter
1189 405 1466 463 agnoscebat,
1496 408 1541 449 et
1575 406 1623 448 in
1654 420 1706 448 ea

234 474 332 531 ipsa
365 475 464 517 illos
495 474 653 517 ceteris
681 473 891 531 praefert,
910 489 999 517 non
1030 489 1140 531 quos
1169 474 1351 532 sanguis
1381 477 1461 518 aut
1489 475 1708 519 lenocinia

234 544 390 587 mundi
429 544 649 587 exinaniti
695 544 1018 595 commendant,
1058 543 1135 587 sed
1185 558 1295 601 quos
1343 544 1524 588 diuinus
1572 545 1708 588 timor

233 613 440 656 illustrat.
491 612 594 656 Non
614 613 770 670 utique
789 613 1093 670 uentriloquos
1106 615 1151 656 et
1162 613 1425 671 uaniloquos
1437 614 1509 657 uir
1528 618 1707 658 sanctus
1725 635 1744 668 5

234 682 408 736 asciuit,
429 683 507 726 sed
526 698 599 726 eos
627 683 705 740 qui
735 682 833 735 Dei,
858 697 990 740 quem
1010 682 1194 734 colebat,
1214 683 1454 741 imaginem
1485 683 1705 741 praefere-

235 753 354 796 bant.
415 752 505 796 Sed
525 752 744 809 numquid
771 752 859 795 diei
885 752 1112 796 festiuitas
1140 752 1334 796 fratrum
1355 756 1479 796 cetus
1498 757 1579 797 aut
1598 769 1705 812 opu·

234 821 373 865 lentia
405 822 654 866 eduliorum
687 838 714 865 a
748 822 954 880 gerendis
986 837 1066 880 pro
1096 837 1218 866 more
1249 826 1452 866 sanctum
1483 823 1707 867 hominem

234 892 512 936 retardauit'l
572 893 739 950 Vtique
761 893 808 935 in
836 893 934 950 ipsa
963 893 1110 936 letitia
1138 892 1487 944 conuiuantium‚
1508 894 1706 951 increpa-

233 965 307 1005 tus
354 977 382 1005 a
422 962 650 1013 fratribus,
693 963 934 1018 Hebreum,
976 977 1107 1019 quem
1154 962 1212 1005 ab
1257 962 1407 1020 impiis
1450 977 1706 1020 percussum
1727 985 1769 1008 10

233 1032 449 1084 audierat,
480 1035 582 1090 post
611 1032 716 1076 solis
746 1032 1011 1083 occubitum,
1042 1032 1148 1089 quia
1181 1035 1286 1076 ante
1317 1047 1407 1076 non
1438 1033 1577 1084 licuit,
1606 1048 1707 1090 pro-

234 1101 378 1145 fectus
403 1105 470 1146 est
490 1102 688 1160 sepelire.
747 1102 842 1146 Nec
862 1102 1034 1145 ueritus
1054 1105 1122 1145 est
1136 1102 1345 1145 offensam
1363 1102 1588 1160 principis,
1601 1103 1708 1146 dum

233 1172 433 1229 expleret
452 1173 644 1216 officium
665 1173 890 1225 caritatis3
920 1172 986 1215 illi
1007 1172 1139 1230 plane
1159 1172 1400 1216 consimilis
1425 1172 1501 1230 qui
1527 1173 1575 1216 in
1596 1188 1642 1216 se
1662 1177 1708 1217 et

233 1242 380 1286 sobole
418 1258 551 1299 quam
584 1243 632 1285 in
667 1242 919 1300 hospitibus
953 1242 1146 1300 recipere
1185 1242 1346 1286 maluit
1379 1257 1407 1286 a
1450 1243 1708 1286 conciuibus

234 1311 474 1355 luxuriosis
506 1312 726 1370 insignem
761 1312 983 1355 iniuriam.
1056 1312 1275 1369 Discipuli
1315 1327 1489 1369 quoque
1528 1327 1707 1370 persua·
1729 1330 1768 1363 15

185 1385 215 1423 b
234 1381 432 1425 sionibus
451 1381 521 1425 usi
542 1385 649 1425 sunt
668 1385 722 1425 ut
736 1381 979 1425 Dominum
994 1381 1218 1425 uolentem
1239 1381 1304 1425 ire
1319 1382 1495 1440 longius
1514 1382 1709 1440 hospitio

234 1451 497 1502 detinerent,
529 1454 575 1495 et
613 1451 742 1495 nobis
778 1451 1099 1509 hospitalitatis
1138 1451 1328 1495 formam
1359 1452 1708 1509 praescribentes

234 1521 437 1578 exemplo
468 1524 709 1579 coegerunt
747 1536 860 1572 eum,
890 1521 1064 1578 uisique
1108 1524 1214 1564 sunt
1253 1521 1294 1564 ei
1343 1521 1487 1565 locum
1527 1523 1707 1566 cessisse

233 1590 428 1647 primum
441 1605 572 1648 quem
585 1590 867 1648 postmodum
881 1593 1162 1648 agnouerunt
1173 1590 1416 1634 Dominum
1429 1591 1476 1634 in
1489 1591 1707 1636 fractione

234 1660 374 1718 panis.
434 1661 560 1704 Alias
594 1676 786 1718 namque
819 1661 1010 1711 delicias,
1042 1661 1130 1704 nisi
1162 1676 1272 1718 quas
1312 1660 1429 1704 forte
1468 1662 1707 1706 necessitas
1727 1683 1770 1706 πο

235 1730 455 1788 exigebat,
496 1730 536 1774 ei
586 1746 676 1774 non
726 1730 916 1788 legimus
965 1730 1104 1774 fuisse
1152 1731 1389 1788 appositas.
1469 1731 1707 1776 Britannia

191 1814 217 1842 c
235 1815 409 1858 quoque
439 1803 594 1844 nostra
623 1801 838 1858 produxit
867 1800 1106 1852 Albanum,
1136 1801 1193 1844 ab
1222 1800 1363 1844 officio
1387 1801 1708 1859 hospitalitatis

234 1870 467 1928 insignem,
500 1870 577 1927 qui
609 1871 804 1927 seipsum
836 1869 997 1913 maluit
1031 1870 1312 1914 tirannorum
1352 1885 1572 1928 exponere
1606 1872 1709 1916 telis

234 1955 368 1997 quam
403 1940 624 1997 hospitem
656 1955 788 1997 quem
823 1943 1077 1998 susceperat
1109 1939 1429 1984 Christianum.
1503 1941 1623 1995 Quid
1652 1942 1707 1986 de

233 2010 439 2053 fidelibus
468 2010 654 2067 loquor'l
694 2025 795 2054 cum
826 2010 961 2053 etiam
996 2010 1196 2054 infideles
1227 2011 1539 2054 consueuerint
1570 2012 1706 2055 etiam
1727 2029 1769 2063 ²5

235 2080 449 2123 aduersus
476 2080 625 2123 hostes
656 2082 702 2122 et
726 2079 906 2137 proprio
932 2079 1129 2137 periculo
1155 2080 1426 2137 patrocinari
1450 2096 1560 2138 quos
1586 2081 1709 2126 infra

235 2149 535 2207 quadriduum
555 2149 749 2207 hospitio
777 2149 1084 2206 suscepissent.
1146 2149 1358 2194 Criminis
1388 2150 1507 2193 enim
1534 2154 1708 2195 contra-

234 2219 370 2263 hebat
402 2222 556 2263 notam
592 2218 794 2276 quisquis
833 2221 938 2262 ante
979 2219 1187 2276 quintum
1227 2219 1344 2263 diem
1385 2220 1514 2272 hosti,
1554 2220 1602 2264 id
1642 2225 1711 2266 est

234 2289 481 2347 peregrino,
517 2289 812 2332 humanitatis
843 2289 1141 2346 patrocinium
1176 2289 1436 2347 denegabat.
1515 2290 1709 2335 Auctore

235 2359 454 2416 siquidem
488 2358 700 2403 Cicerone
729 2358 787 2402 ob
818 2359 1091 2415 aequitatem
1126 2359 1377 2416 hospitibus
1412 2359 1708 2404 exhibendam
1728 2374 1771 2407 30

234 2428 375 2472 hostis
390 2428 622 2472 dicebatur
642 2427 892 2485 antiquitus
913 2442 1044 2486 quem
1057 2428 1188 2472 modo
1203 2428 1391 2472 dicimus
1405 2429 1710 2488 peregrinum3

240 2571 281 2607 13
301 2565 386 2606 post
405 2561 445 2597 et
460 2562 545 2597 add.
563 2560 605 2596 in
620 2559 654 2596 A
776 2569 820 2596 22
846 2559 895 2596 ab
913 2558 1035 2596 officio
1052 2559 1245 2596 Albanum
1261 2558 1324 2596 0¹:
1349 2559 1396 2597 ab
1413 2572 1482 2598 om.
1499 2560 1543 2598 B.
1663 2571 1707 2606 27

235 2607 484 2655 quatriduum
502 2607 583 2643 S²M
727 2617 770 2654 31
799 2606 1014 2654 antiquitus
1032 2606 1231 2644 dicebatur
1245 2607 1279 2644 A

285 2739 300 2765 1
329 2730 416 2764 iste:
442 2739 490 2764 sc.
506 2727 645 2764 Tobias
663 2729 796 2775 pater3
823 2739 855 2764 v.
872 2726 944 2764 loc.
964 2739 1079 2775 supra
1095 2727 1161 2765 cit.
1362 2738 1385 2775 9
1414 2730 1541 2776 Vtique
1557 2731 1650 2766 eta:
1675 2742 1707 2766 v.

234 2776 324 2812 Tob.
342 2776 383 2812 ii.
403 2786 537 2822 3seqq.
670 2786 712 2821 13
738 2777 822 2811 illi:
850 2787 901 2812 sc.
919 2775 1018 2812 Loth
1034 2789 1043 2819 ;
1069 2788 1101 2813 v.
1120 2775 1213 2812 Gen.
1233 2775 1304 2813 loc.
1325 2788 1442 2823 supra
1458 2776 1523 2813 cit.
1665 2787 1704 2825 15

237 2825 421 2869 Discipuli
437 2824 508 2860 etc.
525 2835 534 2860 :
560 2835 591 2860 v,
611 2822 702 2859 Luc.
719 2823 818 2859 xxiv.
837 2833 883 2868 29
896 2835 996 2869 seqq.
1153 2833 1195 2860 21
1223 2825 1427 2861 Britannia
1445 2825 1541 2862 etc.:
1567 2836 1598 2861 v.
1615 2824 1707 2862 Bed.

235 2871 330 2907 Hist.
347 2872 444 2907 Eccl.
462 2869 487 2907 i.
507 2879 540 2916 7.
685 2881 732 2917 30
759 2872 949 2908 Cicerone:
975 2883 1006 2907 v.
1024 2872 1068 2907 de
1087 2872 1153 2917 Off.
1172 2870 1198 2909 i.
1220 2881 1261 2908 12
1279 2870 1298 2920 ξ
1315 2880 1374 2919 37.

347 2951 414 2983 324
