1846 3262
59 216 152 262 ,626
171 212 201 253 d
551 208 816 255 IOANNIS
858 207 1383 253 SARESBERIENSIS
1532 209 1644 266 [Lm.
1660 220 1712 254 v1

219 336 352 381 terris
374 334 600 394 quandam
621 333 863 391 imaginem
885 331 1080 375 deitatis.
1141 330 1201 374 Et
1221 345 1279 374 ex
1303 345 1355 374 eo
1375 330 1557 389 quidem
1577 332 1714 375 maie-

219 408 351 452 statis
373 407 539 450 dicitur
562 405 741 455 crimen,
764 403 883 461 quod
911 401 1198 460 persequitur
1222 401 1345 445 illius
1371 402 1614 460 imaginem
1636 403 1714 460 qui

219 479 351 531 solus,
373 478 489 521 sicut
513 475 702 519 illustris
730 489 875 518 comes
903 472 1210 531 Legecestriae
1235 471 1491 516 Rodbertus
1515 473 1716 516 modeste

219 547 582 606 proconsulatum
617 560 777 603 gerens
818 544 938 602 apud
980 542 1243 586 Britannias
1283 542 1430 586 dicere
1469 543 1716 597 consueuit,

219 633 351 662 uerae
380 621 426 661 et
450 618 670 674 ingenuae
700 614 951 659 maiestatis
982 615 1149 657 retinet
1177 613 1442 666 ueritate1n3
1472 616 1586 670 puta
1612 628 1715 658 cum
1734 631 1754 667 5

220 690 320 746 quis
341 689 555 732 aduersus
575 686 790 745 principis
811 685 1098 729 securitatem
1120 687 1202 728 aut
1222 684 1378 742 populi
1401 684 1510 742 quid
1530 684 1718 728 molitur

220 760 315 802 siue
347 774 426 816 per
456 774 502 802 se
533 758 629 801 siue
659 773 740 815 per
770 757 922 801 alium.
982 756 1039 799 In
1067 755 1203 798 huius
1230 758 1383 799 autem
1408 755 1717 813 persecutione

219 830 426 873 omnibus
465 844 609 886 aequa
653 828 851 872 conditio
897 830 989 881 est3
1040 830 1086 870 et
1131 826 1395 884 plerumque
1439 827 1493 870 fit
1539 829 1593 870 ut
1635 841 1718 871 nec

219 900 377 943 mortis
407 899 632 950 beneficio,
658 899 705 941 in
733 899 804 942 his
830 898 967 941 etiam
996 912 1107 955 quos
1134 912 1265 940 nemo
1292 897 1505 941 conuenit
1531 897 1580 940 in
1607 897 1718 950 uita,

220 970 492 1023 liberentur3
529 970 606 1012 sed
637 969 855 1013 conuictis
886 968 1077 1012 mortuis
1108 967 1288 1011 illorum
1319 968 1595 1026 dampnatur
1623 983 1715 1012 me·
1738 983 1781 1008 10

222 1041 364 1083 moria
405 1044 450 1084 et
485 1040 603 1083 bona
643 1039 970 1083 successoribus
1011 1038 1294 1082 auferuntur.
1368 1039 1489 1082 Nam
1530 1054 1588 1082 ex
1628 1053 1718 1097 quo

73 1116 153 1164 627
175 1125 204 1153 a
222 1110 612 1153 sceleratissimum
643 1110 744 1167 quis
771 1109 1007 1153 consilium
1037 1109 1167 1166 cepit,
1197 1109 1359 1152 exinde
1390 1109 1719 1166 quodammodo

222 1196 304 1224 sua
323 1184 473 1224 mente
494 1181 682 1238 punitus
702 1183 780 1223 est.
843 1180 914 1222 Ex
935 1194 1024 1237 quo
1050 1179 1151 1236 quis
1171 1179 1262 1223 tale
1287 1180 1456 1223 crimen
1477 1180 1719 1234 contraxit,

222 1266 366 1308 neque
401 1251 597 1294 alienare
629 1266 774 1308 neque
814 1250 1134 1293 manumittere
1175 1264 1304 1307 posse
1337 1253 1515 1294 constat
1554 1265 1635 1294 nec
1676 1250 1717 1294 ei

224 1321 396 1364 soluere
437 1321 534 1364 iure
575 1321 834 1364 debitorem.
916 1320 1094 1363 Famosi
1135 1335 1323 1377 quoque,
1364 1320 1441 1378 qui
1489 1320 1602 1364 alias
1645 1320 1717 1364 ius
1738 1339 1779 1373 15

224 1391 461 1434 accusandi
477 1406 568 1434 non
584 1391 763 1441 habent,
779 1390 875 1434 sine
895 1390 990 1433 ulla
1005 1390 1288 1433 dubitatione
1308 1391 1381 1434 hic
1398 1391 1718 1444 admittuntur,

224 1461 303 1504 sed
342 1464 388 1504 et
423 1461 604 1514 milites,
640 1461 717 1518 qui
753 1461 866 1504 alias
902 1475 1060 1504 causas
1100 1461 1342 1504 defendere
1381 1476 1473 1504 non
1513 1464 1716 1519 possunt.

225 1532 345 1575 Nam
386 1531 463 1589 qui
503 1546 585 1589 pro
624 1546 731 1588 pace
772 1531 1009 1582 excubant,
1050 1531 1194 1588 magis
1234 1531 1466 1589 magisque
1502 1532 1561 1575 ad
1600 1533 1718 1578 hanc

223 1602 550 1645 accusationem
600 1601 869 1644 admittendi
916 1604 1036 1644 sunt.
1109 1601 1241 1644 Serui
1291 1617 1468 1659 quoque
1513 1602 1718 1648 dominos

224 1673 410 1716 licenter
440 1671 651 1715 deferunt
687 1674 732 1715 et
762 1671 914 1715 liberti
944 1674 1168 1729 patronos.
1231 1672 1329 1716 Hoc
1359 1676 1512 1716 tamen
1547 1674 1716 1718 crimen
1737 1690 1782 1714 20

226 1758 253 1786 a
288 1742 510 1787 iudicibus
550 1758 641 1786 non
681 1742 730 1785 in
769 1742 1043 1786 occasionem
1079 1743 1136 1786 ob
1171 1743 1432 1801 principalis
1467 1745 1718 1790 maiestatis

226 1813 560 1856 uenerationem
601 1813 857 1856 habendum
898 1816 967 1856 est
1006 1813 1084 1856 sed
1124 1813 1172 1856 in
1216 1814 1422 1858 ueritate.
1503 1815 1624 1859 Nam
1672 1819 1720 1860 et

226 1884 469 1941 spectanda
493 1886 561 1927 est
588 1898 778 1941 persona
803 1898 862 1925 an
889 1883 1091 1940 potuerit
1121 1882 1268 1927 facere
1299 1888 1345 1928 et
1372 1900 1431 1928 an
1461 1885 1632 1939 fecerit,
1658 1902 1719 1930 an

225 1954 494 2012 cogitauerit
510 1958 555 1998 et
572 1970 630 1997 an
646 1954 908 2012 (antequam
923 1954 1006 1997 hoc
1022 1955 1389 2013 praesumpserit)
1406 1972 1541 2000 sanae
1553 1958 1719 2003 mentis

229 2055 243 2081 1
272 2044 495 2091 ymaginem
513 2044 553 2079 M
667 2043 719 2081 Et
735 2056 802 2081 om.
823 2044 865 2081 M
1030 2055 1050 2091 3
1078 2044 1266 2082 Robertus
1284 2045 1374 2084 BA:
1400 2047 1444 2084 R.
1462 2047 1504 2084 M
1673 2059 1720 2086 10
1773 2031 1776 2034 Δ

225 2093 434 2128 damnatur
450 2091 539 2128 GBS
688 2103 730 2130 12
756 2092 1075 2131 celeratissimum
1095 2093 1119 2130 S
1262 2104 1306 2142 19
1331 2095 1659 2134 accususationem
1675 2098 1716 2134 M

273 2186 295 2212 2
321 2177 446 2211 illius:
473 2187 522 2212 sc.
541 2175 623 2212 Dei.
770 2186 791 2221 3
818 2178 1044 2212 Rodbertus:
1072 2175 1128 2214 De
1146 2176 1216 2214 illo
1235 2189 1267 2214 v.
1285 2177 1319 2214 J.
1341 2178 1386 2215 H.
1406 2178 1543 2216 Round
1560 2179 1603 2216 in
1620 2182 1718 2219 Dice.

223 2225 269 2270 of
278 2225 362 2259 Nat.
379 2225 482 2270 Bioq.
500 2235 526 2259 S.
541 2236 573 2259 v.
593 2225 808 2270 Beaumont,
822 2226 954 2261 Robert
969 2226 1024 2269 de,
1041 2226 1140 2260 Earl
1155 2227 1201 2271 of
1210 2227 1408 2269 Leicester3
1435 2229 1484 2264 cf.
1496 2228 1627 2266 Nostri
1641 2230 1719 2276 Ep.

225 2273 293 2317 238
310 2283 412 2308 anno
429 2273 518 2308 1168
535 2272 584 2308 ad
602 2271 806 2308 Girardum
822 2272 975 2310 Pucelle
991 2272 1187 2319 scriptam,
1203 2273 1272 2310 sub
1286 2274 1374 2311 fin.:
1399 2277 1474 2313 Neo
1486 2289 1586 2314 noua
1601 2278 1718 2315 scribo

223 2322 300 2355 nisi
315 2322 408 2366 quod
425 2332 538 2356 comes
554 2322 795 2365 Leyecestriae
811 2322 1029 2357 obdormiuit
1043 2323 1086 2357 in
1103 2323 1272 2358 Domino.
1371 2335 1395 2371 4
1413 2327 1719 2370 proconsulatum

220 2380 368 2414 yerens:
395 2368 476 2412 Quo
494 2367 535 2403 in
554 2380 655 2404 anno
673 2380 697 2404 a
713 2371 930 2406 Policratico
945 2369 1146 2406 scribendo
1165 2370 1325 2407 cessavit
1343 2371 1514 2417 Ioannes,
1530 2373 1718 2412 Robertus

222 2415 296 2452 iste
313 2416 360 2453 de
378 2428 453 2462 quo
470 2416 534 2453 hic
556 2415 686 2463 agitur
701 2416 782 2454 vice
807 2416 907 2464 regis
930 2417 1092 2455 Henrici
1117 2418 1156 2454 II
1177 2417 1219 2454 in
1243 2419 1388 2466 Anglia
1411 2420 1649 2469 fungebatur
1672 2424 1718 2460 ut

221 2466 394 2510 capitalis
426 2467 575 2500 iusticia
607 2476 673 2501 seu
705 2467 934 2502 iusticiarius
968 2467 1030 2513 (cf.
1062 2466 1192 2513 Eyton
1229 2469 1351 2512 Court,
1386 2469 1608 2514 Household,
1640 2473 1719 2508 and

221 2513 410 2558 Itinerary
432 2515 477 2559 of
494 2514 542 2549 K.
570 2514 701 2559 Henry
725 2515 778 2550 IL
805 2526 868 2560 pp.
897 2525 928 2560 3,
953 2515 1033 2559 10):
1064 2527 1096 2551 v.
1125 2517 1252 2561 Mayn.
1277 2517 1359 2552 Rot.
1381 2518 1466 2564 Pip.
1492 2527 1510 2565 5
1536 2518 1636 2556 Hen.
1664 2519 1712 2558 II.
1764 2524 1770 2530 '

178 2587 180 2589 -
221 2562 293 2596 rot.
313 2571 346 2606 3.
363 2573 412 2596 m.
434 2571 464 2597 1.
484 2566 516 2596 et
529 2563 708 2598 militibus
719 2564 763 2598 de
780 2563 914 2598 Waliis
929 2564 997 2607 17l.
1013 2574 1084 2599 108.
1099 2575 1172 2609 per
1185 2565 1291 2600 breue
1308 2567 1451 2601 comitis
1462 2567 1718 2613 Leqecestriae,

223 2610 248 2645 6
264 2608 361 2645 Hen.
381 2609 431 2644 II.
456 2611 529 2646 rot.
555 2611 589 2646 6.
614 2622 664 2646 m.
691 2621 712 2646 2
738 2612 922 2647 Ricardus
945 2612 988 2647 de
1017 2612 1194 2648 Canuilla
1217 2613 1233 2647 i
1253 2614 1497 2659 qirfaloonem
1517 2627 1590 2661 per
1611 2616 1718 2653 breue

222 2659 361 2693 comitis
379 2659 617 2703 Leyecestriae
635 2658 709 2702 (ed.
731 2658 849 2695 Lond.
874 2661 963 2703 1884
981 2658 1005 2696 i.
1030 2672 1068 2706 p.
1096 2661 1148 2703 18,
1170 2659 1210 2695 11.
1237 2672 1274 2707 p.
1301 2662 1379 2708 45).
1429 2661 1486 2700 De
1511 2662 1718 2701 iusticiarii

223 2704 300 2741 sive
317 2707 489 2751 capitalis
505 2708 671 2742 iusticiae
694 2707 816 2744 officio
841 2706 888 2743 cf.
916 2709 1018 2744 Dial.
1043 2710 1088 2744 de
1112 2710 1228 2745 Scacc.
1254 2708 1278 2746 i.
1305 2719 1328 2754 4
1342 2719 1369 2745 Β
1389 2709 1464 2754 (ed.
1484 2710 1605 2749 Oxou.
1624 2722 1716 2759 1902

222 2764 259 2799 p.
278 2752 354 2798 67).
477 2755 497 2790 8
523 2756 688 2790 omnibus
703 2767 820 2802 aequa
835 2757 994 2792 conditio
1010 2761 1082 2793 est:
1107 2755 1198 2792 Cod.
1216 2756 1352 2794 Iustin.
1370 2756 1420 2794 ix.
1440 2760 1474 2795 8.
1491 2769 1526 2804 4.
1639 2761 1673 2804 8,
1692 2769 1717 2806 9

222 2812 287 2837 uec
313 2804 441 2838 mortis
468 2804 565 2838 etc.:
605 2815 638 2837 v.
667 2802 758 2839 Cod.
788 2803 839 2839 ix.
869 2805 902 2840 8.
934 2805 968 2840 6.
1161 2813 1200 2850 15
1232 2805 1381 2841 Famosi
1408 2808 1481 2843 etc.
1518 2818 1637 2853 usque
1665 2807 1715 2844 ad

221 2850 490 2885 uindicandum
507 2855 576 2886 est:
603 2849 690 2898 Dig.
706 2851 825 2888 xlviii.
842 2862 878 2897 4.
898 2860 933 2897 7.
1053 2861 1101 2898 24
1117 2857 1314 2899 antequam
1329 2854 1394 2890 hoc
1405 2857 1716 2902 praesumpserit:

223 2907 302 2933 non
319 2900 472 2934 exstant
488 2897 530 2934 in
547 2897 636 2945 Dig.

339 2970 381 3005 74
