1846 3262
143 213 246 249 σΑΡ.
259 202 374 264 xm]
678 205 1124 253 POLICRATICVS
1663 212 1750 263 607
1768 214 1799 253 b

140 325 227 370 bus
265 341 461 385 namque
502 327 717 373 Romanis
760 329 1025 389 ciuibusque
1063 331 1202 375 iurati
1243 331 1512 390 impugnare
1551 347 1643 377 non

139 400 353 455 poterant
373 413 485 456 quos
505 403 785 444 sacramento
804 401 995 445 militiae
1015 406 1305 460 susceperant
1324 402 1641 447 defendendos.
1661 411 1688 441 c

140 466 219 512 Sic
240 482 419 526 quoque
446 469 588 514 Gaius
619 469 758 515 Curio
787 472 906 516 bello
933 472 1190 516 Dardanico
1217 473 1336 517 circa
1363 473 1643 525 Dirachium,

139 552 243 582 011111
272 553 412 582 unam
443 540 499 584 de
527 541 727 599 quinque
754 542 1007 601 legionibus
1033 543 1292 588 seditiosam
1319 543 1521 595 uidisset,
1542 559 1642 587 eam

100 609 377 666 5procedere
396 610 531 655 iussit
545 612 763 656 inermem
778 613 1132 672 discinctamque
1146 614 1195 657 in
1216 618 1456 672 conspectu
1475 615 1643 658 armati

138 680 365 724 exercitus
410 685 661 726 stramenta
704 684 852 742 coegit
891 699 1053 738 secare,
1091 688 1320 742 postremo
1366 688 1519 728 autem
1567 686 1642 730 die

137 750 349 795 simihter
379 751 547 796 fossam
578 753 820 798 discinctos
854 754 1023 798 milites
1057 754 1506 834 180818;111111189118
1540 770 1640 814 pre-

136 810 264 866 cibus
283 822 474 881 legionis
493 823 729 881 impetrari
756 824 815 867 ab
836 839 889 868 eo
912 825 1065 882 potuit
1089 841 1146 869 ne
1166 826 1298 884 signa
1317 826 1414 870 eius
1433 827 1641 871 summit-

136 894 256 936 teret
280 907 533 951 nomenque
559 893 783 947 aboleret3
814 894 982 939 milites
1011 899 1166 939 autem
1196 896 1245 939 in
1275 897 1641 954 supplementum

76 981 121 1006 10
136 962 330 1006 aliarum
350 963 578 1022 legionum
599 964 847 1008 distribuit.
906 964 1013 1009 Non
1033 966 1155 1009 enim
1181 966 1541 1010 restituebantur
1561 968 1640 1025 9111

135 1037 397 1078 meruerant
422 1034 596 1092 priuari
623 1035 818 1094 cingulo,
842 1039 1087 1094 antequam
1115 1051 1191 1080 eos
1219 1051 1328 1095 prae
1358 1038 1519 1081 ceteris
1546 1039 1638 1082 uir-

134 1107 288 1148 tutum
315 1105 480 1149 merita
505 1105 791 1164 insignirent.
853 1106 1024 1151 Milites
1046 1107 1137 1165 qui,
1150 1122 1209 1151 ex
1235 1107 1463 1152 Cannensi
1483 1123 1640 1167 pugna

132 1175 354 1230 cedentes,
366 1176 416 1219 in
433 1175 643 1221 Ciciliam
659 1176 846 1221 fuerant
861 1178 1050 1237 relegati
1069 1178 1416 1237 postulauerant
1436 1194 1464 1222 a
1485 1179 1638 1225 Marco

133 1245 347 1291 Marcello
370 1247 552 1291 consule
571 1250 626 1292 ut
652 1248 701 1291 in
728 1248 951 1306 praelium
978 1248 1262 1293 ducerentur.
1322 1249 1408 1293 Ille
1428 1254 1636 1294 senatum
1653 1251 1683 1293 d

72 1332 115 1368 ¹5
132 1317 372 1370 consuluit,
391 1320 665 1376 senatusque
689 1319 879 1377 negauit
904 1319 1080 1377 placere
1100 1319 1187 1363 sibi
1208 1319 1274 1363 eis
1293 1320 1516 1363 committi
1542 1336 1636 1364 rem

131 1387 360 1446 publicam
388 1388 467 1446 qui
495 1403 593 1432 eam
626 1388 941 1433 deseruissent.
1002 1389 1216 1434 Marcello
1245 1393 1399 1434 tamen
1429 1392 1637 1448 permisit

131 1457 281 1502 facere
296 1459 416 1517 quod
431 1459 686 1513 uideretur;
707 1460 806 1518 lege
821 1463 977 1504 tamen
992 1461 1273 1519 praescripta
1289 1475 1346 1504 ne
1362 1461 1464 1519 quis
1479 1475 1635 1506 eorum

129 1543 317 1574 munere
356 1533 542 1574 uacaret
572 1545 688 1574 neue
723 1530 972 1575 donaretur
1004 1532 1207 1590 praemio
1235 1535 1319 1575 aut
1353 1532 1522 1576 honore
1552 1537 1636 1578 aut

129 1604 440 1659 reportaretur
470 1601 520 1644 in
554 1601 751 1653 Italiam,
786 1602 896 1645 dum
932 1602 1043 1646 Peni
1076 1603 1127 1646 in
1159 1617 1214 1646 ea
1242 1601 1448 1646 fuissent.
1509 1603 1633 1646 Dum

69 1691 115 1720 ιο
130 1685 240 1716 11810
281 1671 464 1730 cingulo
513 1672 696 1730 spoliati
735 1677 855 1724 sunt,
896 1673 961 1717 eis
1006 1688 1089 1718 nec
1132 1688 1210 1717 era
1256 1673 1518 1731 procedunt,
1550 1688 1633 1718 nec

129 1742 405 1786 militaribus
441 1743 695 1802 priuilegiis
733 1744 936 1803 gaudent
973 1759 1056 1789 nec
1094 1744 1267 1788 habent
1304 1744 1490 1802 aliquod
1529 1760 1633 1788 cum

126 1813 282 1872 gladio
306 1814 457 1858 teloue
477 1815 804 1859 commercium.
864 1815 1064 1874 Ideoque
1091 1815 1284 1874 prouida
1307 1816 1632 1860 constitutione

127 1885 351 1928 maiorum
391 1887 461 1929 est
499 1885 680 1944 gladius
715 1886 913 1930 insertus
948 1886 1129 1944 cingulo
1164 1889 1220 1930 ut
1258 1885 1422 1930 collato
1461 1886 1631 1930 honore

126 1955 297 2014 cinguli
317 1958 518 2014 potestas
534 1970 711 2013 quoque
726 1956 869 2014 ipsius
888 1956 1030 2015 gladii
1045 1956 1332 2014 aliquatenus
1347 1957 1633 2016 intelligatur

67 2040 110 2076 ²5
127 2025 303 2071 collata.
364 2025 426 2070 Et
456 2030 577 2070 recte
606 2026 789 2085 cingulo
822 2026 1062 2070 decoratur
1090 2027 1150 2070 ad
1182 2027 1395 2071 militiam
1426 2028 1632 2086 quisquis

124 2096 309 2148 accedit,
342 2097 450 2154 quia
481 2111 584 2140 eum
617 2097 881 2155 expeditum
915 2111 1010 2141 esse
1040 2097 1099 2141 ad
1134 2097 1292 2141 munia
1325 2098 1391 2142 rei
1423 2099 1631 2156 publicae

31 2189 35 2193 —
124 2166 259 2211 officii
297 2167 369 2211 sui
409 2167 652 2211 necessitas
691 2168 847 2226 exigit.
927 2167 1118 2227 Accingi
1157 2183 1354 2226 namque
1401 2169 1516 2212 solet
1555 2170 1628 2213 cui
1646 2172 1736 2212 608
1757 2183 1788 2212 a

122 2237 323 2297 gerenda
350 2238 592 2282 imminent
604 2253 615 2291 ;
647 2242 694 2282 et
723 2239 797 2283 cui
824 2239 1004 2282 uacatio
1032 2238 1171 2282 datur
1199 2238 1307 2282 licet
1336 2253 1432 2282 esse
1462 2239 1627 2283 discin-

124 2311 263 2353 ctum.
322 2309 454 2352 Vnde
468 2309 584 2352 illud
600 2309 649 2352 in
669 2309 786 2353 libro
807 2309 1091 2368 Regnorum:
1122 2309 1229 2353 Non
1249 2324 1391 2366 aeque
1405 2309 1629 2367 glorietur

63 2399 111 2436 30
125 2379 353 2424 accinctus
379 2383 434 2423 ut
459 2379 729 2433 discinctus;
759 2380 868 2437 quia
891 2379 1130 2424 solicitudo
1153 2380 1321 2423 laboris
1347 2380 1628 2426 imminentis

124 2449 350 2509 gloriandi
390 2450 619 2494 licentiam
659 2465 751 2493 non
790 2450 997 2493 admittit
1037 2455 1084 2493 et
1122 2449 1298 2493 otiandi
1344 2449 1531 2494 libertas
1578 2455 1626 2496 et

123 2520 341 2565 securitas
368 2520 534 2578 quietis
560 2520 826 2579 plerumque
851 2520 1163 2564 extollentiam
1183 2520 1318 2579 parit.
1377 2519 1625 2580 Cingulum

122 2644 157 2688 8,
175 2653 200 2689 9
223 2642 474 2680 submitteret
491 2640 560 2678 SM
705 2651 755 2689 30
778 2640 954 2679 accintus
968 2641 1005 2678 A

171 2765 195 2801 3
221 2755 343 2791 Gaius
366 2754 480 2790 Curio
506 2753 580 2790 etc.
598 2762 721 2798 usquc
750 2751 799 2789 ad
822 2752 1037 2789 distribuit:
1074 2751 1250 2790 F10ntin.
1267 2754 1381 2790 Semi.
1403 2752 1453 2790 iv,
1475 2763 1491 2790 1
1513 2753 1546 2809 ξ.
1559 2765 1621 2801 43.

120 2804 147 2841 6
165 2808 368 2851 postremo:
387 2806 534 2849 postero
550 2799 726 2837 Frontin.
866 2811 909 2837 12
933 2802 1021 2836 Mili
1021 2806 1074 2837 tes
1090 2803 1186 2839 etc.-
1212 2801 1392 2838 Frontin.
1404 2804 1521 2839 Strat.
1534 2801 1582 2840 iv.
1600 2812 1618 2840 1

122 2850 142 2899 ξ
160 2860 427 2897 44.13
457 2850 650 2887 ciciliam:
675 2850 846 2887 Siciliam
862 2848 1039 2886 Frontin.
1212 2859 1254 2895 17
1280 2851 1355 2897 leye
1369 2855 1494 2888 tamen
1503 2863 1621 2898 prae·

119 2902 284 2947 scripta.
308 2901 398 2936 dum
415 2897 588 2936 Frontin.
732 2907 780 2945 29
803 2898 889 2934 Non
905 2909 1017 2945 aeque
1032 2898 1128 2935 etc.:
1157 2908 1179 2946 3
1196 2897 1292 2947 Reg.
1305 2907 1368 2936 xx.
1391 2909 1449 2938 11.

1461 2981 1507 3016 35
