1846 3262
82 225 174 273 690
196 233 221 263 c

196 555 224 595 d

98 1401 181 1448 691
200 1410 230 1438 a

209 2409 239 2447 b

570 220 834 266 IOANNIS
875 219 1396 264 SARESBERIENSIS
1518 218 1629 280 [Lm.
1646 229 1718 261 vn

240 344 472 402 apparebo.
534 343 685 401 Igitur
716 341 850 385 Micol
889 341 1007 384 filiae
1044 341 1154 385 Saul
1192 356 1283 385 non
1323 343 1392 385 est
1430 344 1565 384 natus
1598 340 1719 384 filius

239 429 380 471 usque
400 414 458 457 ad
483 413 600 456 diem
626 412 783 455 mortis
807 426 924 455 suae.
985 411 1136 454 Dauid
1156 426 1263 455 uero
1285 412 1400 455 sedit
1420 427 1501 455 rex
1520 412 1568 454 in
1589 411 1720 454 domo

241 500 323 527 sua
362 487 408 527 et
447 484 572 526 dedit
606 483 646 525 ei
682 482 902 525 Dominus
937 482 1135 538 requiem
1170 482 1368 539 undique
1403 482 1460 525 ab
1499 480 1722 524 uniuersis

243 554 433 598 inimicis
449 553 551 596 suis.
602 553 796 595 Videsne
811 567 945 609 quam
961 552 1202 610 diligenter
1215 552 1366 610 puniri
1387 552 1515 595 docet
1534 550 1722 594 historia

242 625 346 667 hinc
377 626 681 680 contemptum
713 623 953 680 religionis,
980 637 1081 666 cum
1111 623 1370 681 arrogantia
1399 621 1588 665 tumoris
1618 620 1722 664 inde
1740 631 1759 666 5

240 694 522 737 deuotionem
552 693 656 736 fidei
686 696 732 736 et
757 693 1029 736 humilitatis
1055 693 1226 736 cultum
1258 692 1544 736 remunerat?
1602 689 1724 733 Nam

241 768 287 807 et
326 764 477 807 Dauid
516 764 712 821 quietem
758 763 885 821 regni
926 763 1180 820 assequitur
1214 765 1260 806 et
1292 762 1425 806 Micol
1457 775 1624 819 prauae
1656 760 1724 803 in-

241 834 509 892 crepationis
537 834 697 877 merito
725 834 891 877 sterilis
918 834 1015 877 obit
1041 837 1088 877 et
1111 833 1286 877 nullum
1314 833 1459 876 incliti
1480 831 1655 890 generis
1679 833 1726 875 et

243 905 385 949 felicis
415 905 691 948 matrimonii
722 905 938 962 relinquit
968 904 1176 948 fructum.
1239 904 1375 947 Recte
1406 903 1599 961 quidem,
1626 916 1725 946 cum

243 980 289 1020 et
304 976 437 1019 Micol
458 982 467 999 ‘
481 976 625 1019 omnis
646 990 764 1032 aqua
779 976 788 992 ’
809 975 882 1019 uel
903 982 912 999 ‘
931 991 987 1018 ex
1007 975 1215 1018 omnibus
1229 975 1238 991 '
1258 975 1592 1031 interpretetur.
1653 971 1725 1015 Si·
1746 990 1788 1014 ιο

243 1046 423 1103 quidem
452 1045 758 1088 multitudinis
785 1045 1019 1103 imperitae
1044 1045 1352 1089 consiliumet
1379 1059 1493 1101 quae
1513 1042 1727 1101 populare

243 1116 459 1160 iudicium
509 1116 723 1173 sequitur,
768 1115 943 1160 fructus
991 1116 1097 1159 boni
1146 1130 1227 1159 nec
1277 1115 1600 1161 iocunditatem
1647 1127 1727 1157 nec

244 1186 503 1230 memoriam
553 1187 700 1230 habet.
761 1187 1094 1240 Verumtamen,
1145 1201 1246 1230 cum
1296 1186 1406 1229 istos
1455 1183 1728 1229 consiliarios

245 1259 560 1315 magnatorum
590 1256 797 1307 audieris,
830 1271 1113 1314 nequaquam
1143 1256 1436 1313 suspicaberis
1467 1254 1600 1298 Micol
1632 1254 1727 1297 sine

247 1327 395 1371 sobole
419 1327 666 1370 decessisse.
728 1327 894 1370 Omnes
914 1328 1032 1370 enim
1059 1327 1176 1370 filios
1207 1326 1339 1370 Micol
1370 1341 1463 1369 esse
1493 1324 1727 1368 miraberis
1747 1339 1788 1374 15

249 1400 306 1449 et,
336 1397 374 1440 si
398 1412 489 1440 non
516 1412 706 1448 carnem,
737 1397 945 1454 spiritum
976 1413 1032 1441 ex
1061 1397 1245 1441 traduce
1272 1397 1393 1440 illius
1417 1395 1598 1454 putabis
1627 1410 1728 1453 pro—

248 1467 438 1511 cessisse.
499 1466 559 1509 Et
599 1467 717 1524 quod
757 1467 879 1510 istud
919 1467 1097 1511 facilius
1135 1467 1221 1511 tibi
1261 1466 1540 1524 persuadeas,
1571 1465 1619 1508 hi
1652 1465 1730 1522 qui

248 1538 450 1581 diuinam
479 1552 695 1581 euacuare
715 1537 927 1581 nituntur
946 1541 999 1581 ut
1019 1553 1146 1581 suam
1174 1540 1379 1581 statuant
1403 1536 1731 1587 auctoritatem,

249 1608 345 1651 sine
385 1607 537 1650 liberis
577 1607 832 1650 moriuntur
871 1611 952 1651 aut
991 1623 1065 1651 eos
1105 1607 1366 1664 relinquunt
1406 1607 1645 1665 degeneres
1685 1608 1731 1649 et

250 1679 449 1736 ignauos.
531 1677 826 1721 Proculdubio
876 1678 1077 1735 quisquis
1127 1678 1467 1722 ecclesiasticam
1518 1675 1731 1734 deprimit
1751 1689 1793 1714 20

250 1749 505 1792 libertatem
526 1751 606 1791 aut
625 1747 814 1805 punitur
834 1748 882 1791 in
902 1763 948 1791 se
973 1751 1054 1792 aut
1074 1748 1263 1806 punitur
1289 1747 1337 1790 in
1365 1747 1524 1791 sobole.
1584 1746 1731 1790 Amit-

250 1822 357 1864 tunt
389 1833 494 1876 ergo
526 1818 608 1861 filii
639 1818 776 1861 etiam
806 1819 987 1876 propria
1017 1833 1117 1863 cum
1148 1819 1219 1862 his
1249 1833 1363 1876 quae
1393 1817 1549 1862 fauore
1579 1831 1733 1861 eorum

250 1893 439 1948 paterna
469 1889 676 1946 impietas
706 1889 952 1947 occupauit.

357 2028 465 2086 Cap.
489 2041 555 2072 21.
586 2027 651 2070 De
678 2026 896 2085 ypocritis
925 2026 1010 2084 qui
1040 2025 1310 2070 ambitionis
1339 2025 1483 2070 labem
1501 2025 1632 2083 falsa

493 2097 733 2155 ‘reliyionis
762 2097 970 2154 imayine
998 2096 1229 2141 ‘nituntur
1259 2097 1490 2141 occultare.
1757 2117 1796 2152 ²5

313 2197 438 2241 Licet
476 2199 627 2240 autem
667 2196 821 2254 populi
860 2196 1092 2240 temeritas
1128 2198 1208 2239 aut
1247 2196 1430 2240 licentia
1459 2197 1738 2254 potestatum

255 2267 503 2326 praeceptis
534 2267 770 2325 legittimis
800 2270 846 2311 et
875 2267 1032 2310 diuina
1061 2267 1346 2311 institutione
1375 2267 1559 2324 reprimi
1586 2267 1739 2325 possit,

257 2337 443 2381 ambitio
469 2339 621 2380 tamen
648 2337 820 2380 domari
847 2352 938 2380 non
967 2339 1126 2394 potest.
1188 2336 1239 2380 Si
1270 2337 1389 2380 enim
1420 2339 1469 2381 in
1499 2336 1740 2380 manifesto

257 2423 347 2452 non
377 2407 525 2460 audet,
546 2407 746 2451 clanculo
776 2408 916 2465 serpit
946 2410 992 2451 et
1022 2406 1334 2451 fraudulenter
1363 2407 1626 2466 ingreditur.
1687 2407 1740 2451 Si

257 2477 376 2521 fores
397 2477 603 2521 ecclesiae
627 2478 887 2521 muneribus
913 2492 1004 2520 non
1029 2474 1213 2535 aperiat,
1234 2477 1272 2521 si
1291 2492 1372 2533 nec
1392 2492 1474 2521 sua
1492 2492 1573 2521 nec
1592 2477 1739 2521 aliena
1756 2493 1800 2527 30

258 2610 281 2645 9
306 2597 466 2645 reliquit
482 2598 510 2635 C
659 2608 701 2634 12
727 2597 974 2635 iocundatem
993 2597 1048 2634 OS
1192 2608 1239 2644 24
1263 2597 1475 2646 ypochritis
1488 2598 1540 2636 B:
1567 2597 1741 2645 ipocritis

260 2647 284 2683 S
303 2649 343 2682 in
360 2648 500 2683 indice:
526 2644 710 2692 ypotritis
728 2646 752 2683 S
769 2648 811 2683 in
828 2648 928 2683 rubr.
945 2659 1023 2693 cap.
1037 2647 1158 2693 praef.
1303 2657 1324 2683 2
1329 2656 1347 2694 5
1372 2646 1554 2694 ymagine
1572 2646 1612 2682 Μ

310 2764 331 2790 2
357 2755 485 2790 Dauid
508 2756 602 2792 etc.:
626 2766 659 2791 v.
687 2765 707 2790 2
732 2753 824 2801 Reg.
843 2753 906 2790 vii.
928 2764 959 2791 1.
1106 2763 1151 2790 10
1173 2755 1286 2790 Micol
1310 2754 1469 2791 ‘omnis'
1533 2766 1584 2790 ua
1599 2754 1659 2790 uel
1676 2756 1744 2789 ‘ex

263 2803 452 2838 omnibus’
473 2804 754 2849 interpretetur:
781 2815 814 2838 v.
842 2802 997 2838 Hieron.
1022 2802 1102 2838 Lib,
1128 2803 1173 2837 de
1196 2803 1301 2838 Nom.
1329 2803 1437 2839 Hebr.
1466 2802 1478 2848 (
1522 2814 1536 2837 1
1591 2813 1612 2838 e
1637 2803 1679 2837 P.
1697 2802 1742 2838 L.

263 2849 369 2885 xxiii.
387 2849 484 2895 814).
636 2851 679 2886 16
703 2852 934 2887 extraduce:
958 2849 1018 2885 Ad
1036 2849 1299 2895 quaestionem
1316 2849 1363 2887 de
1379 2850 1533 2887 animae
1579 2859 1742 2887 umanae

263 2896 414 2944 origine
430 2898 532 2944 apud
549 2897 749 2945 theologos
764 2897 1004 2935 notissimam
1021 2897 1188 2945 respicit.

382 2978 446 3013 190
