1846 3262
142 230 241 265 car.
257 216 321 279 11]
665 217 1105 264 POLICRATICVS
1636 226 1710 268 715
1729 218 1758 257 b

142 339 191 382 in
230 354 319 397 quo
356 343 509 383 tamen
547 340 645 398 ipso
685 355 776 383 una
810 354 911 383 cum
946 339 1154 382 satietate
1193 338 1406 382 memoria
1445 352 1619 395 quoque

142 411 334 454 moritur
371 410 631 468 uoluptatis.
690 410 811 453 Bene
851 410 986 453 etiam
1026 409 1199 466 colligit
1237 409 1346 452 haec
1385 409 1535 466 pueris
1574 411 1620 451 et
1638 421 1663 451 c

142 480 415 524 mulierculis
446 483 492 524 et
524 481 666 524 seruis
699 483 746 523 et
780 495 1011 523 seruorum
1040 480 1279 523 simillimis
1308 479 1460 523 liberis
1489 482 1621 536 grata

142 565 249 603 esse,
287 551 418 608 graui
458 565 565 593 uero
599 550 770 593 homini
810 553 855 593 et
895 565 948 593 ea
988 565 1101 608 quae
1140 550 1258 592 fiunt
1295 552 1416 593 certo
1456 549 1621 592 iudicio

104 637 125 672 5
141 620 410 679 ponderanti
439 620 563 663 nullo
590 620 720 663 modo
747 634 874 679 posse
898 620 1090 678 probari.
1151 619 1357 662 Valerius
1381 619 1620 671 Maximus,

142 689 221 733 sed
256 693 303 733 et
342 689 508 742 Cicero,
542 689 683 733 refert
723 689 842 746 quod
877 690 925 731 in
960 689 1229 740 Alexandro,
1265 690 1342 747 qui
1382 689 1620 746 largitione

141 759 490 804 beniuolentiam
530 760 821 803 Macedonum
862 760 1127 812 sectabatur,
1163 760 1278 803 hanc
1316 759 1620 817 profusionem

141 830 355 887 pecuniae
375 830 608 887 Philippus
622 829 845 887 arguerit3
865 832 910 872 et
925 829 1138 886 epistolae
1157 829 1337 886 quidem
1357 829 1495 872 uerba
1514 832 1622 871 sunt

142 900 274 943 haec:
305 899 436 953 Quod
465 903 511 942 te
541 899 708 942 malum
740 899 927 941 rationis
957 899 1005 941 in
1035 899 1168 942 istam
1199 914 1323 956 spem
1352 899 1535 942 induxit
1569 902 1622 942 ut

83 986 127 1011 ιο
142 985 218 1014 eos
236 970 322 1014 tibi
340 970 493 1013 fideles
512 972 642 1027 putes
658 984 768 1026 quos
788 969 976 1026 pecunia
995 969 1295 1026 corrupisses?
1355 970 1429 1012 An
1449 972 1501 1011 tu
1521 968 1621 1012 ideo

141 1040 240 1098 agis
268 1043 322 1083 ut
353 1039 615 1082 Macedones
646 1053 736 1082 non
765 1042 812 1081 te
842 1053 990 1096 regem
1021 1053 1151 1081 suum
1182 1038 1260 1081 sed
1288 1039 1544 1081 ministrum
1575 1040 1621 1081 et

140 1109 438 1168 praebitorem
458 1110 651 1166 putent?
711 1107 841 1161 Quod
862 1108 1041 1165 quidem
1062 1108 1156 1166 regi
1172 1108 1401 1151 sordidum
1421 1123 1515 1151 esse
1530 1123 1620 1151 non

139 1179 332 1238 ambigis
361 1182 407 1222 et
435 1178 733 1236 corruptelam
763 1192 898 1235 quam
928 1178 1212 1235 largitionem
1241 1178 1392 1235 potius
1422 1178 1533 1230 dici3
1566 1178 1621 1221 fit

139 1250 260 1293 enim
299 1249 493 1292 deterior
531 1249 611 1306 qui
644 1248 807 1305 accipit
840 1251 976 1305 atque
1011 1247 1070 1290 ad
1113 1247 1232 1290 idem
1275 1262 1449 1305 semper
1486 1263 1619 1305 expe-

81 1335 122 1370 ¹5
138 1319 351 1363 ctandum
381 1319 590 1377 paratior.
671 1318 792 1372 Quid
821 1320 973 1360 autem
1007 1320 1076 1360 est
1108 1317 1293 1360 stultius
1327 1333 1462 1374 quam
1501 1317 1620 1374 quod
1638 1318 1668 1359 d

139 1389 279 1433 facias
318 1389 509 1432 libenter
547 1403 703 1432 curare
742 1390 795 1430 ut
834 1387 882 1430 id
921 1387 1093 1431 diutius
1133 1387 1279 1431 facere
1318 1403 1409 1430 non
1448 1388 1619 1445 possis?

139 1459 421 1518 Largitiones
459 1458 774 1504 immoderatas
814 1458 998 1515 rapinae
1036 1461 1304 1515 sequentur;
1351 1473 1453 1502 cum
1487 1458 1620 1502 ‘enim

137 1529 287 1574 dando
315 1544 444 1588 egere
473 1529 679 1587 coeperis,
707 1528 836 1573 bonis
865 1528 1023 1571 alienis
1052 1543 1213 1571 manus
1242 1528 1411 1586 cogeris
1441 1527 1619 1572 inferre.

137 1600 310 1658 Itaque,
330 1615 431 1643 cum
450 1599 780 1643 beniuolentiae
805 1598 1128 1656 comparandae
1154 1613 1289 1642 causa
1307 1598 1369 1641 sis
1393 1598 1620 1656 prodigus,

78 1689 122 1713 ao
137 1685 229 1714 non
258 1672 390 1713 tanta
419 1670 570 1713 studia
595 1669 843 1727 assequeris
871 1684 1024 1712 eorum
1055 1669 1217 1725 quibus
1245 1669 1420 1714 dederis
1449 1673 1620 1726 quanta

137 1756 290 1785 eorum
305 1740 408 1785 odia
423 1740 585 1800 quibus
598 1740 828 1786 ademeris.
872 1739 1171 1796 Quamobrem
1186 1754 1267 1783 nec
1286 1740 1353 1783 ita
1372 1740 1619 1783 claudenda

137 1814 207 1855 aet
225 1826 296 1854 res
315 1810 552 1855 familiaris
572 1813 625 1854 ut
644 1825 742 1853 eam
762 1809 1019 1868 benignitas
1043 1810 1217 1867 aperire
1242 1824 1333 1852 non
1359 1810 1513 1869 possit,
1536 1825 1618 1856 nec

137 1881 205 1925 ita
242 1881 481 1926 reseranda
517 1883 571 1923 ut
610 1880 817 1923 omnibus
855 1882 1032 1937 pateat;
1078 1879 1157 1922 sed
1194 1880 1420 1938 utrimque
1460 1880 1618 1923 modus

137 1951 405 1996 adhibeatur
452 1951 579 2008 isque
627 1949 852 1992 referatur
899 1949 958 1992 ad
1007 1948 1258 1995 facultates.
1329 1949 1389 1992 Et
1437 1949 1618 2006 quidem

78 2043 120 2076 ²5
138 2022 366 2080 eleganter
404 2021 499 2064 siue
540 2020 773 2077 Philippus
807 2019 903 2062 siue
937 2019 1053 2062 alius
1086 2019 1315 2077 popularis
1349 2019 1484 2062 huius
1517 2034 1617 2077 pro-

137 2091 328 2135 fusionis
366 2090 778 2133 immoderationem
817 2089 1031 2141 cohibuit,
1067 2104 1180 2147 quae
1215 2089 1395 2148 quidem
1426 2090 1616 2147 gloriam

137 2161 319 2205 uidetur
351 2161 521 2210 afferre,
552 2159 631 2202 sed
661 2174 784 2202 more
817 2158 1079 2210 meretricio,
1113 2173 1215 2202 cum
1254 2174 1325 2202 res
1359 2158 1615 2211 defecerint,
1632 2161 1707 2210 716
1729 2171 1760 2200 a

138 2230 374 2275 euanescit.
444 2229 564 2272 Nam
583 2228 757 2286 gratiae
777 2243 912 2286 quam
935 2243 1026 2271 non
1046 2228 1194 2271 uirtus
1213 2229 1291 2272 sed
1311 2228 1495 2275 fortuna
1514 2244 1616 2273 con-

136 2301 262 2346 ciliat
280 2315 407 2343 amor
424 2299 670 2345 meretricis
689 2298 933 2342 rectissime
953 2302 1251 2358 comparatur.

135 2454 159 2490 8
182 2450 393 2499 phylippus
406 2449 449 2488 M
594 2459 639 2496 27
664 2449 766 2487 ferre
782 2449 816 2487 A

186 2593 205 2631 5
237 2585 405 2620 Valerius
419 2584 630 2619 Maximus:
653 2594 685 2618 v.
702 2581 786 2618 Val.
803 2581 1120 2619 Mazviizext.
1141 2592 1196 2619 10.
1362 2584 1387 2620 6
1415 2584 1556 2619 Cicero:
1580 2596 1615 2620 v.

136 2631 214 2669 010.
240 2633 284 2667 de
314 2633 382 2676 Off
411 2630 455 2669 ii.
486 2639 526 2676 15
581 2629 600 2676 ξ
633 2638 759 2676 53-55.
810 2629 1002 2667 Ciceronis
1033 2629 1160 2668 locum
1191 2641 1309 2677 usquc
1340 2631 1390 2668 ad
1414 2633 1616 2677 facultates

137 2678 314 2734 sequitur
328 2679 499 2721 Ioannes,
594 2677 801 2715 abbreviat.
944 2687 991 2723 29
1014 2680 1236 2716 meretricis:
1261 2678 1386 2726 qualis
1403 2681 1485 2717 erat
1499 2678 1615 2718 'rhais

136 2727 377 2771 Terentiana,
395 2726 443 2764 de
460 2737 536 2773 qua
551 2725 592 2765 111
610 2725 781 2773 capitulo
798 2725 987 2772 sequenti.

1441 2967 1505 3004 ²3⁵
