1846 3262
163 230 262 264 oAP.
278 218 351 280 VI]
673 219 1114 266 POLICRATICVS
1658 231 1735 273 725
1752 222 1782 262 d

161 341 252 385 tiae
283 340 423 385 fuerit
453 341 748 386 satisfactum.
810 342 928 385 Sunt
958 345 1004 386 et
1035 342 1112 399 qui
1143 341 1312 399 poculis
1337 340 1508 384 fercula
1534 341 1637 384 sub-

160 415 308 463 ruant,
339 415 385 455 et
425 412 551 469 quasi
583 412 810 456 Homerici
845 412 1113 455 auctoritate
1154 411 1320 454 decreti
1360 411 1638 454 incentiuum

159 481 329 539 ingenii
358 486 403 524 et
427 481 631 524 fomitem
659 482 845 524 uirtutis
877 484 922 524 et
946 481 1167 538 quendam
1198 481 1443 524 hilaritatis
1468 481 1638 524 fontem

159 552 414 610 opinantur,
435 552 473 595 si
494 567 541 595 se
562 552 743 595 omnino
759 567 881 595 mero
897 552 1092 595 siceraue
1108 551 1369 608 proluerint.
1416 551 1638 594 Pheacum

121 641 140 677 5
159 637 266 680 ergo
292 637 415 666 more
443 624 730 680 consurgunt,
750 624 796 665 et
820 622 897 679 qui
926 622 974 663 in
1003 621 1321 664 exhauriendis
1343 621 1514 678 poculis
1539 635 1638 678 per-

159 692 300 736 ditior
320 695 388 736 est
418 693 566 749 potior
585 692 822 735 iudicatur.
883 692 983 735 Dici
1005 692 1118 735 solet
1142 691 1248 748 quia
1278 691 1449 734 aleator
1468 694 1638 748 quanto

158 762 207 805 in
238 766 335 806 arte
363 763 547 813 doctior,
573 765 702 805 tanto
732 762 945 820 nequior3
991 765 1037 805 et
1071 762 1204 818 plane
1234 761 1310 818 qui
1339 761 1537 804 bibacior
1567 764 1636 804 est

157 833 270 876 alios
297 833 471 876 malitia
496 840 542 876 et
568 833 807 890 iniquitate
837 832 1126 875 transcendit.
1198 831 1457 874 Immolauit
1485 831 1638 882 Israel,

159 906 419 960 apostatans
444 918 471 946 a
492 903 690 946 Salutari
720 917 812 954 suo,
834 902 949 945 filios
974 905 1020 945 et
1041 902 1157 945 filias
1181 916 1284 944 suas
1315 901 1555 954 demoniis3
1591 904 1638 944 et

99 994 142 1018 10
158 973 247 1024 isti,
278 973 386 1016 dum
427 972 782 1030 ingurgitatione
812 972 909 1014 uini
940 975 1020 1014 aut
1050 972 1214 1015 sicerae
1249 971 1458 1028 spiritum
1489 971 1635 1028 depri-
1653 976 1736 1024 726
1757 984 1789 1014 a

157 1046 300 1094 munt,
324 1043 598 1100 extinguunt
626 1041 914 1085 scintillulam
946 1041 1144 1092 rationis,
1169 1056 1215 1084 se
1246 1044 1365 1084 totos
1395 1041 1636 1083 immundi-

155 1112 246 1156 tiae
273 1112 553 1170 prostituunt
573 1114 619 1155 et
639 1111 928 1155 bachantium
954 1111 1133 1168 spiritui
1164 1111 1400 1163 deuouent‚
1421 1111 1635 1168 quidnam

154 1185 341 1240 possunt
381 1181 648 1224 familiarius
695 1181 958 1225 immolare‘e
1034 1179 1244 1224 Ceterum
1285 1183 1392 1223 sunt
1432 1181 1509 1237 qui
1549 1181 1638 1223 ista

153 1255 484 1310 contempnant‚
510 1251 722 1308 quoniam
754 1251 862 1294 haec
898 1250 1155 1308 uulgarium
1191 1253 1236 1294 et
1272 1251 1342 1304 (ut
1373 1251 1439 1293 ita
1471 1251 1634 1306 dicam)

95 1340 137 1379 ¹5
155 1321 428 1380 plebeiorum
456 1321 765 1365 conuiuiorum
804 1321 987 1364 uidetur
1022 1335 1116 1363 esse
1151 1320 1368 1378 professio
1398 1319 1635 1377 (siquidem

154 1391 244 1435 alia
259 1391 575 1449 philosophica,
591 1391 681 1433 alia
696 1390 858 1441 ciuilia,
873 1390 962 1433 alia
982 1390 1195 1433 dicuntur
1215 1405 1308 1433 esse
1329 1390 1532 1447 plebeia).
1577 1390 1635 1433 In

152 1461 209 1505 iis
239 1461 362 1504 laudi
393 1461 654 1518 plerumque
684 1460 876 1512 ducitur,
902 1461 940 1503 si
971 1460 1034 1503 sic
1066 1463 1147 1503 tua
1178 1460 1388 1517 prodigas
1415 1458 1550 1502 semel
1581 1462 1635 1503 ut

151 1532 444 1575 trimenstruo
473 1534 570 1574 toto
603 1531 802 1574 esuriens
833 1531 1025 1574 conuiua
1059 1531 1295 1588 impudens
1335 1545 1510 1573 mensas
1549 1530 1634 1574 cir-

151 1615 329 1646 cumeas
344 1601 525 1644 alienas.
587 1601 685 1644 Hoc
702 1600 882 1658 quidem
899 1616 1029 1658 saepe
1045 1600 1388 1658 prodigalitatis,
1404 1601 1632 1643 interdum

92 1692 138 1722 to
154 1674 201 1716 et
239 1671 459 1714 auaritiae
498 1674 607 1714 nota
651 1674 718 1714 est
731 1685 741 1723 3
788 1685 906 1722 nam,
937 1674 990 1713 ut
1030 1670 1118 1714 dici
1168 1671 1293 1722 solet,
1326 1685 1490 1713 auarus
1530 1685 1631 1714 cum

152 1741 325 1799 incipit,
345 1741 526 1784 modum
548 1741 733 1784 excedit.
794 1740 966 1784 Poteris
993 1741 1146 1783 uidere
1173 1741 1525 1798 quamplurimos
1555 1741 1633 1797 qui

152 1810 248 1855 fere
267 1826 385 1855 anno
405 1813 502 1855 toto
517 1811 813 1868 parsimoniae
834 1811 1029 1863 student,
1045 1813 1090 1854 et
1110 1811 1168 1853 ad
1183 1811 1463 1869 purgandam
1485 1811 1632 1854 auari-

151 1881 242 1926 tiae
276 1881 422 1925 labem
458 1881 668 1938 epulones
699 1884 946 1924 conuocant
980 1883 1027 1924 et
1061 1881 1281 1938 parasitos
1316 1884 1362 1924 et
1396 1881 1631 1938 collegium
1650 1882 1679 1921 b

151 1954 435 2010 nugatorum,
463 1951 539 2008 qui
574 1951 746 1994 alienae
780 1951 935 1994 nidore
969 1951 1143 1994 culinae
1173 1950 1424 2007 capiuntur,
1445 1954 1491 1994 et
1521 1966 1632 2008 quos

91 2045 134 2080 ,5
153 2021 298 2079 magis
337 2021 555 2064 honorare
594 2021 821 2064 noluerint
855 2020 1099 2064 maioribus
1139 2023 1345 2064 oneratos
1384 2021 1632 2064 minoribus

152 2091 322 2150 poculis
341 2091 625 2148 ingurgitant
645 2093 690 2134 et
710 2091 984 2141 distendunt,
1001 2093 1058 2141 et,
1078 2091 1216 2134 donec
1236 2090 1438 2147 rapidam
1459 2091 1631 2133 orexim

151 2161 395 2211 excutiant,
411 2160 582 2217 aliquid
602 2160 825 2203 amicitiae
846 2163 927 2203 aut
948 2160 1190 2203 festiuitati
1205 2160 1394 2203 credunt
1414 2175 1507 2203 esse
1528 2161 1630 2203 sub-

150 2233 358 2274 tractum.
418 2231 482 2273 At
511 2231 594 2273 hoc
624 2230 681 2272 ab
712 2230 833 2273 omni
864 2230 1121 2273 urbanitate
1155 2230 1266 2273 adeo
1295 2229 1449 2287 procul
1480 2233 1548 2273 est
1577 2234 1630 2274 ut

149 2297 610 2366 πρ
630 2317 711 2358 post
727 2311 827 2348 filios
843 2314 928 2348 aad.
945 2324 1031 2349 auos
1048 2311 1082 2348 A
1197 2321 1238 2358 17
1264 2311 1338 2348 hiis
1356 2311 1450 2347 BAs
1573 2315 1630 2358 18,

153 2370 198 2406 19
222 2359 390 2396 circueas
406 2358 464 2396 As
609 2370 654 2405 24
680 2360 788 2406 quos]
806 2371 880 2406 quo
897 2360 932 2395 A

199 2441 221 2466 2
246 2432 432 2467 Homerici
448 2433 664 2466 auctoritate
680 2432 834 2467 demeti:
860 2430 970 2468 Certe
994 2431 1089 2468 haec
1114 2430 1351 2467 Macrobium
1376 2429 1553 2477 sapiunt;
1579 2431 1630 2468 cf.

151 2477 234 2514 Ian.
247 2479 385 2522 Proleq.
399 2480 439 2513 in
453 2479 610 2515 Macrob.
624 2490 657 2515 c.
655 2489 693 2533 3
712 2478 752 2523 (i.
765 2490 800 2524 p.
815 2478 912 2525 xlii).
1056 2489 1080 2523 4
1096 2480 1298 2515 Pheneum:
1324 2477 1380 2515 De
1398 2478 1632 2515 Phaeacibus

151 2537 184 2561 v.
204 2525 315 2562 Hom.
336 2527 399 2562 Od.
412 2525 474 2561 vii.
488 2527 544 2572 98,
560 2536 616 2572 99,
628 2526 707 2562 viii.
722 2527 802 2571 248,
821 2537 902 2572 249.
999 2527 1023 2562 6
1047 2528 1188 2563 aleator
1202 2528 1272 2563 etc.
1287 2540 1296 2563 :
1313 2526 1420 2562 Publ.
1437 2526 1517 2571 Syr.
1530 2528 1629 2563 Sem.

150 2573 185 2610 A
196 2584 241 2620 33
255 2573 329 2620 (ed.
342 2573 478 2628 Meyer
493 2585 530 2620 p.
547 2578 616 2618 19).
729 2583 749 2619 7
768 2575 945 2611 bibacior.
962 2575 1071 2610 bibax
1082 2577 1138 2611 est
1151 2586 1229 2611 voe.
1240 2577 1299 2611 ὄπ.
1310 2577 1386 2620 λεγ.
1398 2585 1422 2610 a
1433 2573 1558 2611 Gellio
1571 2574 1628 2611 iii.

155 2631 198 2658 12
227 2620 246 2668 ξ
278 2631 300 2657 2
330 2633 376 2658 ex
402 2620 550 2668 Nigidii
576 2621 870 2659 Commentariis
896 2621 1071 2659 citatum.
1124 2670 1131 2678 .
1188 2671 1196 2679 .
1250 2623 1272 2658 8
1296 2623 1510 2658 Immolauit
1534 2625 1630 2660 etc.:

150 2668 459 2761 {itplgugsixssgcize
472 2669 791 2772 gflsgeorffsmffit·
790 2679 848 2716 37
954 2718 995 2754 18
1020 2671 1276 2754 tlrimsezgts‘tziuedn
1292 2672 1390 2754 (libe.
1403 2669 1631 2774 ᾂὲαῗιῗξιῖἳᾳ

151 2764 870 2858 ¹²⁰⁸&ssssssssffzfflozzffi⁰ss55assff¹q⁰⁰⁸
894 2764 1527 2857 ¹3:⁶2505322‡{¹¹⁰2ffi12¹.¹is.5325
1548 2765 1630 2851 ἷίξῖ

152 2823 200 2906 g}
225 2861 450 2898 maioribus:
475 2872 526 2897 sc.
542 2861 696 2909 poculis.
802 2861 848 2899 26
873 2862 1044 2909 rapidam
1062 2863 1220 2899 orez-im:
1244 2873 1278 2898 v.
1296 2860 1374 2899 Iuv.
1392 2863 1468 2898 Sat.
1486 2860 1533 2898 vi.
1555 2863 1627 2908 428

150 2907 364 2955 (rabidam).

1450 2986 1467 3010 ²
1473 2986 1491 3020 5
1497 2986 1516 3019 3
