1846 3262
148 190 250 224 cnr.
265 177 375 241 nx]
674 179 1086 227 POLICRATICV
1088 180 1121 226 S
1656 185 1738 226 618
1758 197 1788 226 a

147 299 381 344 uirtutem.
443 299 540 345 Nec
570 303 724 346 tamen
753 303 1034 360 propositum
1061 315 1212 346 meum
1242 305 1312 346 est
1338 302 1405 346 rei
1430 294 1644 348 militaris

145 370 221 415 hic
239 373 385 414 artem
405 372 583 416 tradere
604 387 720 430 quae
741 373 922 430 quidem
942 373 1142 416 maxima
1158 375 1227 417 est
1247 376 1293 417 et
1312 374 1645 431 pernecessaria

147 445 196 486 et
221 442 319 486 sine
345 457 437 500 qua
465 443 536 499 (ut
561 443 712 488 uerbis
741 444 972 488 Plutarchi
999 445 1124 501 utar)
1149 459 1336 489 mancus
1356 445 1548 503 quilibet
1574 445 1643 488 in·

146 510 373 570 telligitur
411 514 707 572 principatus.
789 514 937 568 Quam
976 515 1016 558 si
1056 515 1157 573 quis
1199 515 1393 559 ediscere
1433 515 1645 569 uoluerit,

107 601 129 636 5
145 582 283 627 adeat
312 583 532 628 Catonem
573 585 885 638 Censorinum,
914 585 1038 644 legat
1069 589 1116 629 et
1150 586 1230 629 illa
1260 601 1376 643 quae
1407 585 1644 631 Cornelius

147 651 318 706 Celsus,
338 669 454 712 quae
484 655 632 699 Iulius
662 655 835 714 Iginus‚
865 670 980 713 quae
1010 655 1227 714 Vegetius
1257 656 1471 710 Renatus,
1502 657 1643 708 cuiuS,

146 739 200 768 eo
224 725 345 782 quod
370 725 702 783 elegantissime
730 728 777 769 et
803 725 1147 783 diligentissime
1174 726 1240 770 rei
1266 726 1477 770 militaris
1498 730 1643 771 artem

146 795 341 839 tradidit
369 796 476 840 licet
506 796 712 854 exempla
741 796 1074 853 perstrinxerit,
1103 796 1237 854 plura
1265 797 1463 851 inserui;
1507 797 1641 856 legat,

146 865 345 924 inquam,
376 881 491 924 quae
523 866 601 910 isti
631 866 824 924 posteris
863 867 1210 924 praescribenda
1239 867 1483 912 duxerunt.
1542 868 1642 914 Hoc
1658 873 1688 913 b

86 952 132 979 ιο
147 938 301 980 tamen
321 937 371 980 in
394 937 596 981 omnium
623 936 792 981 artium
820 936 1022 980 utiJitate
1049 940 1260 981 uersatur
1279 942 1333 981 ut
1356 953 1642 997 nequaquam

146 1007 398 1065 praeceptis
438 1007 706 1051 exercitium
747 1007 879 1051 desit.
955 1007 1091 1061 Nam,
1125 1008 1244 1052 sicut
1283 1009 1350 1052 ait
1391 1008 1559 1062 Cicero,
1593 1010 1644 1053 in

146 1092 512 1136 unamquamque
550 1093 646 1121 rem
690 1078 798 1121 dare
848 1082 1089 1137 praecepta
1137 1078 1405 1123 facillimum
1446 1084 1515 1124 est
1563 1076 1643 1125 sed

145 1162 246 1192 eam
285 1147 524 1192 efficaciter
563 1148 727 1205 exequi
775 1148 1190 1192 laboriosissimum.
1271 1149 1404 1203 Quod
1444 1165 1553 1195 uero
1593 1152 1642 1194 in

145 1219 396 1277 praeceptis
436 1218 719 1276 eloquentiae
758 1219 818 1262 ad
866 1219 1148 1263 Herennium
1189 1219 1388 1263 scribens
1437 1220 1494 1263 de
1543 1224 1643 1266 arte

86 1304 129 1344 ,¹5
146 1289 325 1334 dicendi
359 1290 564 1341 asseruit,
594 1304 693 1332 eam
725 1289 895 1333 scilicet
924 1289 1195 1334 inefficacem
1226 1293 1273 1334 et
1306 1290 1515 1334 inutilem
1547 1306 1642 1336 esse

145 1360 244 1404 sine
269 1375 356 1404 usu
388 1363 446 1404 etv
461 1360 784 1404 exercitatione
816 1360 1007 1412 dicendi,
1027 1360 1086 1404 ad
1113 1376 1267 1405 omnes
1296 1364 1418 1405 artes
1445 1362 1643 1406 arbitror

145 1430 512 1476 transferendum
544 1434 768 1489 quatenus
807 1446 899 1475 non
928 1432 1171 1475 firmantur
1199 1447 1287 1476 usu
1316 1447 1397 1476 nec
1428 1433 1643 1477 exercitio

146 1501 443 1555 roborantur;
472 1501 585 1545 adeo
616 1501 797 1559 quidem
828 1505 894 1556 ut,
924 1502 963 1546 si
993 1506 1138 1546 artem
1168 1517 1390 1561 usumque
1421 1503 1644 1555 dissocies,

146 1572 305 1616 utilior
330 1573 392 1616 sit
418 1587 528 1616 usus
555 1587 716 1630 expers
743 1573 855 1616 artis
884 1587 1020 1631 quam
1049 1588 1123 1616 ars
1151 1588 1266 1632 quae
1293 1574 1364 1617 sui
1392 1589 1525 1618 usum
1553 1589 1646 1619 non

85 1661 132 1687 20
147 1642 299 1688 habet.
357 1641 479 1686 Nam
501 1645 547 1686 et
567 1642 719 1686 Dauid
739 1643 788 1686 in
808 1642 953 1686 funda
974 1646 1020 1687 et
1039 1643 1201 1702 lapide,
1222 1659 1414 1702 quorum
1434 1645 1645 1703 peritiam

148 1717 196 1759 et
234 1728 368 1758 usum
407 1714 617 1767 habebat,
660 1713 941 1772 Allophilum
980 1715 1148 1758 strauit
1187 1718 1234 1759 et
1273 1715 1322 1758 in
1361 1715 1521 1760 baculo
1562 1731 1644 1760 suo
1662 1731 1688 1761 c

147 1785 335 1844 aggredi
366 1800 504 1829 ausus
533 1788 603 1830 est
632 1785 784 1829 uirum
815 1785 991 1830 cunctis
1022 1786 1271 1830 terribilem
1301 1789 1348 1830 et
1379 1786 1644 1830 bellatorem

147 1855 207 1899 ab
238 1855 540 1900 adolescentia
574 1870 683 1909 sua;
729 1856 974 1914 reiecitque
1005 1856 1191 1900 loricam
1225 1857 1397 1915 regiam
1434 1860 1480 1900 et
1518 1872 1645 1901 arma

147 1926 312 1985 quibus
330 1926 605 1971 exercitatus
621 1942 712 1971 non
734 1926 887 1971 fuerat
901 1930 1030 1971 ratus
1045 1927 1198 1971 omnia
1212 1942 1306 1971 esse
1322 1927 1645 1986 impedimento

67 2044 76 2055 ⁸
147 2053 172 2082 2
195 2043 348 2081 tradere
365 2046 492 2082 artem
508 2043 550 2080 M
729 2055 751 2091 3
776 2043 964 2082 manchus
981 2043 1007 2081 S
1198 2046 1220 2082 8
1244 2043 1417 2082 tradit'A
1563 2055 1647 2091 pre-

145 2091 349 2130 strinxerit
366 2092 407 2128 M
518 2103 532 2129 1
540 2101 559 2140 5
587 2091 761 2130 discendi
778 2092 819 2129 M
927 2103 974 2130 22
999 2092 1126 2130 cuntis
1144 2093 1173 2130 C
1282 2104 1328 2140 23
1354 2092 1646 2130 adholescentia

145 2139 183 2177 A
325 2150 373 2186 24
397 2152 478 2178 esse
494 2140 625 2178 omnia
641 2140 683 2178 M

197 2258 220 2295 3
244 2249 460 2284 Plutarchi.
485 2246 528 2284 in
545 2249 782 2284 Institutione
802 2248 982 2290 Traiani;
1006 2259 1040 2283 v.
1058 2245 1164 2283 infra
1180 2246 1229 2283 ad
1251 2246 1318 2283 fin.
1341 2258 1425 2293 cap.
1623 2255 1642 2293 5

151 2295 325 2333 Catonem
336 2298 434 2333 οιο.;
457 2308 491 2332 v.
503 2295 588 2342 Veg
588 2298 639 2332 et.
652 2294 678 2331 i.
692 2297 713 2332 8
729 2307 821 2343 quae
838 2296 926 2332 Cato
937 2297 999 2332 ille
1013 2295 1209 2331 Censorius
1219 2297 1262 2330 de
1272 2297 1473 2341 disciplina
1486 2296 1648 2331 militari

147 2345 307 2391 oco-ipen,
321 2356 415 2392 quae
435 2345 627 2381 Cornelius
647 2345 771 2380 Celeus
786 2344 861 2380 etc.
1021 2344 1045 2380 6
1069 2344 1194 2379 Iulius
1210 2345 1363 2389 Iyinus:
1388 2355 1420 2380 v.
1437 2341 1535 2379 Gell.
1554 2342 1579 2379 i.
1600 2352 1645 2388 14

151 2391 171 2440 §
194 2402 211 2430 1
233 2393 357 2429 Iulius
380 2394 554 2439 Hyyinus
578 2395 620 2428 in
645 2393 738 2428 libro
762 2393 806 2428 de
830 2393 911 2428 uita
934 2392 1107 2437 rebusque
1132 2393 1349 2427 inlustrium
1371 2393 1565 2427 uirorum·
1594 2390 1644 2428 cf.

149 2451 268 2487 supra
282 2453 315 2477 V.
334 2450 354 2485 7
375 2440 532 2487 (556A).
729 2449 770 2476 11
796 2441 891 2476 sicut
908 2441 963 2475 ait
983 2440 1131 2475 Cicero:
1159 2452 1191 2474 v.
1209 2441 1313 2475 Rhet.
1330 2441 1382 2475 ad
1398 2441 1561 2476 Herenn.
1578 2438 1604 2476 i.
1625 2448 1642 2476 1

151 2487 172 2536 ξ
193 2500 212 2525 1
237 2490 282 2525 de
304 2501 344 2525 ne
368 2490 485 2524 dicere
509 2489 739 2534 incipiemus,
761 2489 796 2524 si
819 2493 852 2523 te
876 2500 995 2523 unum
1018 2489 1115 2522 illud
1139 2490 1396 2530 monuerimus,
1424 2493 1542 2523 artem
1565 2489 1648 2523 eine

150 2538 375 2573 adsiduitate
403 2538 549 2572 dicendi
574 2548 648 2571 non
679 2537 836 2571 multum
869 2537 1011 2578 iuuare,
1042 2541 1084 2571 ut
1115 2537 1305 2581 intelleqas
1336 2537 1432 2572 hanc
1465 2537 1646 2572 rationem

145 2586 416 2632 praeceptionis
431 2587 482 2620 ad
498 2586 790 2621 exercitationem
805 2585 1078 2620 adcommdari
1093 2589 1263 2630 oportere.
1388 2585 1432 2621 16
1457 2585 1507 2620 ad
1523 2595 1645 2620 omnes

149 2638 248 2670 anes
257 2634 355 2671 eto..
382 2633 431 2669 cf.
443 2632 579 2679 Veget.
592 2631 648 2669 iii
665 2642 710 2669 10
721 2632 770 2668 ad
782 2631 871 2670 init.
884 2633 1016 2668 Omnes
1027 2637 1124 2668 artes
1136 2633 1329 2678 omniaque
1340 2643 1450 2679 opera
1460 2634 1644 2687 cotidiano

149 2693 222 2717 usu
237 2686 271 2717 et
285 2683 366 2727 iuqi
380 2682 638 2718 exercitatione
648 2682 860 2727 proficiunt.
1007 2690 1055 2716 20
1080 2682 1209 2716 Dauid
1226 2682 1321 2717 etc.:
1346 2693 1380 2717 v.
1402 2690 1416 2717 1
1437 2674 1530 2727 Reg.
1554 2679 1643 2716 xvii.

149 2739 315 2814 ῗᾶἑῗὲ·
324 2790 358 2814 v
372 2731 675 2815 masma.
682 2730 810 2814 ’ἔέἶῖἕ
809 2727 1271 2834 ὲὲφῖῗὶξῖᾂέῗψμ
1275 2739 1412 2814 eP.²¹L
1411 2693 1645 2823 Αέέοῗίῗέἵῗέ

149 2825 381 2881 ἆλλοφῦλους
391 2837 462 2874 pro
473 2827 709 2862 Philtethaeis
718 2825 859 2872 passim
870 2825 1015 2862 habent
1027 2825 1136 2861 LXX.
1186 2827 1230 2861 in
1241 2826 1460 2862 baculosuo:
1472 2837 1506 2861 v.
1521 2836 1536 2862 1
1533 2825 1644 2881 Reg.

148 2872 239 2910 xvii.
256 2884 315 2919 40.
461 2884 519 2919 22,
538 2884 583 2921 23
609 2874 814 2910 bellatorem
830 2874 876 2910 ab
892 2875 1240 2911 adolmentiaeua:
1266 2886 1298 2910 v.
1320 2884 1336 2911 1
1353 2873 1447 2922 Reg.
1463 2873 1554 2910 xvii.
1571 2884 1631 2921 33.

205 2947 288 2967 vnn
301 2947 323 2967 u
879 2935 899 2964 1
1488 2936 1531 2974 57
