1846 3262
49 204 129 245 724
148 205 179 236 a
511 191 777 238 IOANNIS
820 190 1343 236 SARESBERIENSIS
1463 188 1574 251 [ΜΒ.
1591 197 1686 232 V111

199 329 296 358 mas
316 329 457 372 usque
477 313 740 372 prolabitur.
803 313 1035 371 Siquidem
1063 328 1183 356 mors
1210 327 1291 371 per
1313 312 1542 357 oculorum
1566 311 1687 354 fene-

201 389 318 430 stras
365 384 630 442 ingreditur,
675 399 777 428 cum
825 384 1049 441 quispiam
1105 383 1356 428 delectatur
1406 381 1690 433 circensibus,

201 455 446 499 certamine
498 454 786 505 athletarum,
826 454 1098 497 histrionum
1148 453 1412 504 mobilitate,
1451 452 1691 495 mulierum

202 525 371 577 formis,
386 523 620 581 splendore
641 539 931 582 gemmarum,
948 524 1156 575 uestium,
1169 523 1464 574 metallorum,
1480 522 1690 565 aliorum-

202 609 288 652 que
309 594 472 651 quibus
496 594 682 637 libertas
710 594 886 637 animae
911 594 1180 652 captiuatur.
1241 593 1428 645 Rursus,
1450 592 1488 635 si
1508 591 1692 634 auditus
1711 602 1731 637 5

201 664 329 707 uario
350 679 620 722 organorum
641 667 778 707 cantu
799 678 1047 721 uocumque
1072 663 1341 707 flexionibus
1365 662 1616 705 mulceatur
1635 660 1693 704 ad

203 735 403 779 carmina
433 737 679 792 poetarum,
700 735 1001 778 comediarum
1033 737 1080 778 et
1110 733 1421 792 tragediarum
1452 735 1590 783 actus,
1610 731 1694 774 mi-

205 819 380 848 morum
402 803 685 847 urbanitates
706 807 751 847 et
772 805 993 862 strophas,
1014 807 1060 848 et
1082 803 1296 861 quicquid
1326 801 1584 846 huiusmodi
1614 815 1696 859 per

159 887 189 926 1>
206 890 360 918 aurem
382 874 560 926 incedit,
582 874 848 918 uirilitatem
869 875 1034 918 mentis
1059 874 1301 918 effeminat.
1360 873 1523 918 Odoris
1542 875 1695 916 autem

206 946 409 989 suauitas
436 948 482 988 et
509 945 690 988 diuersa
710 945 997 989 thimiamata
1025 948 1072 989 et
1097 959 1336 996 amomum,
1360 959 1551 996 muscus,
1570 958 1694 1002 pere-
1717 956 1759 981 10

204 1015 324 1074 grini
346 1015 487 1059 muris
509 1015 728 1074 pellicula,
749 1016 869 1073 quod
894 1016 1124 1059 dissolutis
1148 1015 1348 1059 moribus
1375 1014 1547 1058 faciant
1566 1027 1697 1057 nemo

205 1085 293 1128 nisi
327 1085 572 1128 dissolutus
613 1089 763 1143 negat.
841 1085 961 1128 Nam
1003 1085 1263 1144 peregrinos
1297 1085 1454 1129 odores
1486 1099 1578 1128 non
1609 1082 1697 1127 nisi

206 1156 436 1199 dissolutis
457 1159 503 1199 et
524 1157 802 1199 amatoribus
822 1156 1062 1200 conuenire
1082 1156 1277 1200 comicus
1294 1159 1340 1200 et
1361 1154 1504 1200 Cocus
1524 1155 1698 1198 docent.

207 1226 345 1270 Porro
361 1226 562 1269 ciborum
578 1227 774 1270 auiditas
794 1227 1015 1270 auaritiae
1028 1229 1173 1270 mater
1194 1229 1273 1278 est,
1290 1229 1336 1269 et
1352 1226 1554 1269 animum
1567 1223 1696 1282 quasi

209 1296 478 1355 quibusdam
499 1297 788 1354 compedibus
815 1296 1114 1354 degrauatum
1144 1299 1271 1340 tenet
1300 1296 1349 1338 in
1379 1298 1514 1339 terra.
1577 1294 1697 1352 Ergo
1718 1310 1759 1344 1⁵

208 1371 392 1426 propter
432 1367 614 1410 breuem
655 1368 787 1425 gulae
831 1367 1110 1425 uoluptatem
1158 1370 1305 1410 terrae
1350 1367 1603 1410 lustrantur
1652 1367 1699 1409 et

207 1439 352 1481 maria
369 1453 377 1491 ;
410 1441 456 1481 et
476 1440 529 1481 ut
549 1438 744 1481 mulsum
765 1438 923 1481 uinum
944 1437 1253 1495 pretiosusque
1279 1437 1404 1481 cibus
1423 1436 1576 1480 fauces
1600 1450 1698 1494 per-

207 1511 422 1560 transeat,
450 1508 591 1551 totius
622 1508 745 1551 uitae
770 1523 902 1565 opere
930 1507 1190 1552 desudatur.
1251 1507 1345 1565 Ipsi
1376 1521 1552 1564 quoque
1579 1506 1699 1550 muri

208 1579 467 1630 Ierusalem,
488 1578 573 1621 etsi
593 1578 838 1622 uideantur
857 1578 905 1621 in
926 1581 1056 1635 petra
1076 1577 1268 1629 solidati,
1288 1577 1471 1620 tandem
1491 1579 1632 1620 ruunt
1653 1579 1700 1620 et

210 1649 554 1707 complanantur
584 1649 765 1706 aequati
794 1648 899 1700 solo,
930 1648 1235 1692 Nabuzardan
1262 1663 1467 1691 cocorum
1496 1647 1698 1705 principe
1719 1662 1763 1687 20

169 1740 194 1769 c
210 1721 471 1778 imperante.
532 1719 697 1762 Tactus
728 1722 882 1763 autem
913 1719 1162 1762 alienorum
1192 1733 1427 1776 corporum
1458 1721 1505 1762 et
1538 1717 1700 1762 femin·

212 1805 341 1833 arum
372 1790 602 1833 ardentior
638 1789 867 1847 appetitus
897 1789 1074 1833 uicinus
1105 1788 1306 1832 insaniae
1336 1791 1416 1833 est.
1477 1788 1702 1847 Quicquid

212 1875 368 1905 sensus
394 1860 586 1918 quilibet
610 1859 836 1912 moliatur,
857 1860 991 1903 ludus
1020 1875 1071 1904 ac
1099 1859 1222 1903 iocus
1247 1862 1315 1902 est
1344 1873 1452 1917 prae
1478 1859 1567 1903 hiis
1587 1873 1703 1917 quae

214 1932 356 1984 affert,
386 1934 440 1974 ut
480 1930 630 1974 uerbis
671 1931 827 1974 comici
867 1933 984 1981 utar,
1016 1930 1152 1973 huius
1191 1929 1348 1972 rabies.
1421 1929 1542 1973 Hinc
1582 1929 1702 1973 enim

213 2002 432 2060 cupimus,
455 2001 703 2055 irascimur,
723 2001 953 2059 gestimus,
975 2001 1239 2055 emulamur,
1259 2000 1438 2044 solliciti
1468 2015 1635 2052 sumus,
1655 2004 1702 2045 et
1722 2009 1764 2044 25

215 2072 395 2130 expleta
415 2071 651 2128 uoluptate
682 2086 762 2129 per
788 2071 1015 2129 quandam
1039 2071 1349 2129 penitudinem
1377 2086 1532 2115 rursus
1552 2085 1704 2115 accen-

215 2143 376 2193 dimur,
408 2142 754 2199 quaerimusque
790 2141 937 2185 facere
970 2141 1090 2199 quod
1125 2156 1228 2185 cum
1263 2141 1502 2186 fecerimus
1539 2141 1706 2185 iterum

215 2247 236 2283 3
262 2236 466 2272 alletarum
484 2233 618 2271 GBSM
714 2233 958 2281 hystrionum
972 2233 1013 2270 M
1128 2244 1172 2280 23
1198 2234 1259 2271 his
1272 2234 1314 2271 M
1426 2245 1473 2281 ²4
1491 2239 1577 2282 post
1591 2234 1707 2272 huius

217 2287 300 2322 add.
318 2286 362 2320 ut
380 2281 505 2320 CBAS

269 2366 284 2393 1
313 2357 498 2402 Siquidem
519 2366 616 2390 mors
640 2355 713 2391 etc.
741 2365 860 2399 usque
885 2353 934 2390 ad
960 2355 1038 2399 ayit
1061 2353 1147 2399 (724
1158 2351 1227 2398 D):
1252 2366 1285 2390 v.
1311 2353 1471 2390 Hieron.
1493 2353 1565 2390 loc.
1590 2365 1708 2402 supra

219 2403 283 2441 cit.
401 2413 443 2439 12
468 2404 566 2438 Nam
580 2403 791 2448 pereyrinos
807 2405 881 2438 etc.
898 2413 1018 2448 usque
1035 2401 1085 2437 ad
1101 2404 1248 2438 docent:
1274 2402 1378 2438 haud.
1395 2413 1443 2439 ex
1459 2402 1706 2449 Hieronymo.

220 2463 263 2498 13
290 2453 466 2488 comicus:
491 2463 524 2486 v.
542 2450 623 2487 Ter.
642 2451 712 2486 Ad.
731 2449 756 2485 i.
778 2460 810 2485 2.
830 2459 874 2496 37
888 2455 1078 2495 scor-tatur,
1092 2455 1206 2496 potat,
1222 2451 1290 2486 olet
1305 2456 1504 2496 unquenta.
1578 2451 1707 2488 Cocus:

218 2499 289 2537 i.e.
308 2498 524 2541 Martialis3
549 2511 581 2534 v.
602 2500 731 2545 Epiyr.
750 2497 788 2533 ii.
815 2508 856 2534 12
875 2511 884 2541 3
912 2497 960 2534 cf.
980 2509 1095 2544 supra
1112 2498 1160 2534 ad
1178 2497 1242 2536 vii.
1263 2509 1305 2534 12
1325 2498 1409 2546 (665
1424 2499 1480 2544 Β).
1662 2500 1706 2535 18

219 2550 300 2595 Ipsi
325 2550 397 2585 etc.
416 2558 533 2593 usque
558 2547 607 2582 ad
633 2548 852 2592 imperante:
878 2545 981 2582 haud
1006 2557 1052 2582 ex
1078 2545 1334 2593 Hieronym03
1362 2559 1396 2582 v.
1419 2557 1443 2592 4
1469 2546 1560 2594 Reg.
1579 2557 1666 2583 xxv.
1683 2548 1706 2584 8

221 2608 323 2642 seqq.
485 2606 532 2631 20
557 2605 719 2631 cocorum
729 2596 925 2640 principe:
962 2593 1020 2630 ita
1045 2593 1143 2631 verti
1160 2596 1288 2641 potest
1305 2606 1385 2631 voc.
1404 2594 1519 2630 Hebr.
1537 2595 1706 2631 Bab-tab-

222 2646 375 2688 bachim,
394 2645 570 2689 princeps
593 2653 724 2679 eorum
750 2641 817 2688 qui
839 2641 1046 2685 trucidant,
1069 2641 1218 2680 scilicet
1244 2644 1426 2686 militum;
1460 2644 1499 2679 et
1523 2641 1580 2679 ita
1604 2642 1707 2690 apud

223 2691 340 2729 medii
358 2691 440 2728 aevi
457 2693 633 2727 auctores
649 2690 758 2737 vulgo
783 2692 936 2726 vocatur
953 2690 1228 2734 Nabuzardan;
1257 2691 1304 2727 cf.
1325 2690 1437 2727 Matt.
1465 2689 1547 2728 Par.
1574 2691 1706 2727 Chron.

223 2742 310 2776 mai.
335 2740 392 2775 ed.
418 2738 541 2775 Luard
571 2738 627 2775 iii.
657 2740 751 2784 483;
779 2738 827 2774 cf.
852 2737 1006 2775 Hieron.
1029 2740 1172 2783 Quaest.
1190 2741 1301 2774 Hebr.
1319 2741 1361 2775 in
1382 2740 1471 2775 Gen.
1487 2740 1627 2775 mxxvii.
1648 2738 1705 2784 36,

223 2789 320 2835 Aug.
340 2790 482 2831 Quaest.
500 2789 540 2822 in
556 2787 794 2833 Heptateuch.
813 2786 837 2822 i.
861 2796 926 2831 127
947 2786 1097 2833 (Migne
1119 2788 1161 2823 P.
1178 2789 1223 2823 L.
1241 2785 1348 2823 xxiii.
1366 2795 1448 2833 995,
1465 2786 1588 2823 xxxiv.
1609 2785 1707 2834 582).

224 2847 269 2872 22
306 2837 484 2881 Quicquid
518 2837 588 2872 etc.
623 2846 742 2880 usque
777 2834 826 2870 ad
860 2836 1000 2871 rabies:
1044 2834 1147 2871 haud
1172 2846 1219 2872 ex
1246 2834 1492 2882 Hieronymo.
1661 2843 1708 2878 24

224 2885 370 2920 comici:
396 2895 428 2919 v.
447 2883 532 2919 Ter.
551 2884 651 2919 Eun.
669 2882 711 2919 ii.
730 2893 761 2930 3.
781 2884 800 2920 8
829 2892 864 2929 9.

338 2948 402 2981 250
