1846 3262
89 211 172 252 729
193 207 219 242 e
542 199 806 245 IOANNIS
848 199 1368 244 SARESBERIENSIS
1502 199 1613 261 [Lm.
1627 212 1722 245 vm

237 323 514 381 Campanam
549 322 778 366 luxuriam
813 322 915 365 urbi
951 322 1091 366 fuisse
1128 323 1366 381 perutilem
1409 324 1723 370 historicorum

236 393 494 438 testimonio
526 392 696 436 celebre
732 395 819 445 est3
850 392 1072 436 inuictum
1107 393 1226 436 enim
1257 394 1395 438 armis
1421 395 1724 439 Hannibalem

237 464 455 507 illecebris
476 463 569 506 suis
589 462 821 520 complexa
842 463 1044 506 Romano
1067 464 1202 507 militi
1230 465 1501 508 uincendum
1521 465 1724 509 tradidit.

237 534 322 577 Illa
331 533 729 591 uigilantissimum
737 533 907 584 ducem,
913 533 991 576 illa
999 534 1245 578 exercitum
1259 535 1525 579 acerrimum
1534 535 1725 592 dapibus

190 609 218 649 d
238 605 387 662 largis,
395 603 677 647 habundanti
691 604 798 647 uino
811 607 1144 661 unguentorum
1158 604 1423 663 fragrantia,
1436 606 1624 649 Veneris
1639 619 1725 648 usu
1744 620 1764 656 ⁵

233 674 472 717 lasciuiore
488 674 545 716 ad
561 688 798 731 sompnum
814 676 860 716 et
875 673 1053 717 delitias
1069 675 1287 719 euocauit.
1347 677 1413 719 Ac
1429 678 1527 719 tum
1544 675 1724 719 demum

237 744 383 788 fracta
404 748 449 787 et
469 747 656 787 contusa
675 744 844 787 Punica
865 743 1023 788 feritas
1043 747 1121 796 est,
1142 760 1243 789 cum
1265 745 1467 804 Seplasia
1487 749 1533 790 et
1547 746 1726 790 Albana

236 817 384 858 castra
408 829 502 857 esse
523 817 777 872 coeperunt.
837 814 958 868 Quid
979 830 1085 873 ergo
1113 816 1240 860 uitiis
1260 817 1348 860 hiis
1369 816 1518 861 fedius
1538 819 1584 860 et
1603 816 1725 859 dam-

236 885 421 942 pnosius
457 885 620 942 quibus
659 885 809 928 uirtus
845 885 1070 937 atteritur,
1111 886 1327 931 uictoriae
1367 887 1725 945 relanguescunt,

237 955 383 1012 sopita
405 954 550 1012 gloria
569 955 617 997 in
638 955 874 998 infamiam
895 956 1093 999 uertitur
1112 956 1340 1014 animique
1360 958 1532 1015 pariter
1555 961 1602 1002 et
1630 973 1724 1002 cor·
1749 975 1790 999 ιο

235 1025 357 1082 poris
384 1025 504 1068 uires
525 1025 636 1068 adeo
663 1028 984 1083 expugnantur
1012 1030 1066 1069 ut
1096 1027 1268 1070 nescias
1298 1028 1356 1070 ab
1383 1027 1646 1072 hostibusne
1666 1043 1725 1071 an

235 1096 294 1139 ab
321 1096 411 1139 illis
435 1095 533 1153 capi
559 1095 851 1153 perniciosius
878 1096 1134 1139 habendum
1162 1098 1252 1143 sit?
1315 1098 1433 1142 Vrbs
1452 1098 1725 1142 Volumnen-

235 1167 365 1217 sium,
386 1166 600 1223 opulenta
621 1166 808 1218 diuitiis,
828 1169 989 1210 ornata
1016 1167 1216 1211 moribus
1237 1171 1283 1212 et
1303 1168 1478 1227 legibus
1505 1169 1726 1222 ordinata,

235 1239 372 1294 caput
393 1237 603 1280 Etruriae
623 1237 889 1280 habebatur.
952 1237 1041 1280 Sed
1062 1241 1299 1296 postquam
1316 1239 1498 1283 luxuria
1518 1239 1727 1297 prolapsa

235 1311 315 1358 est,
347 1307 395 1349 in
428 1306 704 1365 profundum
740 1307 1009 1351 iniuriarum
1046 1311 1091 1351 et
1126 1309 1425 1367 turpitudinis
1459 1310 1638 1362 decidit,
1673 1314 1726 1354 ut
1749 1325 1789 1360 15

236 1392 469 1421 seruorum
521 1392 566 1420 se
611 1377 985 1421 insolentissimae
1031 1379 1327 1423 dominationi
1375 1380 1608 1432 subiceret,
1647 1381 1726 1438 qui

84 1468 168 1508 730
187 1469 217 1498 a
236 1447 371 1505 primi
412 1447 653 1490 admodum
694 1448 825 1505 pauci
862 1449 1137 1492 senatorium
1173 1449 1375 1493 ordinem
1411 1450 1581 1493 intrare
1617 1451 1727 1502 ausi,

235 1533 343 1561 mox
363 1517 622 1560 uniuersam
643 1532 736 1560 rem
759 1517 985 1574 publicam
1013 1523 1356 1576 occupauerunt,
1378 1522 1650 1564 testamenta
1668 1520 1727 1564 ad

235 1587 474 1630 arbitrium
496 1602 627 1630 suum
650 1587 784 1630 scribi
805 1587 1033 1640 iubebant,
1049 1589 1259 1633 conuiuia
1278 1593 1491 1647 cetusque
1511 1589 1726 1648 ingenuo-

235 1672 336 1700 rum
357 1657 455 1700 fieri
481 1657 713 1708 uetabant,
733 1657 960 1701 ducebant
989 1658 1106 1702 filias
1137 1659 1434 1703 dominorum.
1497 1659 1727 1704 Postremo
1747 1682 1791 1706 πο

237 1728 333 1786 lege
346 1731 595 1771 sanxerunt
607 1730 659 1770 ut
669 1730 851 1786 strupra
863 1742 944 1771 sua
957 1728 1005 1771 in
1017 1729 1168 1773 uiduis
1181 1730 1353 1787 pariter
1364 1733 1500 1788 atque
1510 1731 1559 1774 in
1571 1731 1727 1789 nuptis

235 1798 461 1857 impunita
491 1800 651 1850 essent,
683 1813 734 1842 ac
764 1813 821 1842 ne
853 1813 943 1856 qua
969 1799 1100 1857 uirgo
1130 1800 1326 1858 ingenuo
1368 1802 1570 1854 nuberet,
1600 1803 1728 1846 cuius

235 1869 490 1912 castitatem
516 1883 608 1912 non
637 1871 744 1912 ante
767 1869 932 1926 aliquis
953 1884 1010 1913 ex
1038 1884 1225 1913 numero
1256 1871 1456 1928 ipsorum
1477 1872 1728 1917 delibasset.

236 1939 409 1997 Esopus
434 1939 648 1996 tragedus
669 1939 867 1996 furiosae
897 1939 1105 1983 luxuriae
1126 1940 1332 1999 depingit
1351 1942 1573 1994 iuuenem,
1594 1958 1727 2001 quem

234 2012 412 2053 constat
427 2012 553 2052 aceto
568 2009 836 2066 liquefactos
850 2010 1036 2067 grandis
1051 2025 1252 2054 summae
1267 2012 1455 2056 uniones
1470 2014 1728 2071 potionibus
1749 2036 1766 2060 2
1771 2035 1791 2071 5

235 2094 471 2138 aspergere
491 2080 687 2132 solitum,
706 2082 760 2122 ut
779 2079 1104 2138 amplissimum
1125 2082 1447 2139 patrimonium
1467 2087 1618 2141 posset
1635 2099 1729 2128 una

237 2150 562 2194 sorbitiuncula
606 2150 842 2208 deglutire.
915 2151 1124 2194 Metellus
1164 2151 1271 2196 Pius
1321 2153 1380 2196 ab
1429 2154 1501 2198 his
1540 2155 1619 2212 qui
1658 2169 1730 2199 res

237 2221 547 2264 memorabiles
575 2221 779 2264 scribunt
799 2221 1010 2279 arguitur
1034 2222 1154 2279 quod
1179 2237 1226 2267 se
1253 2224 1344 2267 aris
1365 2227 1412 2268 et
1431 2225 1566 2268 thure
1585 2226 1728 2284 patie-

237 2336 261 2370 4
286 2323 496 2362 acerimum
513 2323 619 2360 GBS²
789 2334 807 2372 5
835 2325 1048 2362 abundanti
1065 2326 1114 2363 Α2
1272 2329 1296 2366 6
1322 2340 1499 2366 somnum
1518 2329 1546 2366 C
1707 2333 1729 2369 8

237 2372 312 2410 hiis
330 2385 421 2420 ergo
440 2372 463 2408 S
480 2384 489 2409 z
516 2373 576 2408 his
594 2385 684 2420 ergo
703 2372 743 2409 M
839 2373 916 2410 hiis
932 2373 1039 2411 uitiis
1058 2375 1088 2412 B
1204 2377 1238 2420 8,
1259 2387 1282 2423 9
1306 2377 1525 2415 damnosius
1540 2378 1569 2415 0
1685 2390 1730 2416 10

238 2433 324 2468 -que
342 2420 490 2468 pariter
506 2433 575 2458 om.
594 2421 633 2456 M
761 2431 814 2466 12,
838 2432 881 2468 13
907 2422 1186 2461 uolumensium
1201 2423 1341 2461 O¹BM:
1368 2426 1667 2463 uolumiensium
1685 2427 1731 2464 0²

244 2480 288 2514 14
307 2468 486 2506 Etruriae
505 2481 550 2505 ex
565 2470 645 2505 Val.
658 2470 763 2506 Max.
778 2475 878 2505 textu
895 2473 1057 2508 restitui:
1076 2474 1116 2509 et
1134 2472 1237 2509 curie
1255 2472 1422 2510 OBASM
1522 2483 1564 2519 17
1580 2477 1730 2513 senato-

239 2529 324 2553 rum
342 2517 382 2553 M
492 2528 536 2564 19
560 2517 759 2565 iubebant]
778 2517 965 2556 uidebant
983 2518 1024 2555 M
1133 2531 1178 2566 23
1205 2520 1391 2569 ipsorum]
1409 2522 1618 2570 impiorum
1636 2523 1676 2559 M

292 2621 307 2647 1
339 2612 569 2658 Campanam
587 2613 780 2647 luxuriam
798 2613 870 2648 etc.
886 2622 895 2648 :
922 2624 954 2649 v.
973 2611 1058 2649 Val.
1077 2611 1180 2649 Max.
1197 2612 1248 2650 ix.
1273 2625 1302 2651 1.
1321 2616 1397 2652 ext.
1419 2624 1451 2652 1.
1567 2625 1609 2652 12
1642 2617 1732 2654 Vrbs

239 2660 335 2696 etc.:
360 2671 394 2696 v.
412 2659 496 2695 Val.
513 2659 614 2695 Max.
633 2658 684 2695 ix.
708 2670 738 2695 1.
758 2662 835 2697 ext.
856 2670 888 2696 2.
1031 2671 1084 2705 12,
1106 2671 1148 2707 13
1179 2663 1500 2699 Volumnensium:
1531 2665 1732 2701 Volsinien-

240 2709 339 2743 sium
354 2707 439 2743 Val.
458 2707 558 2743 Max.
730 2718 776 2752 24
801 2709 946 2754 Esopus
961 2709 1033 2745 etc.
1050 2721 1059 2746 :
1086 2721 1120 2746 v.
1139 2709 1223 2745 Val.
1244 2710 1343 2747 Max.
1361 2711 1412 2747 ix.
1437 2722 1467 2748 1.
1486 2723 1521 2748 2.
1683 2723 1729 2758 27

240 2756 531 2791 sorbitiuncula:
570 2754 653 2791 Hoc
675 2755 913 2800 vocabulum,
928 2756 1031 2802 quod
1057 2757 1279 2794 recentioris
1308 2758 1532 2796 Latinitatis
1557 2766 1626 2807 est,
1644 2760 1729 2798 Val.

240 2802 344 2839 Max.
361 2815 441 2839 non
456 2803 585 2840 habet.
680 2805 850 2840 Metellus
866 2806 958 2841 Pius
970 2806 1044 2842 etc.
1060 2817 1069 2841 ι
1094 2817 1126 2842 v.
1144 2804 1230 2842 Val.
1249 2806 1352 2843 Max.
1368 2807 1419 2843 ix.
1441 2818 1472 2844 1.
1492 2817 1524 2854 5.
1670 2819 1728 2854 27,

240 2851 287 2886 28
313 2852 358 2886 ab
379 2852 436 2887 his
457 2853 523 2905 gui
546 2863 603 2888 res
626 2853 874 2888 memorabiles
895 2854 1078 2889 scribunt:
1105 2852 1131 2891 i.
1144 2865 1177 2891 e.
1203 2865 1227 2890 a
1251 2854 1406 2891 Valerio
1428 2854 1610 2901 Maximo,
1622 2856 1731 2895 cuius

240 2897 330 2934 libri
353 2897 616 2935 inscribuntur
629 2902 820 2946 sactorum
844 2905 877 2937 et
900 2902 1080 2938 dictorum
1104 2904 1403 2940 memorabilium.

354 2952 422 2987 260
