1846 3262
117 189 222 224 car.
237 176 331 240 ΧΠ]
661 177 1111 224 POLICRATICVS
1642 179 1732 229 605
1751 188 1782 218 a

118 300 335 345 historiae
366 299 597 344 Romanae
627 300 924 359 scriptoribus
953 300 1155 344 traditur
1184 299 1395 344 habuisse
1426 299 1627 357 quinque

118 386 271 416 rerum
302 371 524 415 bonarum
560 372 762 415 maxima
795 375 843 416 et
879 372 1146 430 praecipua3
1188 371 1310 430 quod
1345 373 1463 415 esset
1497 370 1626 414 ditis·

117 442 271 494 simus,
295 442 417 500 quod
441 442 760 494 nobilissimus,
786 442 907 501 quod
935 442 1340 501 eloquentissimus,
1365 441 1487 500 quod
1513 441 1627 485 iuris
1645 445 1675 484 b

117 513 493 566 consultissimus,
522 513 643 571 quod
674 514 887 572 pontifex
916 514 1155 558 maximus.
1216 513 1276 566 Is,
1311 527 1415 558 cum
1444 513 1494 556 in
1523 527 1627 557 con-

78 599 101 641 5
118 584 273 628 sulatu
304 584 533 642 optineret
563 584 721 628 Asiam
751 585 1034 642 prouinciam
1066 587 1113 629 et
1142 584 1459 629 circumsidere
1490 587 1629 642 atque

118 670 382 714 oppugnare
399 655 569 699 Leucas
584 659 768 713 pararet
782 670 985 714 opusque
1001 659 1119 700 esset
1134 656 1266 699 firma
1285 658 1423 714 atque
1443 670 1629 714 procera

118 726 250 770 trabe
285 741 377 784 qua
410 726 601 770 arietem
634 725 805 770 faceret
846 741 937 784 quo
976 727 1097 770 muri
1137 726 1436 785 opidanorum
1471 729 1629 784 quate·

118 799 291 848 rentur,
310 796 492 855 scripsit
511 795 570 839 ad
598 796 818 854 Magnum
843 796 1009 840 Gaium
1036 797 1254 841 maiorem
1279 797 1629 841 Atheniensium

119 867 342 911 sociorum
363 867 699 924 amicorumque
719 866 877 925 populi
903 867 1096 911 Romani
1124 871 1179 911 ut
1205 883 1265 911 ex
1288 868 1421 912 malis
1441 868 1630 919 duobus,

59 954 103 980 ιο
120 952 233 996 quos
264 937 388 996 apud
423 952 499 981 eos
533 937 726 988 uiderat,
761 940 867 981 uter
897 938 1043 981 maior
1078 940 1196 982 esset
1232 938 1273 982 ei
1308 939 1491 982 mittere
1526 953 1630 997 pro-

118 1012 312 1053 curaret.
368 1007 496 1052 Tunc
516 1008 712 1066 Magnus
724 1007 879 1062 Gaius,
894 1011 1125 1067 comperto
1145 1009 1437 1067 quamobrem
1458 1009 1630 1053 malum

119 1079 431 1132 desiderasset,
462 1093 567 1130 non,
602 1078 673 1122 uti
709 1079 916 1131 iusserat,
948 1079 1179 1132 maiorem,
1210 1079 1289 1123 sed
1320 1095 1454 1138 quem
1484 1080 1631 1139 magis

119 1165 217 1195 eme
259 1149 474 1194 idoneum
514 1149 828 1208 aptioremque
868 1149 1078 1194 faciendo
1117 1150 1252 1194 arieti
1293 1150 1632 1208 facilioremque

118 1223 308 1280 portatu
334 1220 640 1274 existimabat,
670 1220 892 1264 minorem
922 1220 1061 1265 misit.
1122 1219 1315 1266 Crassus
1343 1236 1448 1265 eum
1479 1222 1632 1266 uocari

61 1307 104 1343 1⁵
120 1291 255 1336 iussit
275 1294 333 1343 et,
354 1306 456 1335 cum
477 1291 803 1350 interrogasset
827 1306 909 1336 cur
927 1306 1020 1336 non
1040 1306 1175 1350 quem
1202 1292 1397 1336 iusserat
1424 1292 1633 1343 misisset,

120 1362 269 1407 causis
298 1362 640 1420 rationibusque
673 1377 786 1420 quas
818 1362 1022 1406 dictabat
1052 1363 1217 1421 spretis
1251 1363 1527 1407 uestimenta
1557 1363 1632 1407 de·
1652 1372 1678 1403 c

120 1432 245 1477 trahi
292 1432 427 1476 iussit
475 1432 710 1491 uirgisque
756 1433 954 1477 multum
1001 1433 1176 1485 cecidit,
1220 1434 1448 1492 corrumpi
1495 1437 1633 1492 atque

121 1503 310 1548 dissolui
330 1507 459 1547 ratus
479 1518 611 1547 omne
636 1503 831 1548 officium
859 1504 1138 1563 imperantis,
1159 1504 1198 1548 si
1226 1504 1329 1562 quis
1356 1504 1416 1548 ad
1443 1504 1491 1548 id
1513 1504 1634 1563 quod

121 1574 272 1619 facere
310 1575 461 1619 iussus
501 1578 571 1619 est
609 1590 702 1619 non
742 1575 958 1634 obsequio
998 1575 1154 1620 debito
1194 1575 1274 1620 sed
1314 1576 1502 1620 consilio
1542 1591 1634 1620 non

60 1664 108 1692 ao
124 1645 378 1691 desiderato
408 1646 703 1704 responderit.

183 1717 307 1773 Quid
352 1733 519 1776 quaeso
558 1718 754 1776 amplius
800 1718 850 1761 in
898 1717 1170 1762 monachum
1218 1717 1404 1762 artioris
1451 1717 1635 1777 regulae

122 1788 339 1834 dictasset
368 1789 509 1833 abbas
544 1789 762 1834 seuerus?
821 1788 879 1832 In
919 1803 973 1832 eo
1008 1803 1204 1846 namque
1245 1788 1340 1832 solo
1381 1789 1636 1847 deliquerat

123 1860 245 1919 quod
270 1875 364 1904 non
387 1862 603 1919 paruerat
629 1860 859 1911 mandato,
886 1859 972 1903 etsi
998 1859 1119 1903 forte
1150 1859 1300 1917 reipsa
1330 1859 1491 1904 utilius
1518 1863 1636 1904 esset

123 1931 246 1990 quod
265 1930 388 1976 fecit.
447 1930 569 1974 Nam
590 1931 709 1975 sicut
728 1931 778 1974 in
797 1931 1016 1989 religione
1036 1930 1307 1990 degentibus
1327 1931 1635 1989 praelatorum

63 2013 108 2050 ²5
124 2002 353 2054 mandata,
383 2001 494 2046 dum
523 2002 886 2060 praeceptionem
921 2005 1188 2060 perpetuam
1222 2016 1314 2046 non
1350 2002 1636 2060 impugnant,

124 2088 154 2118 a
167 2073 382 2118 subiectis
395 2088 488 2117 non
503 2076 683 2131 oportet
703 2073 869 2117 discuti
890 2073 968 2116 sed
989 2072 1193 2131 impleri3
1223 2072 1287 2117 sic
1308 2072 1357 2116 in
1377 2088 1426 2116 re
1447 2073 1636 2116 militari

122 2144 243 2190 eirca
273 2144 492 2188 mandata
523 2144 651 2188 ducis
691 2144 819 2188 nulla
859 2147 929 2188 est
968 2144 1247 2188 examinatio
1287 2144 1512 2195 militaris,
1548 2143 1636 2187 nisi

125 2214 247 2260 forte
281 2208 403 2273 quod
443 2214 723 2273 praecipitur
757 2215 1004 2272 expressim
1040 2214 1179 2258 saluti
1214 2214 1280 2258 rei
1320 2214 1527 2272 publicae
1567 2214 1635 2256 in-

125 2285 341 2330 ueniatur
351 2284 607 2330 aduersum.
659 2284 781 2328 Nam
794 2285 843 2328 in
858 2299 911 2329 eo
927 2300 1020 2329 non
1032 2284 1317 2342 obtemperat
1331 2284 1419 2328 nisi
1436 2285 1636 2342 perfidus
1653 2286 1684 2327 d

130 2393 148 2422 1
175 2382 349 2431 hystorie
365 2382 424 2420 B:
450 2381 647 2430 hystoriae
665 2381 707 2418 M
813 2394 850 2418 v.
869 2381 894 2418 S
1051 2390 1071 2430 5
1100 2393 1230 2428 asyam
1249 2379 1292 2416 M
1455 2382 1480 2419 6
1505 2380 1634 2429 firma]

127 2444 280 2469 summa
296 2431 338 2467 M
525 2441 547 2477 7
574 2430 860 2478 oppidanorum
878 2429 920 2466 M
1100 2431 1147 2467 26
1173 2430 1356 2477 oporteat
1372 2428 1407 2466 A
1589 2432 1636 2468 28

128 2491 349 2528 expressum
365 2478 466 2516 CBA

177 2567 201 2604 8
224 2567 407 2613 Magnum
435 2567 573 2602 Gaium
597 2565 774 2600 maiorem
801 2564 1109 2600 Atheniensium:
1140 2562 1197 2600 De
1222 2561 1339 2599 huius
1364 2561 1444 2599 loci
1463 2561 1635 2602 lectione

81 2648 84 2650 ,
127 2628 162 2654 v.
180 2614 382 2653 Hertzium
399 2613 442 2650 in
459 2613 518 2650 ed.
538 2612 628 2649 mai.
653 2611 771 2650 Gellii
799 2611 941 2656 (Berol.
963 2612 1069 2658 1883)
1087 2611 1113 2648 i.
1131 2623 1198 2658 pp.
1217 2612 1275 2654 80,
1294 2613 1355 2658 81,
1371 2610 1440 2658 qui
1465 2610 1636 2649 Gellium

128 2663 359 2712 ἀρχιτέκτονα
382 2663 659 2707 Mylattensium
682 2659 876 2708 scripsisse
898 2663 1027 2707 putat.
1078 2659 1245 2696 Videtur
1268 2659 1435 2697 Ioannes
1458 2662 1636 2697 maiorem

129 2710 258 2760 (cuius
273 2710 455 2749 uocabuli
472 2712 669 2747 auctorem
685 2709 807 2745 alium
824 2720 903 2745 non
919 2707 1071 2745 invenit
1084 2708 1279 2755 Hertzius)
1295 2719 1367 2755 pro
1384 2707 1637 2754 magistratus

130 2759 369 2798 nesciocuius
388 2758 508 2795 titulo
532 2758 739 2805 accepisse.
788 2759 951 2794 Maiores
973 2760 1109 2794 tamen
1131 2768 1225 2805 quos
1247 2758 1390 2794 vocant
1415 2759 1639 2794 communia-

129 2821 218 2846 rum
234 2807 398 2854 (Gallice
415 2809 561 2852 maim,
575 2806 738 2862 Anglice
755 2807 917 2853 mayor-8)
931 2805 974 2842 in
991 2804 1123 2843 Gallia
1138 2808 1232 2843 ante
1251 2817 1286 2842 a.
1309 2815 1413 2852 1173,
1431 2805 1474 2841 in
1490 2805 1639 2852 Anglia

133 2860 268 2894 autem
284 2858 376 2894 ante
392 2867 428 2893 a.
448 2866 540 2902 1193
558 2855 749 2892 exstitisse
767 2866 960 2901 nusquam
977 2854 1161 2903 legimus;
1186 2866 1219 2891 v.
1239 2852 1333 2900 Giry
1349 2855 1421 2890 Les
1436 2842 1637 2892 E'table'sse·

131 2910 251 2953 ments
264 2907 310 2943 ae
325 2906 454 2943 Rauen
469 2903 496 2941 i.
514 2916 553 2952 p.
571 2906 632 2952 28,
649 2902 790 2941 Round
809 2905 884 2940 The
904 2904 1101 2941 Commune
1117 2903 1327 2951 ofLondon
1342 2914 1381 2950 p.
1400 2912 1483 2952 225.

1482 2967 1525 3004 3¹
