1846 3262
87 229 173 277 643
193 226 223 267 u
575 224 840 270 10ANN1s
882 223 1405 270 SARESBERIENSIS
1531 218 1736 286 [man

242 349 379 393 etiam
406 351 509 407 post
542 352 733 392 mortem
760 347 955 391 nominis
982 347 1079 391 eius
1105 347 1351 392 auctoritas
1376 349 1555 393 rexerit.
1618 348 1734 394 Cum

240 434 349 464 uero
377 423 511 464 antea
537 420 761 477 sapientes
791 419 1048 462 dicerentur
1072 419 1150 476 qui
1177 418 1450 462 uidebantur
1478 420 1579 463 aliis
1607 434 1734 478 prae-

240 490 482 533 stantiores
495 489 911 547 esse,interrogatus
924 488 1033 546 quid
1049 502 1096 531 se
1111 488 1410 545 profiteretur,
1417 489 1734 547 philosophum

242 575 289 604 se
310 574 403 604 esse
424 559 667 617 respondit,
684 559 731 602 id
752 562 820 603 est
841 558 1092 602 studiosum
1113 558 1186 602 uel
1207 558 1454 616 sapientiae
1475 562 1734 612 amatorem,

199 643 225 673 c
242 631 453 687 quoniam
492 630 741 688 sapientem
781 629 983 687 profiteri
1022 629 1442 688 arrogantissimum
1482 630 1732 674 uidebatur.
1753 644 1772 678 5

241 701 446 758 Denique
466 715 568 744 cum
589 700 648 743 ad
667 700 1019 758 propulsandam
1040 700 1186 743 labem
1207 715 1384 743 morum
1403 700 1571 759 uiginti
1592 716 1734 745 annos

239 771 404 829 egisset
451 771 685 822 Crotonae,
726 771 1037 829 Metapontum
1079 771 1296 829 migrauit
1339 771 1492 828 ibique
1531 771 1734 816 decessit.

240 837 381 882 Cuius
421 841 552 882 tanta
591 838 831 882 admiratio
875 839 966 882 fuit
1005 841 1060 882 ut
1099 854 1158 882 ex
1198 838 1330 882 domo
1377 838 1474 882 eius
1512 838 1733 896 templum

238 907 440 952 facerent
466 909 702 966 ipsumque
726 924 808 966 pro
829 909 911 952 deo
931 908 1140 961 colerent,
1159 909 1281 952 nacti
1309 908 1428 952 forte
1457 909 1732 953 occasionem

238 995 295 1023 ex
308 980 459 1023 uerbis
479 980 574 1023 eius
595 980 785 1024 dicentis
801 980 984 1023 domum
1000 980 1359 1037 philosophantis
1376 995 1470 1023 esse
1485 980 1730 1024 sacrarium
1751 994 1792 1018 10

237 1051 485 1109 sapientiae
518 1053 564 1094 et
598 1050 885 1094 uerissimum
924 1050 1010 1094 Dei
1045 1050 1277 1108 templum.
1338 1050 1554 1094 Traditur
1592 1051 1730 1094 etiam

237 1121 509 1179 persuasisse
532 1121 790 1165 hominibus
817 1136 911 1165 esse
940 1121 1113 1164 animas
1140 1121 1417 1165 immortales
1442 1124 1488 1165 et
1511 1123 1614 1179 post
1640 1121 1729 1165 dis-

238 1191 505 1235 solutionem
526 1192 723 1249 corporis
742 1191 866 1235 uitae
892 1191 1198 1249 praecedentis
1225 1191 1425 1249 praemia
1451 1194 1708 1249 recepturas
1720 1205 1730 1244 ;

237 1262 374 1319 impie
408 1265 561 1306 tamen
593 1261 796 1305 fabulam
828 1261 950 1305 mille
986 1276 1206 1305 annorum
1246 1261 1420 1319 primus
1460 1262 1626 1306 dicitur
1660 1262 1727 1305 in-

237 1332 432 1376 duxisse.
1748 1344 1789 1380 Ι5

238 1460 348 1519 Cap.
375 1472 413 1519 5.
453 1461 519 1506 De
558 1461 717 1506 lonico
755 1475 914 1519 yenere
944 1460 1337 1519 philosophomm‚
1375 1465 1416 1506 et
1454 1461 1726 1506 auetontate

189 1534 219 1574 d
296 1533 504 1584 Socratis,
542 1537 582 1576 et
620 1533 827 1590 doymate
876 1532 1099 1584 Platonis,
1139 1536 1179 1577 et
1222 1531 1442 1590 opinione
1482 1532 1582 1576 eius
1623 1535 1726 1590 post

293 1607 495 1648 mortem.

293 1699 501 1743 Alterum
537 1713 645 1743 uero
684 1699 1052 1757 philosophorum
1084 1713 1226 1758 genus
1259 1702 1328 1743 est
1363 1698 1482 1757 quod
1517 1698 1722 1744 Ionicum
1799 1708 1807 1717 ·

234 1769 400 1813 dicitur
429 1772 476 1813 et
505 1785 533 1813 a
563 1769 716 1813 Grecis
746 1769 1036 1813 ulterioribus
1065 1770 1210 1813 traxit
1240 1770 1472 1828 originem.
1545 1769 1721 1813 Horum
1742 1786 1787 1811 20

233 1841 440 1898 princeps
464 1840 556 1884 fuit
577 1840 705 1884 Tales
730 1840 942 1892 Milesius,
970 1855 1088 1884 unus
1115 1841 1294 1884 illorum
1315 1843 1486 1898 septem
1507 1840 1585 1898 qui
1613 1840 1722 1884 dicti

232 1914 341 1955 sunt
370 1911 606 1969 sapientes.
667 1911 773 1963 Iste,
793 1926 895 1955 cum
926 1926 1076 1954 rerum
1106 1914 1316 1954 naturam
1347 1913 1574 1954 scrutatus
1602 1911 1723 1954 inter

231 1984 401 2025 ceteros
428 1981 692 2032 emicuisset,
711 1981 907 2024 maxime
938 1981 1215 2024 admirabilis
1245 1981 1402 2024 extitit
1431 1981 1551 2038 quod
1580 1984 1720 2024 astro-

231 2051 376 2110 logiae
403 2052 601 2095 numeris
631 2051 959 2109 comprehensis
989 2051 1094 2095 solis
1124 2054 1170 2095 et
1199 2051 1332 2095 lunae
1361 2050 1563 2095 defectus
1592 2066 1720 2109 prae-

231 2174 254 2210 6
279 2185 340 2209 xx.
360 2172 503 2209 GBAS:
529 2173 608 2209 112¹
626 2173 667 2209 M
815 2182 858 2220 19
884 2172 1211 2220 phylosophorum
1229 2172 1270 2209 Μ
1414 2183 1458 2210 21
1485 2173 1610 2210 thales
1625 2172 1660 2209 A

282 2294 311 2327 1,
331 2294 353 2320 2
383 2285 474 2319 Cum
490 2296 578 2320 uero
595 2288 704 2319 antea
722 2284 820 2321 etc.:
846 2295 881 2320 v.
898 2283 996 2330 Aug.
1013 2285 1058 2320 de
1077 2284 1116 2320 G.
1134 2285 1181 2320 D.
1199 2282 1278 2320 viii.
1297 2294 1331 2321 2.
1505 2285 1529 2321 6
1554 2285 1719 2332 Denique

231 2333 303 2369 etc.
320 2344 329 2368 :
358 2332 415 2368 Ad
433 2331 571 2368 Iustin.
590 2343 650 2367 xx.
670 2342 693 2376 4
709 2331 820 2369 redit.
1022 2343 1065 2368 10
1088 2334 1236 2368 domum
1253 2344 1350 2369 esse·
1377 2331 1459 2369 Hoc
1477 2331 1718 2380 Pythagorae

229 2380 377 2417 dictum
394 2392 474 2416 non
491 2379 586 2416 alibi
602 2379 766 2426 repperi.
962 2390 1000 2417 11
1034 2381 1214 2416 Traditur
1228 2382 1339 2416 etiam
1355 2381 1452 2417 etc.:
1479 2380 1719 2418 Immortales

230 2440 308 2465 esse
326 2428 472 2465 animas
489 2427 661 2465 docuisse
678 2428 938 2483 Pythagoram
956 2429 1128 2465 referunt
1146 2428 1303 2466 Hieron.
1320 2430 1430 2475 Apol.
1447 2431 1526 2465 adv.
1545 2431 1633 2474 Rufi
1659 2429 1715 2466 iii.

230 2487 288 2523 39,
305 2488 363 2522 40,
384 2477 480 2524 Aug.
507 2482 633 2514 contra
655 2478 771 2513 Acad.
795 2476 850 2512 iii.
873 2475 952 2523 17§
980 2486 1025 2523 37
1046 2476 1196 2524 (Migne
1220 2479 1263 2514 P.
1291 2478 1335 2513 L.
1362 2476 1468 2513 xxiii.
1494 2478 1576 2523 486,
1594 2477 1714 2515 xxxii.

230 2525 329 2571 954)
478 2535 520 2570 14
538 2525 713 2570 fabulam
729 2526 829 2560 mille
845 2536 1054 2562 annorum:
1081 2537 1114 2560 v.
1134 2525 1294 2562 Hieron.
1318 2526 1391 2571 Ep.
1416 2537 1501 2562 cxx.
1526 2536 1548 2562 2
1567 2524 1716 2582 (Migne

229 2574 270 2609 P.
290 2574 333 2609 L.
349 2571 440 2609 xxii.
458 2573 544 2618 986)
563 2573 610 2608 de
635 2572 909 2609 Chiliastarum
931 2572 1107 2610 haeresi:
1132 2574 1196 2609 Ex
1219 2575 1284 2610 hoc
1308 2575 1381 2610 zoco
1399 2573 1467 2612 (sc.
1483 2573 1597 2610 Matt.
1615 2574 1717 2612 xxvi.

230 2620 292 2666 29)
322 2622 423 2656 mille
451 2633 635 2657 annorum
659 2622 833 2666 fabulam
861 2626 1023 2658 struunt.
1089 2621 1169 2666 Quo
1200 2624 1354 2658 auctore
1389 2621 1551 2659 Ioannes
1585 2624 1718 2660 noster

230 2668 489 2723 Pythagoram
514 2668 686 2705 fabulam
710 2668 826 2705 istam
850 2668 1018 2716 primum
1037 2668 1230 2706 induxisse
1252 2669 1368 2713 dicat,
1387 2669 1532 2712 nescio;
1559 2682 1717 2716 maymoe

230 2716 334 2752 enim
372 2716 451 2754 siue
490 2720 702 2753 mundanus
734 2730 866 2761 annus,
902 2718 949 2754 de
983 2729 1058 2763 quo
1094 2717 1338 2754 somniabant
1360 2698 1608 2764 Pythagorei,
1638 2730 1715 2755 non

231 2764 336 2800 mille
362 2777 481 2801 annos
504 2766 569 2802 sed
595 2766 653 2811 (ut
678 2764 734 2801 ait
760 2765 978 2802 Macrobius
999 2766 1132 2801 Comm.
1152 2768 1193 2801 in
1218 2767 1338 2803 Somn.
1358 2767 1454 2812 Scip.
1471 2765 1512 2802 ii.
1534 2776 1572 2802 11
1603 2765 1621 2813 ξ
1653 2768 1714 2810 11)

228 2814 433 2867 quindecim
461 2815 581 2850 millia
610 2825 794 2849 annorum
820 2815 947 2860 quales
973 2825 1074 2849 nunc
1105 2819 1356 2859 computamus
1387 2814 1713 2861 comprehendere

228 2859 417 2944 ccregitusu
412 2862 480 2898 est.
643 2871 686 2908 19
710 2863 878 2898 Alterum
894 2873 981 2897 uero
998 2862 1072 2898 etc.
1091 2873 1209 2908 usque
1226 2862 1275 2898 ad
1291 2863 1480 2898 Platonis:
1503 2874 1535 2899 v.
1552 2862 1652 2909 Aug.
1669 2863 1714 2898 de

353 2908 431 2944 vni.
450 2919 485 2947 2.

342 2989 405 3023 104
