1846 3262
97 238 200 275 cu.
214 225 360 289 xvm]
620 222 1062 270 POLICRATICVS

98 349 294 409 primum
321 347 423 392 Iani
449 350 602 406 portas
628 346 786 404 sopitis
814 345 1042 402 finitisque
1061 343 1267 388 omnibus
1286 341 1415 385 bellis
1433 340 1575 384 ciuili-

99 419 185 463 bus
203 418 365 463 clausit
385 421 431 462 et
450 417 647 476 Augusti
668 416 858 473 adeptus
877 418 946 458 est
965 428 1139 464 nomen,
1157 412 1328 470 apicem
1348 410 1577 454 declarans

99 488 290 547 imperii,
310 492 364 532 ut
382 502 517 546 penes
537 501 677 530 unum
697 486 930 529 doceretur
949 498 1124 527 summa
1143 497 1292 526 rerum
1313 484 1359 524 et
1381 483 1577 538 potesta-

98 562 199 602 tum
219 573 325 610 esse,
344 572 480 615 quam
501 556 805 600 monarchiam
825 554 1061 598 nominant
1081 552 1224 596 Greci.
1282 550 1440 594 Refert
1459 550 1578 593 idem

63 640 84 675 5
100 627 340 672 historicus
366 626 497 685 quod,
516 641 618 670 cum
645 641 674 669 a
701 625 855 669 Sicilia
878 624 1054 667 rediens
1074 622 1263 680 receptis
1282 620 1532 679 legionibus
1551 634 1581 662 a

102 697 312 756 Pompeio
338 700 386 740 et
412 696 580 754 Lepido
605 695 797 753 triginta
822 694 947 736 milia
976 707 1207 736 seruorum
1237 690 1429 735 dominis
1452 688 1580 732 resti·

101 767 264 812 tuisset
282 770 330 811 et
348 766 499 810 omnia
514 765 744 823 superiora
763 763 916 822 populi
937 763 1089 806 debita
1103 762 1312 806 donanda
1326 761 1581 804 litterarum

102 837 239 881 etiam
269 835 555 880 monimentis
585 834 765 878 abolitis
794 834 1048 883 censuisset,
1078 833 1127 875 in
1156 831 1313 875 diebus
1341 830 1451 888 ipsis
1479 829 1581 872 fons

1591 220 1675 272 786
1694 218 1724 267 d

101 907 188 951 olei
228 905 508 964 largissimus
557 904 613 947 de
662 903 851 946 taberna
888 902 1119 946 meritoria
1157 916 1238 959 per
1275 904 1422 944 totum
1462 898 1580 942 diem
1596 902 1675 954 787
1695 912 1726 941 a

44 992 86 1018 10
103 975 306 1027 defluxit,
335 974 463 1018 illum
493 973 651 1030 utique
682 972 919 1015 manifeste
949 972 1102 1015 adesse
1142 971 1329 1029 imperio
1366 969 1583 1012 nuntians

103 1047 183 1105 qui
211 1060 365 1090 seruos
393 1043 560 1087 diaboli
590 1046 845 1101 peccatores
884 1043 1004 1085 iusto
1035 1041 1119 1085 Dei
1159 1040 1357 1084 dominio
1395 1038 1584 1082 subdere

102 1117 290 1160 uenerat
320 1117 368 1158 et
395 1127 644 1171 pauperum
674 1110 887 1155 misereri.
946 1109 1061 1154 Cum
1088 1125 1194 1168 ergo
1218 1125 1246 1153 a
1272 1108 1385 1152 facie
1413 1107 1585 1153 Christi

102 1185 288 1230 silerent
305 1182 456 1228 omnia
470 1185 517 1225 et
536 1184 689 1225 tantas
703 1180 1010 1223 miserationes
1021 1179 1243 1222 Altissimi
1255 1178 1586 1235 obstupesceret

102 1255 496 1306 mundus,summa
511 1265 661 1294 rerum
682 1253 729 1293 et
747 1253 1020 1307 potestatum
1041 1249 1089 1291 in
1102 1249 1287 1292 tertium
1307 1248 1366 1291 ab
1378 1247 1586 1304 Augusto

45 1337 88 1374 ¹⁵
104 1324 357 1383 Caligulam
379 1322 550 1367 cecidit.
611 1320 754 1365 Cuius
785 1319 961 1370 ferocia,
981 1323 1036 1362 ut
1064 1319 1277 1362 breuibus
1306 1318 1486 1375 liqueat,
1508 1332 1586 1360 ex-

103 1394 316 1439 clamasse
345 1391 515 1436 fertur:
548 1391 733 1434 Vtinam
763 1389 955 1448 populus
984 1389 1212 1432 Romanus
1240 1403 1378 1431 unam
1406 1390 1587 1430 tantum

103 1463 329 1510 ceruicem
354 1461 566 1506 haberet!
617 1460 678 1503 Et
708 1460 815 1517 quia
854 1459 997 1503 hostis
1030 1459 1195 1509 deerat,
1230 1472 1394 1516 magno
1433 1459 1480 1500 et
1518 1457 1586 1499 in-

104 1533 307 1579 credibili
326 1534 548 1590 apparatu
571 1530 799 1589 profectus
819 1533 888 1573 est
907 1529 1080 1573 hostem
1101 1543 1325 1586 quaerere,
1344 1527 1586 1584 otiosisque

106 1603 282 1648 uiribus
300 1601 587 1646 Germaniam
616 1599 897 1657 Galliamque
926 1613 1190 1657 percurrens
1215 1599 1264 1641 in
1291 1612 1371 1641 ora
1392 1595 1587 1641 Occeani

48 1687 93 1717 το
107 1673 227 1718 circa
247 1674 531 1730 prospectum
557 1670 819 1714 Britanniae
845 1668 1060 1719 substitit,
1081 1668 1357 1725 Romamque
1382 1681 1588 1710 reuersus

109 1746 190 1795 est,
214 1742 321 1786 belli
353 1741 587 1785 deficiente
618 1739 809 1783 materia
839 1742 886 1782 et
917 1739 1042 1781 nullo
1076 1738 1255 1796 expleto
1286 1737 1467 1795 negotio
1501 1736 1587 1780 nisi
1606 1735 1636 1774 b

109 1811 230 1871 quod
258 1811 467 1856 Belinum
496 1810 816 1853 Britannorum
847 1808 965 1866 regis
994 1808 1150 1860 filium,
1181 1822 1314 1864 quem
1348 1811 1479 1864 pater
1512 1821 1588 1849 ex-

109 1881 300 1941 pulerat,
328 1895 431 1924 cum
459 1879 614 1938 paucis
643 1879 691 1921 in
722 1878 994 1921 deditionem
1024 1877 1204 1934 accepit.
1264 1876 1591 1920 Infestissimus

112 1951 294 2009 quidem
326 1949 478 1994 Iudeis
512 1948 668 1992 extitit
705 1951 752 1991 et
791 1962 917 1991 sacra
955 1946 1315 1990 Ierosolimorum
1355 1946 1451 1989 loca
1488 1960 1591 2003 pro-

50 2037 96 2073 ²5
113 2020 303 2079 phanari
328 2022 375 2063 et
400 2018 564 2062 statuis
584 2017 744 2075 repleri
765 2017 897 2060 iussit
916 2021 963 2059 et
982 2031 1029 2059 se
1059 2016 1144 2059 coli
1174 2020 1227 2058 ut
1257 2015 1413 2058 Deum.
1475 2015 1591 2058 Pila-

112 2095 211 2136 tum
230 2089 397 2133 Iudeae
423 2087 672 2146 praesidem
702 2086 843 2130 tantis
862 2085 1084 2130 coartauit
1110 2085 1352 2143 angoribus
1371 2088 1424 2128 ut
1444 2100 1526 2128 sua
1544 2099 1592 2128 se

111 2159 481 2204 transuerberans
506 2171 643 2200 manu
672 2156 891 2199 malorum
920 2155 1230 2212 compendium
1257 2155 1415 2198 mortis
1443 2154 1593 2198 celeri-

112 2233 210 2275 tate
243 2227 496 2286 quaefflerit.
569 2226 762 2278 Sorores,
796 2239 908 2282 quas
941 2224 1136 2282 primum
1170 2228 1327 2282 stupro
1360 2224 1594 2282 polluerat,

114 2298 380 2357 dampnauit
408 2297 555 2349 exilio,
574 2300 621 2340 et
650 2298 752 2353 post
777 2309 931 2338 omnes
954 2294 1087 2338 simul
1117 2294 1270 2337 exules
1289 2294 1422 2337 iussit
1440 2293 1593 2337 occidi.

56 2385 98 2419 3ο
115 2370 221 2428 Ipse
238 2371 390 2412 autem
410 2381 440 2410 a
458 2366 551 2410 suis
570 2365 897 2423 protectoribus
916 2364 1085 2408 occisus
1105 2367 1184 2407 est.
1234 2364 1292 2408 In
1312 2368 1480 2407 secreto
1498 2364 1596 2406 eius

115 2438 292 2484 inuenti
321 2439 429 2481 sunt
454 2436 544 2479 duo
572 2435 723 2486 libelli,
743 2434 1022 2479 continentes
1052 2433 1392 2477 lectissimorum
1413 2434 1595 2477 nomina

120 2559 137 2588 1
164 2547 267 2593 Iani]
284 2547 363 2584 iam
379 2545 442 2582 CB
519 2553 581 2628 εὖ
602 2542 780 2580 istoriam
796 2542 831 2580 A
938 2552 981 2590 ¹3
1006 2543 1293 2589 opstupesceret
1308 2542 1343 2580 A
1446 2543 1492 2579 28
1513 2547 1599 2589 post

116 2608 213 2644 quas
229 2597 314 2633 add.
330 2592 504 2641 kaligula
582 2591 684 2628 ASM

168 2721 188 2760 5
214 2724 296 2749 cum
310 2711 482 2766 ffiSicilt'a
498 2710 594 2746 etc.:
618 2719 651 2743 v.
669 2705 774 2743 Oros.
790 2704 839 2742 vi.
858 2715 906 2742 20
924 2704 996 2763 §·6.
1143 2715 1157 2762 ξ
1166 2714 1184 2751 5
1215 2706 1479 2751 Cuiussmcfa
1496 2707 1569 2742 etc.
1587 2719 1598 2742 ε

117 2773 151 2798 v.
170 2759 277 2796 Oros.
297 2771 363 2795 vu.
382 2767 400 2805 5
421 2756 463 2803 ἐξ
482 2767 586 2793 2-10.
803 2763 848 2789 22
874 2755 1045 2790 Belmum
1063 2765 1072 2790 τ
1097 2754 1452 2799 Munocynobelinum
1467 2752 1596 2798 Oros.;

118 2810 297 2845 Adminio
319 2805 542 2853 Cynobellini
563 2804 829 2838 Britannorum
849 2803 944 2847 reqis
957 2803 1045 2847 filio
1070 2800 1173 2836 Suet.
1194 2803 1308 2847 Caliq.
1325 2812 1395 2846 443
1420 2800 1598 2837 Belinum

118 2858 251 2893 autem
271 2853 474 2901 quendam,
493 2849 638 2888 Brenni
662 2848 806 2885 Romae
833 2848 1108 2896 expugnatoris
1131 2847 1302 2891 fratrem,
1327 2848 1369 2884 in
1394 2848 1599 2886 Bxitannia

118 2902 335 2951 regnavisse
350 2914 398 2940 ex
414 2899 537 2938 Galfr.
554 2898 762 2935 Monumet.
780 2897 879 2932 Hist.
895 2898 983 2944 Req-
999 2898 1098 2934 Brit.
1113 2895 1169 2932 iii.
1190 2906 1206 2934 1
1225 2895 1411 2934 didicerat
1424 2895 1599 2938 Ioannes.

187 2975 270 2994 mu
292 2974 315 2994 n
817 2963 841 3002 3
871 2965 902 2992 Α
1421 2956 1490 3000 361Υ
