1846 3262
68 255 154 306 674
173 232 204 295 «ι’
535 247 801 294 10ANN1s
843 245 1365 291 SARESBERIENSIS
1507 244 1711 307 [mm-11

219 373 369 417 minus
401 373 480 416 illa
510 371 926 429 comprehendatur,
947 373 995 414 et
1025 385 1114 428 quo
1144 370 1276 428 plura
1306 371 1632 428 concipiuntur,
1654 383 1706 413 eo

218 445 424 503 pluribus
436 444 559 487 locus
572 445 650 494 est,
666 442 764 485 luce
779 441 943 485 clarius
959 443 1028 484 est
1043 440 1150 498 quia
1162 455 1233 484 res
1245 441 1487 499 corporalis
1498 441 1708 491 animam,

220 529 334 571 quae
362 514 548 572 spiritus
571 516 651 566 est,
671 512 858 570 implere
882 527 974 555 non
1001 514 1173 569 potest;
1214 513 1340 555 totus
1365 511 1485 555 enim
1514 510 1710 554 mundus

219 588 438 643 angustus
468 587 537 627 est
561 583 619 627 ad
646 583 822 626 animae
850 582 1164 640 quantitatem.
1226 581 1297 624 Ex
1321 596 1410 639 quo
1437 584 1565 639 patet
1590 581 1711 639 quod

219 655 268 698 in
290 670 340 698 eo
361 658 458 698 toto
478 654 630 697 anima
649 669 740 697 non
762 653 962 711 quiescit,
978 653 1065 696 nisi
1087 652 1205 696 forte
1226 652 1274 695 in
1294 654 1488 711 angusto
1508 651 1709 696 clausum
1730 665 1758 702 5⁴

219 725 446 783 ergastulo
478 725 620 782 spinis
651 724 895 782 subpositis
921 723 1210 767 incubantem
1239 723 1460 781 Epicurus
1486 722 1712 780 quiescere

217 795 413 838 molliter
443 795 668 853 opinatur.

219 921 328 981 Cap.
352 934 419 978 17.
449 922 514 966 De
541 922 803 975 ambitione,
826 926 866 967 et
892 922 1015 980 quod
1039 922 1275 979 cupiditas
1298 921 1549 967 stultitiam
1572 920 1710 966 eomi-

336 998 490 1045 tatur;
521 999 561 1038 et
582 994 687 1051 quis
707 994 767 1038 sit
787 998 914 1039 ortus
933 993 1225 1045 tirannidis,·
1256 998 1297 1038 et
1317 995 1371 1039 de
1390 992 1592 1039 diuersis
1611 991 1711 1038 uiis

334 1064 696 1108 ambitiosorum.
1731 1076 1774 1102 ιο
1834 1123 1837 1125 q

277 1162 513 1207 Declinare
553 1163 766 1206 nituntur
805 1163 945 1221 aliqui
986 1164 1071 1207 etsi
1107 1179 1198 1207 non
1232 1163 1466 1215 maculam,
1497 1162 1710 1208 odibilem

218 1236 371 1277 tamen
392 1234 612 1277 auaritiae
638 1237 820 1287 notam;
850 1249 956 1276 nam
981 1237 1028 1277 et
1057 1234 1115 1278 ab
1142 1234 1300 1278 alienis
1326 1234 1541 1278 uidentur
1570 1232 1709 1277 absti-

64 1308 150 1358 675
169 1318 199 1347 a
218 1319 324 1347 nere
351 1306 397 1347 et
421 1304 525 1355 suis,
546 1319 648 1348 cum
675 1319 747 1348 res
777 1304 988 1362 exposcit,
1009 1304 1147 1348 libere
1174 1305 1244 1348 uti
1271 1304 1420 1362 parati
1451 1307 1570 1348 sunt.
1631 1303 1710 1347 Eis

218 1377 371 1418 tamen
406 1375 461 1418 de
494 1374 620 1418 fonte
655 1375 876 1418 malorum
909 1375 1054 1419 oritur
1083 1375 1272 1418 alicuius
1301 1375 1406 1418 uitii
1441 1390 1559 1418 uena
1593 1389 1709 1432 quae

217 1445 400 1488 semitas
427 1460 580 1488 eorum
608 1460 636 1488 a
665 1445 848 1489 tramite
878 1460 1011 1489 uerae
1041 1445 1273 1489 felicitatis
1300 1445 1519 1489 deflectat.
1579 1444 1708 1489 Sicut
1729 1465 1770 1500 15

217 1515 337 1558 enim
358 1516 406 1558 in
426 1518 525 1559 orto
545 1515 805 1559 deliciarum
826 1515 882 1559 de
900 1530 992 1559 uno
1012 1515 1138 1559 fonte
1156 1515 1366 1559 oriuntur
1384 1515 1573 1558 flumina
1593 1529 1707 1573 quae

217 1585 464 1629 fecundant
482 1586 738 1629 suauissimi
758 1586 907 1629 odoris
934 1601 1093 1644 agrum
1120 1586 1192 1629 cui
1213 1585 1434 1630 Dominus
1463 1585 1708 1637 benedixit,

217 1656 280 1700 sic
310 1657 358 1699 in
390 1656 485 1700 loco
516 1656 714 1700 horroris
745 1659 791 1700 et
825 1660 982 1700 uastae
1014 1657 1282 1709 solitudinis,
1302 1657 1350 1699 in
1383 1659 1505 1700 terra
1539 1657 1708 1700 scilicet

216 1727 455 1770 obliuionis
495 1742 630 1784 quam
669 1727 737 1770 illi
777 1727 1037 1771 inhabitant
1071 1728 1149 1785 qui
1184 1727 1255 1771 sui
1294 1727 1623 1771 obliuiscuntur
1657 1727 1706 1770 in

215 1797 384 1841 mundo
404 1797 541 1841 uelud
561 1797 769 1855 stupidus
789 1798 999 1841 ludorum
1019 1798 1224 1841 uanitate
1249 1801 1409 1855 captus
1436 1798 1484 1841 in
1511 1798 1704 1852 theatro,
1725 1816 1768 1840 πο

216 1868 345 1925 quasi
365 1868 419 1912 de
440 1868 566 1912 fonte
586 1883 677 1912 uno
696 1869 897 1912 omnium
916 1868 1144 1926 pullulant
1163 1868 1313 1927 capita
1326 1869 1554 1912 uitiorum.
1616 1869 1706 1914 Hic

215 1941 368 1982 autem
388 1941 552 1996 puteus
572 1939 834 1996 cupiditatis
862 1942 954 1992 est3
985 1953 1083 1982 eam
1111 1954 1219 1982 uero
1246 1938 1309 1983 sic
1332 1942 1514 1997 patrum
1540 1939 1706 1983 diffinit

215 2009 460 2052 auctoritas
481 2012 534 2052 ut
554 2009 731 2052 dicatur
754 2009 978 2067 cupiditas
1009 2025 1103 2053 esse
1130 2024 1256 2053 amor
1283 2024 1437 2053 eorum
1462 2024 1576 2068 quae
1603 2010 1704 2068 quis

216 2079 426 2123 amittere
445 2082 594 2137 potest
614 2079 798 2123 inuitus.
845 2080 1053 2124 Sociatur
1068 2080 1109 2124 ei
1126 2080 1324 2123 stultitia
1338 2095 1495 2134 comes,
1510 2080 1703 2125 suadens
1775 2084 1778 2087 ’

215 2149 263 2192 id
283 2149 425 2192 amari
447 2153 492 2193 et
514 2150 667 2207 quaeri
697 2150 816 2207 quod
843 2150 987 2194 teneri
1014 2165 1105 2194 non
1132 2153 1303 2208 potest3
1333 2154 1379 2194 et
1406 2154 1475 2195 est
1505 2151 1703 2195 stultitia
1722 2169 1764 2205 ²5

167 2229 197 2268 b
215 2235 368 2264 eorum
390 2235 503 2277 quae
524 2220 704 2263 scienda
724 2223 831 2264 sunt
850 2221 1016 2265 uitiosa
1035 2221 1303 2279 ignorantia.
1365 2221 1440 2266 Sic
1468 2236 1566 2265 eam
1590 2211 1719 2266 liber¹

215 2353 237 2389 3
264 2342 369 2380 enim
386 2355 454 2380 om.
476 2342 518 2378 M
687 2344 711 2380 6
736 2341 945 2390 suppositis
961 2342 1031 2378 BA
1180 2344 1182 2346 ’
1202 2353 1252 2380 2ο
1277 2342 1388 2379 uelut
1404 2341 1480 2379 AM
1657 2342 1715 2382 21‘

214 2390 346 2439 capita
362 2391 555 2438 pullulant
573 2390 614 2427 M
759 2399 802 2438 25
830 2390 872 2427 id
889 2403 958 2428 om.
976 2391 1017 2428 M

261 2513 285 2547 4
335 2504 481 2539 animae
521 2505 783 2549 quantitatem:
834 2501 891 2539 De
934 2501 1158 2548 quantitate
1201 2501 1356 2540 animae
1398 2514 1494 2549 opus
1536 2502 1703 2541 confecit

213 2550 474 2598 Augustinus:
500 2563 532 2606 v:
551 2550 681 2598 Migne
697 2552 738 2588 P.
756 2553 799 2587 L.
820 2549 938 2586 xxxii.
961 2559 1050 2596 1035
1065 2561 1168 2596 seqq.
1341 2559 1394 2597 15,
1418 2552 1460 2588 16
1485 2553 1587 2588 Sicut
1603 2553 1703 2589 enim

214 2600 310 2636 etc.:
338 2611 370 2635 v.
388 2598 482 2636 Gen.
502 2598 541 2635 ii.
565 2610 619 2636 10.
768 2600 811 2636 16
836 2600 1077 2635 deliciarum:
1105 2597 1521 2646 v.Ezech.xxviii.13.
1657 2609 1700 2646 17

213 2649 335 2683 odoris
351 2649 449 2684 etc.:
478 2660 510 2684 v.
530 2646 624 2684 Gen.
645 2646 758 2683 xxvii.
777 2656 834 2691 27.
1031 2648 1072 2683 18
1099 2648 1141 2682 in
1158 2648 1231 2683 loco
1249 2649 1347 2684 etc.·
1373 2647 1486 2684 Deut.
1502 2647 1620 2685 xxxii.
1644 2659 1715 2686 10.

216 2696 337 2741 18,19
362 2697 520 2731 interra
536 2697 752 2732 obliuionizs
780 2695 838 2730 Ps.
857 2693 1015 2731 lxxxvii.
1037 2705 1090 2740 13.
1269 2705 1314 2741 23
1341 2697 1525 2742 cupiditas
1541 2698 1615 2734 etc.
1631 2709 1640 2733 :
1665 2709 1699 2734 v.

212 2742 310 2789 Aug.
329 2745 371 2778 de
391 2744 471 2779 Lib.
499 2745 587 2779 Arb.
613 2743 640 2780 i.
668 2742 961 2790 5510(M1gne
986 2744 1026 2778 P.
1053 2744 1097 2778 L.
1123 2741 1240 2778 xxxii.
1263 2743 1383 2788 1227).
1578 2753 1634 2791 25,
1655 2745 1701 2782 26

212 2792 370 2826 stultitia
387 2803 510 2827 eorum
526 2793 622 2828 etc..
650 2804 683 2827 v.
702 2791 799 2838 Aug.
817 2790 865 2827 de
877 2792 960 2829 Lib.
972 2791 1062 2827 Arb.
1079 2789 1134 2826 iii.
1155 2801 1200 2835 24
1219 2789 1293 2836 §71
1311 2790 1435 2839 (Mign
1438 2793 1512 2829 eP.
1524 2793 1568 2828 L.
1581 2791 1703 2831 xxxii.

216 2838 346 2884 13o6);
374 2850 487 2885 quem
504 2839 630 2876 locum
657 2841 788 2875 tamen
814 2850 951 2885 pamm
976 2840 1155 2875 accurate
1179 2838 1274 2876 citat
1302 2804 1485 2882 Ioannem
1511 2838 1568 2876 ait
1595 2839 1701 2878 enim

212 2885 472 2933 Augustinus:
500 2889 568 2923 Est
585 2889 681 2923 enim
696 2888 856 2923 stultitia
871 2899 996 2924 rerum
1011 2889 1302 2934 appetendarum
1318 2892 1351 2924 et
1369 2889 1610 2926 uitandarum
1625 2900 1703 2927 mm
1779 2907 1786 2913 ·

213 2935 388 2982 quaelibet
403 2937 466 2972 sed
480 2937 616 2973 uitiosa
632 2936 855 2982 iynorantia.

327 3006 393 3040 160
