1846 3262
105 206 194 254 644
213 204 243 244 b
590 201 855 246 IOANNIS
896 200 1418 246 SARESBERIENSIS
1541 201 1652 263 [ΠΒ.
1673 213 1745 248 V11

258 325 394 370 matri
422 325 518 369 eius
548 323 788 368 Perictioni
819 337 866 366 se
895 322 1137 376 miscuerit,
1159 337 1294 380 quam
1324 327 1502 368 constat
1527 340 1555 368 a
1582 325 1746 369 Solone

256 396 586 453 sapientissimo
602 394 842 438 fundatore
862 393 1013 451 legum
1028 392 1285 436 Atticarum
1304 395 1496 438 traxisse
1511 395 1744 453 originem.

258 466 408 510 Natus
429 469 497 509 est
517 468 669 508 autem
690 478 840 507 mense
862 463 939 520 qui
965 462 1086 520 apud
1111 463 1287 507 Atticos
1308 464 1547 522 Targelion
1566 465 1744 516 dicitur,

215 548 241 578 c
258 535 330 579 die
361 551 450 592 qua
479 534 599 592 apud
630 533 774 577 Delon
805 533 979 576 Latona
1009 532 1232 590 peperisse
1261 533 1460 577 creditur
1489 534 1744 592 Apollinem

256 608 302 649 et
332 605 553 657 Dianam;
594 604 738 662 pridie
771 603 952 660 quidem
983 602 1213 646 Socratem
1243 604 1448 661 genitum
1478 603 1645 649 ferunt.
1763 620 1783 656 5

313 675 434 718 Talis
467 690 573 733 ergo
606 677 652 718 et
692 674 748 717 de
787 673 955 717 talibus
995 673 1213 717 oriundus
1247 689 1339 717 non
1373 674 1517 718 solum
1557 675 1743 719 heroum

252 746 503 789 uirtutibus
541 745 771 804 praestitit
803 744 880 788 sed
916 744 1228 802 aequiparasse
1263 745 1410 789 dictus
1450 748 1519 789 est
1558 745 1744 790 deorum

252 819 509 874 potestates.
584 816 704 859 Nam
740 815 1030 873 Speusippus,
1067 815 1321 859 domesticis
1357 815 1635 860 documentis
1673 817 1742 860 in-

250 890 463 941 structus,
497 889 543 930 et
577 886 705 944 pueri
741 886 837 929 eius
877 900 978 929 acre
1019 885 1067 928 in
1107 886 1393 944 percipiendo
1427 886 1660 945 ingenium
1696 890 1742 931 et

247 957 538 1001 admirandae
578 956 874 1000 uerecundiae
914 956 1108 1000 indolem
1159 956 1317 1000 laudat
1357 959 1403 1000 et
1449 957 1742 1015 pubescentes
1762 973 1805 998 ιο

247 1028 472 1086 primitias
504 1028 656 1071 labore
688 1030 824 1084 atque
856 1042 1006 1071 amore
1043 1027 1253 1070 studendi
1286 1027 1486 1071 imbutas
1521 1027 1662 1072 refert
1694 1032 1741 1073 et

249 1098 298 1140 in
328 1098 427 1141 uiro
457 1099 618 1141 harum
651 1099 927 1141 incrementa
966 1097 1192 1141 uirtutum
1232 1098 1492 1142 conuenisse
1531 1101 1740 1144 testatur.

250 1168 322 1211 Ex
352 1169 525 1212 hisdem
565 1168 844 1227 genitoribus
875 1168 1071 1211 Glaucus
1102 1170 1148 1211 et
1178 1167 1461 1212 Adamantus
1497 1169 1538 1212 ei
1574 1168 1739 1214 fratres

249 1238 450 1283 fuerunt.
507 1239 723 1283 Doctores
746 1238 907 1282 habuit
937 1238 986 1281 in
1016 1238 1162 1296 prima
1190 1239 1450 1282 litteratura
1470 1239 1737 1292 Dionisium‚

248 1309 297 1352 in
337 1310 562 1367 palaestra
591 1309 849 1352 Aristonem
883 1309 1020 1366 Argis
1050 1309 1314 1362 oriundum3
1357 1311 1596 1367 tantosque
1635 1325 1736 1367 pro-
1758 1326 1799 1361 15

248 1394 428 1437 gressus
444 1380 484 1423 ei
505 1380 767 1423 exercitatio
788 1379 980 1423 contulit
995 1381 1048 1422 ut
1069 1379 1244 1422 Phitiae
1264 1379 1476 1423 luctando
1491 1381 1738 1425 certamina

204 1451 234 1492 d
250 1450 421 1493 uicerit.
482 1450 689 1494 Picturae
721 1465 811 1493 non
844 1451 1110 1507 aspernatus
1144 1452 1300 1501 artem,
1329 1451 1529 1509 tragedis
1560 1465 1737 1509 quoque

248 1522 295 1563 et
335 1520 606 1563 ditiriambis
638 1535 685 1563 se
716 1520 875 1563 utilem
914 1521 1059 1563 finxit.
1121 1520 1308 1578 Iamque
1346 1521 1596 1564 carminum
1634 1537 1736 1566 con-

245 1590 434 1633 fidentia
454 1590 599 1634 elatus
613 1592 879 1634 certatorem
901 1605 948 1634 se
963 1590 1164 1648 profiteri
1185 1591 1406 1648 cupiebat,
1419 1591 1507 1635 nisi
1528 1591 1734 1636 Socrates

244 1661 549 1704 humilitatem
580 1661 716 1704 huius
747 1661 970 1719 cupidinis
1005 1661 1063 1704 ab
1098 1661 1193 1704 eius
1225 1661 1376 1705 animo
1408 1662 1654 1720 expulisset
1688 1668 1734 1707 et
1753 1677 1799 1702 πο

243 1745 378 1774 uerae
399 1731 545 1774 laudis
565 1731 754 1789 gloriam
774 1732 815 1775 ei
835 1734 1035 1775 curasset
1055 1731 1271 1790 ingerere.
1318 1731 1378 1775 Et
1397 1735 1532 1776 antea
1552 1733 1732 1790 quidem

244 1801 499 1845 Heraclidis
534 1805 655 1845 secta
690 1801 842 1845 fuerat
875 1802 1100 1855 imbutus3
1139 1817 1310 1854 uerum,
1342 1817 1444 1846 cum
1479 1818 1526 1847 se
1557 1803 1732 1848 Socrati

243 1871 449 1923 dedisset,
461 1886 552 1915 non
567 1872 711 1915 solum
732 1872 913 1930 ingenio
928 1875 1064 1930 atque
1079 1873 1283 1916 doctrina
1298 1876 1467 1917 ceteros
1483 1873 1734 1918 Socraticos

242 1942 355 1985 uicit
389 1942 467 1986 sed
505 1942 642 1985 etiam
673 1942 824 1986 labore
854 1945 900 1986 et
939 1942 1164 2001 elegantia
1193 1943 1461 2000 sapientiam
1491 1943 1732 1989 elustrauit

242 2012 371 2069 eique
411 2015 534 2056 recta
581 2013 826 2056 assertione
873 2028 1084 2056 sensuum
1129 2016 1175 2057 et
1214 2013 1449 2057 maiestate
1488 2015 1729 2059 uerborum
1750 2032 1795 2068 2⁵

240 2082 487 2140 plurimum
506 2082 716 2126 adhibuit
735 2083 985 2141 dignitatis.
1046 2083 1229 2127 Socrate
1248 2083 1468 2141 siquidem
1489 2085 1731 2130 excedente

238 2167 286 2196 se
318 2153 376 2196 ad
408 2153 676 2212 Pithagorae
709 2154 902 2197 contulit
932 2154 1239 2212 disciplinam;
1273 2169 1408 2211 quam
1441 2155 1525 2198 etsi
1554 2156 1730 2200 ratione

241 2223 448 2281 diligenti
489 2226 536 2266 et
575 2224 814 2282 magnifica
853 2224 1038 2267 uidebat
1077 2225 1356 2278 instructam,
1387 2240 1538 2268 rerum
1577 2229 1731 2270 tamen

89 2297 176 2346 645
195 2305 226 2335 a
241 2294 564 2338 continentiam
586 2297 632 2337 et
652 2295 906 2338 castitatem
927 2295 1070 2353 magis
1090 2296 1299 2353 cupiebat
1314 2296 1496 2340 imitari.
1555 2297 1730 2344 Deinde

238 2363 520 2407 Theodorum
542 2363 829 2408 Cirenensem
845 2365 961 2409 adiit
980 2369 1034 2409 ut
1053 2366 1346 2423 geometriam
1363 2367 1563 2411 disceret.
1614 2368 1728 2412 Inde
1748 2382 1793 2416 3ο

237 2434 454 2492 Egiptum
485 2435 617 2492 petiit
647 2438 701 2478 ut
730 2436 998 2494 astrologiae
1029 2442 1222 2488 uacaret,
1259 2437 1410 2494 ibique
1442 2452 1471 2481 a
1504 2437 1728 2496 plerisque

239 2557 255 2583 1
283 2558 396 2593 quem
413 2546 454 2582 M
600 2557 621 2582 2
646 2546 881 2584 atthicarum
899 2547 932 2583 A
1086 2549 1109 2585 6
1134 2547 1241 2596 ergo]
1260 2547 1381 2595 igitur
1400 2548 1424 2585 S
1585 2559 1624 2596 15
1678 2561 1727 2587 ue

235 2607 303 2632 om.
321 2594 390 2631 C¹S
551 2603 605 2642 15,
628 2596 670 2632 16
696 2595 733 2632 ei
750 2607 968 2643 progressus
985 2595 1031 2632 Α1
1197 2597 1239 2633 18
1265 2595 1514 2634 ditiriiambis
1531 2596 1653 2634 (ῚῙΒΑ1
1684 2599 1725 2635 Μ

238 2653 281 2688 19
300 2654 337 2679 se
355 2644 583 2680 certatorem
600 2642 646 2677 Α1
792 2655 839 2690 30
863 2644 1076 2681 Teodorum
1093 2643 1118 2680 S
1218 2644 1478 2691 cirenensem]
1497 2657 1725 2693 grenensem

233 2690 275 2726 M
421 2702 463 2736 31
492 2693 680 2738 egyptum
703 2691 775 2727 ΒΜ

282 2792 305 2827 6
333 2792 433 2826 Talis
459 2802 539 2836 eryo
566 2793 637 2827 etc.
665 2803 786 2837 usque
811 2791 860 2827 ad
885 2793 1087 2828 consistunt
1114 2791 1196 2838 (645
1212 2790 1282 2837 A):
1317 2804 1351 2827 v.
1384 2791 1497 2839 Apul.
1521 2794 1566 2828 de
1594 2794 1719 2839 Doym.

232 2839 328 2874 Plat.
346 2837 371 2874 i.
391 2849 426 2884 2,
445 2849 488 2884 3;
514 2839 560 2876 de
580 2839 733 2875 Ioannis
751 2838 1048 2876 Saresberiensis
1073 2839 1240 2876 lectione
1257 2852 1289 2875 v.
1306 2839 1547 2876 Hildebrand
1571 2841 1621 2877 ad
1646 2841 1721 2879 loc.

233 2897 275 2923 21
305 2888 487 2932 inyerere:
514 2889 671 2923 inserere
687 2887 799 2933 Apul.
976 2898 1021 2923 22
1046 2888 1277 2924 Heraclidis:
1302 2889 1486 2925 Heracliti
1500 2887 1614 2936 Apul.

353 2958 413 2991 106
