1846 3262
137 230 239 265 on.
254 217 306 280 v]
657 219 1101 265 PoucRATICVS

142 345 346 386 mortem.
397 341 580 387 Ceteras
596 343 866 401 cupiditates
881 343 1014 387 huius
1030 343 1164 386 unius
1178 343 1360 401 ingente
1371 342 1620 400 cupiditate

139 416 410 469 presserunt.
471 413 622 470 Ipsam
643 413 834 470 denique
854 414 1047 471 patriam
1068 428 1208 466 suam,
1225 413 1435 470 quoniam
1450 413 1618 456 seruire

139 481 380 525 uidebatur
399 483 653 540 inglorium,
673 484 894 527 dominari
918 498 1026 526 uero
1052 486 1187 540 atque
1214 483 1432 540 imperare
1456 482 1618 541 glorio-

138 565 252 604 sum,
286 553 412 610 prius
458 554 580 596 omni
622 554 771 596 studio
813 554 999 596 liberam
1040 553 1200 596 deinde
1249 553 1476 596 dominam
1525 567 1619 596 esse

99 646 119 680 5
137 622 482 679 concupierunt;
512 623 638 680 prius
662 624 781 666 enim
802 638 884 681 pro
899 624 1119 674 libertate,
1139 623 1299 666 deinde
1318 637 1400 680 pro
1420 622 1618 666 dominio

137 694 359 735 certatum
399 696 478 736 est.
550 693 754 736 Fuerunt
793 698 944 736 tamen
977 693 1139 750 quibus
1174 693 1362 746 iustitia,
1397 696 1617 750 quantum

137 762 299 819 gentili
315 762 520 814 dabatur,
536 763 796 817 sufficiebat,
809 763 1055 821 cupiditate
1076 763 1279 806 deducta.
1340 763 1458 806 Aliis
1477 763 1616 806 nichil

136 831 247 875 satis
268 836 377 884 erat,
398 833 475 876 sed
503 834 587 876 sub
607 834 802 891 imagine
822 834 1208 891 magnanimitatis
1229 833 1301 876 uel
1322 833 1617 891 impossibilia

135 906 469 959 praesumentes
484 903 662 946 laudem
682 904 925 946 maximam
945 903 1331 960 consequebantur
1350 906 1395 946 et
1415 903 1615 961 gloriam.

76 994 119 1020 10
134 972 286 1030 Longe
320 973 462 1031 igitur
496 974 643 1016 uirtus
679 973 864 1017 Catonis
898 974 1082 1017 ueritati
1112 973 1295 1016 uidetur
1323 974 1616 1031 propinquior

134 1041 274 1086 fuisse
294 1057 428 1100 quam
450 1042 638 1086 Cesaris.
698 1043 829 1096 Quod
850 1058 906 1086 ex
926 1043 1024 1100 ipsa
1044 1043 1267 1087 sententia
1287 1043 1383 1086 eius
1402 1043 1615 1086 facillime

133 1111 335 1170 liquebit.
395 1112 560 1164 Nolite,
587 1113 747 1170 inquit,
775 1113 1033 1156 existimare
1058 1114 1249 1156 maiores
1275 1116 1451 1156 nostros
1477 1114 1615 1157 armis

133 1197 228 1226 rem
267 1183 491 1240 publicam
530 1198 587 1226 ex
626 1198 769 1240 parua
806 1198 1017 1241 magnam
1052 1183 1220 1226 fecisse.
1290 1183 1342 1226 Si
1382 1183 1448 1226 ita
1487 1188 1615 1237 esset,

132 1252 277 1296 multo
315 1253 659 1310 pulcherrimam
699 1268 797 1296 eam
831 1268 912 1296 nos
951 1253 1216 1296 haberemus
1255 1267 1398 1305 nunc;
1448 1254 1614 1311 quippe

73 1348 116 1384 15
132 1323 351 1366 sociorum
391 1326 527 1380 atque
565 1323 744 1374 ciuium,
774 1326 1007 1380 praeterea
1045 1338 1271 1366 armorum
1312 1327 1358 1367 et
1397 1338 1612 1381 equorum

132 1393 276 1436 maior
294 1393 422 1451 copia
440 1393 569 1437 nobis
590 1408 724 1451 quam
752 1393 843 1436 illis
869 1397 950 1436 est.
1012 1393 1101 1436 Sed
1121 1393 1211 1436 alia
1230 1392 1358 1436 fuere
1378 1408 1492 1451 quae
1513 1393 1613 1437 illos

132 1462 255 1506 uiros
289 1478 475 1521 magnos
510 1463 715 1507 fecerunt
750 1478 864 1520 quae
895 1463 1024 1507 nobis
1055 1463 1182 1506 nulla
1215 1467 1323 1507 sunt
1335 1478 1346 1516 ;
1387 1457 1510 1507 domi
1544 1464 1611 1506 in-

131 1532 319 1584 dustria,
338 1533 450 1577 foris
469 1534 639 1577 iustum
660 1534 911 1592 imperium,
929 1534 1106 1577 animus
1129 1534 1177 1577 in
1198 1534 1467 1578 consulendo
1486 1535 1612 1588 liber,

130 1617 275 1661 neque
289 1604 451 1648 delicto
465 1619 609 1662 neque
623 1604 802 1647 libidini
814 1604 1046 1648 obnoxius.
1097 1604 1183 1648 Pro
1203 1605 1274 1648 his
1293 1619 1375 1648 nos
1394 1605 1611 1649 habemus

71 1691 116 1716 ιο
130 1673 357 1717 luxuriam
403 1677 539 1732 atque
583 1674 835 1726 auaritiam,
873 1674 1050 1732 publice
1097 1678 1353 1733 egestatem,
1393 1676 1610 1733 priuatim

129 1744 419 1802 opulentiam.
471 1745 726 1788 Laudamus
746 1745 945 1798 diuitias,
962 1745 1191 1802 sequimur
1210 1746 1432 1789 inertiam.
1483 1746 1612 1790 Inter

129 1815 268 1860 bonos
288 1819 335 1859 et
353 1816 494 1860 malos
514 1816 751 1860 discrimen
771 1816 958 1860 nullum.
1019 1815 1183 1860 Omnia
1205 1817 1391 1861 uirtutis
1411 1819 1611 1874 praemia

130 1886 320 1930 ambitio
353 1886 562 1944 possidet.
622 1886 782 1944 Neque
815 1887 980 1929 mirum
1015 1887 1093 1930 ubi
1129 1902 1209 1930 uos
1243 1888 1485 1945 separatim
1521 1888 1608 1931 sibi

129 1956 318 2014 quisque
336 1957 521 2000 consilia
539 1957 711 2014 capitis,
730 1957 811 2000 ubi
830 1957 951 2000 domi
971 1957 1282 2015 uoluptatibus
1302 1959 1376 2001 hic
1394 1959 1609 2016 pecuniae

70 2049 115 2086 ,5
129 2030 211 2070 aut
249 2027 423 2084 gratiae
458 2027 650 2070 semitis.
710 2026 776 2070 Eo
815 2028 868 2070 fit
902 2031 955 2070 ut
986 2027 1181 2085 impetus
1216 2028 1298 2071 fiat
1332 2028 1381 2071 in
1420 2044 1609 2072 uacuam

130 2111 224 2140 rem
239 2097 476 2154 publicam.
517 2097 764 2141 Paucorum
780 2097 923 2155 igitur
935 2097 1083 2141 uirtus
1102 2098 1160 2140 ad
1179 2097 1369 2156 gloriam
1393 2099 1607 2142 honorem

128 2167 379 2224 imPfflium,
411 2182 519 2209 uera
549 2167 638 2218 uia,
676 2167 724 2209 id
756 2171 824 2210 est
852 2167 952 2224 ipsa
980 2167 1152 2210 uirtute
1186 2167 1442 2220 nitentium,
1472 2169 1608 2212 etiam

130 2252 159 2281 a
197 2237 369 2282 Catone
407 2237 591 2280 laudata
632 2241 710 2281 est.
771 2238 891 2281 Hinc
923 2241 1021 2281 erat
1052 2238 1172 2281 domi
1204 2238 1440 2289 industria,
1473 2253 1607 2295 quam

129 2311 445 2352 commemorat
466 2307 591 2358 Cato,
614 2311 668 2351 ut
695 2308 890 2350 erarium
918 2311 1034 2351 esset
1060 2308 1335 2366 opulentum,
1354 2312 1512 2352 tenues
1536 2324 1607 2353 res

69 2396 114 2430 30
130 2378 346 2435 priuatae.
406 2378 535 2421 Vnde
583 2378 805 2435 corruptis
849 2378 1048 2421 moribus
1097 2378 1260 2421 uitium
1311 2393 1335 2421 e
1383 2380 1608 2423 contrario

129 2447 293 2506 posuit,
341 2447 518 2506 publice
571 2452 827 2506 egestatem,
864 2448 1081 2506 priuatim
1134 2448 1423 2506 opulentiam.
1503 2450 1608 2507 Ipse

127 2517 303 2562 Tullius
322 2518 405 2561 hoc
424 2517 704 2561 dissimulare
725 2533 815 2561 non
835 2519 985 2576 potuit
1004 2519 1053 2561 in
1073 2519 1238 2562 eisdem
1258 2518 1387 2562 libris
1408 2534 1518 2576 quos
1538 2519 1608 2564 De

128 2674 151 2711 7
176 2664 412 2702 sufficiebant
429 2664 470 2700 Μ
589 2666 611 2702 8
635 2663 814 2711 ymagine
830 2665 871 2700 Μ
995 2675 1040 2701 1ο
1063 2664 1217 2701 uidetur
1232 2664 1392 2702 ueritati
1410 2665 1452 2702 Μ
1559 2678 1608 2705 20

126 2713 322 2761 priuatam
339 2712 462 2749 CABS
606 2723 653 2759 29
676 2716 763 2749 cato
781 2715 1055 2750 commemorat
1072 2713 1112 2748 Μ

179 2853 221 2880 12
246 2843 367 2879 Nolite
380 2843 465 2878 eta:
489 2852 536 2878 ex
549 2840 640 2878 Sall.
651 2842 729 2877 Cat.
742 2852 774 2877 c.
787 2850 830 2888 52
841 2839 883 2888 §§
902 2851 1016 2887 19—23
1031 2839 1129 2877 citat
1141 2840 1389 2888 Augustinus.
1487 2851 1547 2888 31,
1557 2853 1605 2889 32

126 2893 211 2940 Ipse
230 2892 376 2928 Tullius
391 2892 466 2927 etc.
483 2901 600 2936 usque
617 2889 667 2925 ad
684 2891 940 2936 improbantur
955 2891 1040 2937 (722
1054 2893 1119 2935 A):
1144 2900 1178 2926 v.
1194 2890 1291 2936 Aug.
1308 2890 1354 2925 de
1372 2891 1409 2926 0.
1428 2889 1475 2926 D.
1494 2901 1528 2927 v.
1549 2901 1605 2938 13.

1427 2970 1492 3005 24⁵

1632 228 1709 270 >721
1728 222 1757 261 b

1634 994 1660 1023 C

1627 1899 1656 1939 d
