1846 3262
135 244 234 277 οΑΡ.
251 234 397 291 xxm]
668 233 1113 279 POLICRATICVS
1639 237 1728 286 698
1749 237 1777 274 b

133 354 311 406 ctantis,
331 354 682 412 imperfectionis
701 356 880 413 signum
896 359 978 402 est.
1039 355 1230 414 Signum
1251 355 1374 409 dico;
1393 354 1620 399 defectum

133 425 284 482 potius
315 425 508 469 dixerim
542 427 839 470 conscientiae
873 425 1176 470 manifestum.
1237 426 1441 480 Quodam
1477 425 1620 483 igitur
1638 442 1662 471 c

133 494 265 538 modo
285 510 424 552 eoque
444 496 637 553 glorioso
651 496 877 554 perfectus
893 499 961 540 est
977 497 1055 554 qui
1076 496 1309 554 praeuidet
1329 495 1449 539 unde
1469 495 1620 538 ualeat

133 565 313 618 satiari;
343 566 462 623 quod
483 566 568 610 etsi
592 567 816 610 neminem
837 567 910 610 uel
930 567 1172 610 admodum
1196 581 1360 625 paucos
1379 566 1619 624 gentilium

93 653 113 688 5
133 638 358 679 assecutos
377 636 568 688 credam,
588 637 693 680 huic
713 640 865 680 tamen
889 637 1129 681 nonnullos
1149 637 1369 680 institisse
1390 636 1620 694 proposito

132 708 305 749 certum
340 706 497 758 habeo,
527 721 629 750 cum
670 709 716 750 et
756 707 930 750 ethicus
966 707 1109 750 dicat:
1153 706 1341 750 Certum
1376 709 1484 750 uoto
1516 709 1619 764 pete

131 774 291 828 finem;
326 776 422 819 sine
456 791 544 833 quo
574 776 622 819 in
652 776 881 820 infinitum
913 776 1053 819 animi
1083 776 1270 819 humani
1301 779 1487 820 conatus
1517 790 1618 833 pro-

132 845 337 889 tenditur
357 849 403 889 et
423 846 471 889 in
492 846 539 889 id
560 847 679 904 quod
707 846 889 890 omnino
913 850 1108 904 nequeat
1128 847 1418 904 apprehendi.
1481 847 1619 890 Porro

132 915 288 973 Magni
310 916 479 960 Montis
499 917 669 961 incolae
697 917 841 960 uitam
866 917 1164 974 praearduam
1192 917 1425 974 elegerunt
1450 919 1507 967 et,
1528 931 1619 959 non

73 1006 115 1032 xo
131 985 264 1029 modo
290 986 509 1030 auaritiae
538 987 616 1030 sed
643 987 785 1044 ipsius
805 989 995 1030 naturae
1016 987 1343 1044 quodammodo
1364 987 1619 1037 domitores,

131 1056 283 1099 omnia
317 1057 595 1100 necessitatis
635 1057 823 1114 imperia
865 1057 1165 1107 excluserunt,
1198 1057 1458 1100 abiecerunt
1498 1057 1617 1100 solli-

130 1126 376 1170 citudinem
389 1127 587 1171 crastini.
619 1127 783 1171 Omnia
795 1127 953 1170 mundi
965 1127 1292 1170 oblectamenta
1304 1130 1619 1184 contempnere

131 1209 292 1254 parum
308 1199 376 1240 est
388 1197 507 1254 apud
526 1211 623 1250 e0s;
651 1211 929 1254 quacumque
945 1197 1003 1240 ad
1016 1199 1169 1254 portas
1185 1212 1339 1240 eorum
1355 1197 1455 1254 quis
1469 1198 1618 1254 pulset

130 1265 339 1324 imagine,
374 1266 630 1310 excluditur
664 1270 711 1310 et
746 1266 961 1310 confusus
996 1267 1219 1320 abscedit;
1260 1267 1309 1309 in
1341 1281 1417 1310 eas
1452 1267 1617 1324 quippe
1636 1272 1665 1312 cl

69 1354 112 1391 15
131 1336 251 1380 solus
267 1335 476 1381 Christus
491 1337 757 1395 ingreditur,
769 1337 896 1381 cuius
911 1337 1172 1380 innituntur
1190 1337 1376 1395 gratiae,
1397 1337 1617 1380 iactantes

129 1407 378 1465 cogitatum
393 1422 524 1452 suum
540 1409 588 1451 in
605 1423 707 1451 eum
723 1409 801 1466 qui
816 1408 1029 1466 paruulos
1044 1409 1218 1452 enutrit
1237 1411 1283 1451 et
1303 1408 1384 1451 dat
1403 1408 1618 1451 iumentis

130 1492 276 1522 escam
311 1478 535 1536 pullisque
570 1493 807 1522 ceruorum
825 1495 835 1533 ;
871 1479 969 1522 lilia
1008 1479 1148 1522 uestit
1183 1478 1282 1536 agri
1323 1481 1370 1522 et
1409 1478 1618 1522 omnibus

128 1549 413 1606 sperantibus
443 1549 492 1592 in
518 1564 565 1593 se
593 1553 674 1593 aut
701 1550 1036 1594 constitutionis
1066 1564 1173 1593 suae
1203 1549 1618 1607 obtemperantibus

130 1619 220 1678 legi
243 1619 493 1663 necessaria
516 1622 719 1677 praestat
739 1625 792 1664 ut
813 1620 951 1664 nichil
973 1620 1090 1664 desit
1117 1620 1189 1663 his
1217 1620 1295 1677 qui
1322 1634 1370 1663 se
1400 1619 1496 1663 eius
1525 1634 1617 1662 non

69 1707 113 1733 ιο
131 1689 442 1734 subtraxerint
475 1690 715 1734 uoluntati.
776 1691 937 1734 Totam
967 1705 1074 1748 ergo
1109 1690 1457 1734 sollicitudinem
1489 1704 1617 1732 suam

131 1762 178 1803 et
216 1774 392 1803 omnem
432 1759 481 1802 in
521 1775 624 1803 eum
663 1760 902 1818 proiciunt,
932 1760 1004 1804 cui
1046 1760 1102 1803 de
1140 1760 1349 1803 fidelibus
1390 1774 1499 1803 cura
1539 1762 1618 1809 est,

129 1829 328 1887 adeoque
354 1829 621 1887 prudentiae
649 1830 857 1874 deuitant
884 1830 1116 1887 angustias
1141 1833 1194 1873 ut
1218 1830 1317 1873 uita
1344 1844 1497 1873 eorum
1519 1832 1618 1872 tota

129 1900 358 1943 nonnullis
406 1900 646 1957 temptatio
709 1900 944 1953 uideatur3
1000 1900 1145 1944 sancti
1194 1899 1416 1957 siquidem
1465 1903 1618 1957 patres

128 1985 271 2029 genus
290 1970 601 2028 temptationis
620 1970 861 2022 diffiniunt,
881 1985 983 2014 cum
1004 1971 1104 2027 quis
1124 1970 1399 2028 agendorum
1419 1970 1618 2013 habenas

68 2061 110 2096 ²5
130 2040 286 2084 diuino
313 2040 554 2084 dumtaxat
580 2041 824 2084 committit
848 2040 1074 2091 miraculo,
1096 2040 1294 2083 humano
1318 2039 1518 2083 nondum
1539 2055 1617 2083 au-

130 2110 240 2154 xilio
253 2110 511 2154 destitutus.
558 2109 770 2155 Ceterum
787 2125 869 2169 ego
885 2111 1030 2154 uitam
1046 2110 1296 2168 placentem
1310 2110 1406 2153 Deo
1422 2110 1619 2154 arbitror

129 2180 391 2238 cupiditatis
417 2181 635 2238 ignaram,
662 2181 945 2224 insistentem
972 2181 1254 2224 innocentiae
1281 2183 1327 2223 et
1351 2180 1617 2237 peruigilem

130 2251 179 2294 in
198 2265 330 2308 opere
350 2251 564 2294 caritatis.
616 2250 736 2304 Quid
756 2265 862 2308 ergo
882 2251 931 2293 in
952 2250 1023 2293 his
1043 2253 1124 2293 aut
1144 2250 1193 2292 in
1212 2250 1303 2293 illis
1323 2250 1409 2293 sibi
1429 2250 1616 2307 palliata
1633 2263 1726 2312 699
1748 2273 1777 2300 a

130 2320 350 2380 ypocrisis
371 2319 642 2371 uendicabit‚
662 2320 911 2377 cupiditate
938 2320 1161 2364 deducta?
1222 2320 1397 2378 Regula
1423 2335 1616 2377 namque

68 2412 113 2446 30
130 2391 364 2435 uerissima
392 2395 472 2441 est,
492 2390 612 2447 quod
642 2390 696 2433 de
728 2390 877 2434 radice
904 2390 1108 2434 caritatis
1138 2405 1229 2433 non
1258 2390 1468 2433 oriuntur
1497 2390 1618 2433 mala

129 2498 152 2535 6
179 2496 301 2534 eticus
318 2494 388 2532 c¹S
533 2496 554 2531 8
580 2492 794 2541 aprehendi
811 2492 836 2529 S
985 2494 1029 2530 16
1053 2496 1092 2530 et
1110 2505 1177 2530 om.
1198 2493 1239 2529 M
1399 2504 1442 2541 19
1467 2493 1529 2529 his
1545 2506 1614 2531 om.

127 2546 162 2582 A
323 2554 371 2580 20
395 2543 666 2580 subtraxerunt
683 2541 724 2577 M
879 2552 924 2578 22
950 2541 1192 2588 prouidentie
1210 2541 1272 2577 CA
1426 2552 1472 2587 29
1497 2542 1615 2589 hypo-

128 2591 235 2630 crisis
252 2591 342 2629 GBS

176 2686 200 2722 6
229 2686 376 2721 Certum
393 2685 489 2721 etc.:
517 2683 607 2720 Hor.
625 2685 697 2730 Ep.
716 2682 742 2720 i.
760 2693 791 2719 2.
811 2685 868 2730 56.
998 2694 1054 2730 11,
1075 2694 1117 2720 12
1141 2685 1425 2720 sollicitudinem
1441 2685 1615 2720 crastini:

128 2745 160 2769 v.
179 2732 291 2769 Matt.
309 2732 356 2767 vi.
375 2742 431 2778 34.
628 2741 667 2778 15
695 2734 872 2768 iactantes
887 2733 960 2769 etc.
978 2743 987 2768 :
1014 2744 1046 2768 v.
1068 2732 1125 2768 Ps.
1143 2731 1207 2768 liv,
1225 2742 1281 2778 23.
1483 2733 1527 2769 16
1552 2735 1618 2768 dat

128 2782 301 2817 iumentis
317 2782 412 2817 etc.:
438 2791 471 2815 v.
487 2779 546 2816 Ps.
563 2779 675 2816 cxlvi.
688 2790 722 2826 9.
914 2789 956 2825 17
981 2781 1084 2816 Lilia
1102 2781 1198 2817 etc.:
1226 2792 1257 2816 v.
1277 2779 1391 2815 Matt.
1408 2778 1457 2816 vi.
1477 2781 1536 2825 28,
1556 2791 1613 2826 30.

130 2839 177 2865 20
213 2830 338 2864 Totam
363 2829 458 2864 etc.:
491 2840 524 2863 v.
556 2839 568 2864 1
598 2828 699 2865 Petr.
727 2840 757 2864 v.
785 2836 818 2872 7.
1007 2838 1052 2874 23
1085 2830 1204 2864 sancti
1227 2830 1405 2875 siquidem
1433 2830 1531 2865 etc.:
1566 2827 1614 2865 cf.

128 2875 329 2913 Walafrid.
350 2875 474 2912 Strab.
493 2877 608 2912 Gloss,
625 2878 667 2912 in
683 2877 790 2912 Mau.
807 2877 852 2912 iv.
869 2877 916 2913 6:
942 2877 1055 2913 Nemo
1070 2877 1168 2913 debet
1183 2881 1321 2913 tentare
1338 2878 1456 2912 Deum
1471 2879 1616 2923 quando

127 2925 233 2961 habet
248 2936 294 2960 ex
308 2926 472 2961 humana
487 2926 628 2961 ratione
644 2926 733 2972 quid
740 2926 875 2971 saciat.

1438 3006 1503 3042 205
