1846 3262
79 219 152 259 812
171 216 201 258 d
539 215 803 260 IOANNIS
842 214 1362 260 SARESBERIENSIS
1483 214 1595 277 [mn.
1610 227 1705 261 vm

217 339 327 383 dum
357 339 651 391 alleuaretur;
686 337 919 382 subuectio
953 337 1173 395 siquidem
1205 338 1446 396 impiorum
1481 339 1704 397 grauioris

218 410 375 454 ruinae
405 409 690 468 praeparatio
715 411 794 452 est.
857 408 968 462 Quis
996 410 1148 451 autem
1169 423 1221 452 eo
1244 408 1442 466 iniquior
1467 410 1545 466 qui
1572 409 1704 452 mini-

77 482 151 530 813
171 491 202 520 a
219 481 407 524 sterium
427 480 561 537 paciS,
578 478 855 523 sacrificandi
876 478 1070 522 officium
1091 478 1140 521 in
1160 479 1283 522 rixas
1298 479 1443 522 mittit
1464 483 1509 523 et
1529 479 1704 523 carnifi-

217 551 368 595 cium?
428 550 652 603 Quorsum
680 564 844 607 quaeso
871 552 1002 592 tanta
1033 549 1323 593 immanitas?
1383 549 1618 607 Numquid
1646 550 1706 594 ad

215 621 393 665 uitam?
453 620 543 663 Sed
562 635 716 663 eorum
744 619 847 662 finis
867 619 1090 664 interitus,
1150 619 1223 662 An
1251 619 1309 662 ad
1337 620 1556 678 gloriam?
1616 620 1706 664 Sed
1724 635 1743 670 5

215 691 359 749 gloria
379 705 533 734 eorum
554 691 601 733 in
622 690 882 734 confusione
906 692 986 733 est.
1046 689 1120 732 An
1152 690 1210 732 ad
1245 690 1556 748 uoluptatem?
1599 705 1706 748 ergo
1734 681 1738 685 ’

216 764 263 804 et
292 776 445 804 eorum
475 760 599 803 Deus
624 762 784 803 uenter
807 763 885 803 est.
945 759 1020 802 An
1046 762 1099 803 ut
1125 760 1421 803 nobilitentur
1440 760 1488 803 in
1508 775 1640 804 081110
1661 763 1708 804 et

217 831 467 889 sanguine?
498 830 576 874 sed
595 845 699 874 caro
719 833 765 873 et
784 830 968 888 sanguis
989 844 1177 888 regnum
1199 830 1284 873 Dei
1296 845 1387 874 non
1403 830 1706 888 possidebunt.

218 901 339 945 Nam
369 901 585 944 aduersus
615 900 815 944 carnales
844 915 935 943 non
959 915 1042 958 ego
1072 900 1150 943 sed
1180 901 1289 943 haee
1318 903 1365 944 et
1388 901 1599 959 grauiora
1633 901 1706 946 his

217 972 461 1030 apostolica
495 972 675 1014 intonat
708 971 842 1014 tuba:
892 971 1106 1024 Quorum,
1138 971 1299 1028 inquit,
1339 971 1443 1014 finis
1481 971 1706 1024 interitus,
1726 987 1769 1013 1ο

218 1057 406 1100 quorum
436 1042 559 1085 Deus
583 1044 743 1085 uenter
773 1044 820 1085 et
848 1041 992 1099 gloria
1018 1041 1067 1084 in
1094 1041 1365 1092 confusione,
1391 1041 1498 1099 quia
1526 1044 1706 1086 terrena

218 1112 402 1169 sapiunt
418 1126 427 1165 ;
458 1111 508 1163 si,
521 1114 575 1155 ut
595 1127 722 1155 suam
743 1111 956 1168 expleant
976 1110 1269 1163 uoluntatem,
1289 1111 1391 1155 aliis
1411 1111 1706 1167 dominantes,

218 1182 338 1238 quod
368 1181 641 1224 tirannicum
672 1184 752 1233 est,
783 1181 846 1224 018
877 1180 1016 1224 nichil
1049 1180 1198 1224 minus
1230 1181 1489 1238 proueniet;
1523 1181 1706 1226 tiranno

217 1252 438 1309 siquidem
458 1251 598 1295 nichil
624 1254 776 1295 tutum
798 1254 867 1295 est
896 1253 977 1294 aut
1004 1251 1221 1308 quietum.
1281 1251 1518 1310 Interroga
1537 1252 1704 1297 Damo-

170 1323 199 1362 b
214 1321 341 1374 clem,
361 1325 408 1365 et
424 1337 474 1365 80
494 1322 577 1365 1100
597 1337 625 1364 8
645 1321 827 1365 tiranno
852 1321 1032 1364 Siciliae
1056 1321 1261 1365 didicisse
1289 1321 1519 1374 fatebitur,
1539 1337 1640 1367 cum
1662 1323 1703 1367 01
1725 1341 1766 1377 15

217 1392 416 1450 undique
445 1392 493 1434 in
523 1392 731 1435 ardentes
761 1406 930 1449 prunas
960 1391 1093 1435 ruina
1122 1391 1389 1445 immineret,
1419 1392 1478 1435 ad
1506 1393 1705 1450 primum

216 1466 379 1506 nutum
395 1465 441 1506 et
461 1462 590 1520 quasi
609 1462 807 1505 texentis
822 1461 925 1505 licio
940 1461 1194 1519 dependens
1206 1462 1383 1520 gladius
1397 1463 1517 1506 inter
1532 1463 1704 1521 regales

216 1533 394 1576 delitias
423 1532 585 1576 ceruici
615 1532 737 1575 illius
766 1532 926 1575 similis
956 1531 1138 1575 ferienti
1169 1531 1371 1576 irrueret.
1452 1533 1550 1578 Hoc
1579 1533 1699 1577 idem

215 1603 336 1661 apud
357 1602 656 1647 Claudianum
676 1602 842 1646 astruit
862 1601 1160 1655 Theodosius3
1189 1602 1256 1645 ait
1275 1603 1420 1646 enim:

333 1695 422 1748 Qui
443 1698 582 1738 terret
600 1695 702 1752 plus
722 1695 816 1752 ipse
835 1696 979 1746 timet,
998 1710 1092 1738 sors
1113 1695 1201 1739 ista
1221 1696 1413 1740 tirannis
1723 1718 1767 1744 ao

332 1754 565 1807 conuenit3
594 1754 830 1797 inuideant
849 1753 980 1797 claris
1008 1753 1234 1812 fortesque
1254 1755 1492 1800 trucident.

332 1813 499 1856 Muniti
519 1813 682 1870 gladiis
702 1813 864 1855 uiuant
884 1812 1087 1870 septique
1107 1814 1315 1867 uenenis;

331 1872 549 1929 ancipites
570 1871 767 1914 habeant
786 1874 906 1914 artes
925 1871 1178 1929 trepidique
1199 1872 1440 1917 minentur.

331 1931 399 1973 Tu
419 1931 562 1974 ciuem
582 1932 845 1987 patremque
864 1945 1005 1987 geras,
1024 1933 1077 1973 tu
1097 1931 1276 1974 consule
1295 1932 1480 1975 cunctis.

564 1989 610 2032 N
612 2004 660 2033 ec
678 1992 759 2032 tua
774 1992 820 2033 te
839 1992 1052 2032 moueant
1071 1989 1148 2033 sed
1167 1989 1348 2048 publica
1367 1993 1484 2034 uota.
1723 2007 1764 2042 25

216 2083 436 2126 Erubesce
458 2081 626 2139 Sydon,
645 2082 711 2125 ait
730 2096 877 2135 mare3
907 2083 1014 2140 quia
1032 2082 1123 2126 iam
1143 2083 1334 2127 carnalis
1363 2084 1565 2142 loquitur
1588 2099 1704 2143 quae

214 2153 288 2196 uir
318 2151 565 2210 spiritualis
593 2152 749 2195 audire
776 2167 867 2195 11011
897 2156 1056 2210 potest.
1117 2153 1166 2196 Si
1194 2154 1313 2197 enim
1334 2154 1544 2198 audirent
1563 2170 1705 2199 sacer-

215 2224 342 2267 dotes
361 2237 515 2266 uoeem
536 2222 664 2273 hanc,
684 2237 967 2280 nequaquam
994 2237 1075 2280 per
1093 2223 1185 2266 tela
1204 2238 1284 2281 per
1303 2224 1453 2268 hostes
1473 2227 1706 2269 currerent

173 2307 198 2337 c
214 2297 267 2337 ut
297 2293 464 2351 primas
494 2293 730 2336 cathedras
759 2295 1040 2351 occuparent.
1099 2293 1200 2345 Sed,
1229 2293 1334 2338 lieet
1357 2308 1510 2338 omnes
1539 2294 1704 2339 summi

221 2436 265 2471 13
290 2425 498 2462 tiranicum
515 2425 548 2461 A
703 2437 751 2462 20
773 2426 948 2472 tyrannis
965 2425 997 2461 B
1155 2437 1202 2473 23
1227 2439 1334 2464 arces
1350 2426 1497 2464 CB²SM
1656 2439 1678 2466 2
1683 2437 1702 2476 5

219 2479 304 2511 ante
320 2485 391 2510 nec
409 2475 478 2510 tua
494 2476 579 2510 add.
597 2485 674 2511 non
691 2473 765 2510 tibi
781 2474 871 2510 A²M
968 2477 1009 2511 te
1026 2475 1095 2511 tua
1113 2474 1152 2511 8¹

266 2597 288 2632 8
312 2598 375 2631 sed
391 2608 475 2632 caro
492 2601 525 2632 et
540 2597 694 2642 sanquis
710 2597 782 2632 ete.
800 2608 809 2633 ε
836 2608 868 2631 v.
890 2606 904 2632 1
927 2595 1010 2632 Cor.
1030 2607 1088 2633 xv.
1109 2605 1167 2643 50.
1353 2607 1397 2633 10
1424 2599 1585 2641 Quorum
1602 2599 1675 2635 etc.
1693 2610 1703 2636 :

215 2656 252 2679 v.
272 2643 440 2690 Philipp.
458 2643 512 2680 iii.
536 2655 590 2691 19.
781 2654 834 2688 14,
858 2652 897 2689 15
924 2645 1134 2680 Damoclem
1151 2645 1248 2681 etc.:
1275 2657 1309 2681 v.
1326 2643 1403 2681 Cic.
1426 2647 1527 2682 Tusc.
1546 2648 1653 2691 Disp.
1671 2658 1704 2684 v.

220 2702 262 2727 21
286 2691 327 2738 §§
348 2693 408 2736 61,
427 2693 484 2728 62.
706 2702 754 2728 20
781 2693 852 2735 Qui
868 2697 975 2727 terret
993 2694 1065 2728 ete.
1084 2706 1091 2728 ε
1118 2692 1248 2728 Claud.
1265 2694 1442 2739 Paneqyr.
1462 2695 1505 2729 de
1521 2695 1584 2729 IV
1599 2694 1705 2730 Cone.

217 2740 357 2775 Honor.
378 2749 554 2787 290-295.
726 2741 772 2776 26
796 2741 976 2775 Erubesce
992 2742 1136 2786 Sydon:
1165 2740 1236 2776 Isa.
1253 2740 1361 2777 xxiii.
1379 2752 1414 2786 4.
1569 2743 1615 2777 28
1634 2753 1710 2787 per

217 2788 289 2822 tela
304 2799 373 2832 per
385 2789 522 2824 hostes:
550 2787 663 2832 Verg.
680 2788 775 2824 Aen.
795 2786 836 2823 ii.
855 2790 935 2833 358.
1120 2798 1167 2833 29
1186 2790 1335 2834 primas
1351 2790 1564 2825 cathedras:
1590 2788 1704 2826 Matt.

216 2834 322 2869 xxiii.
342 2836 376 2871 6.
496 2837 576 2878 Sed,
597 2836 677 2870 licet
694 2837 766 2871 etc.
783 2847 793 2873 ι
821 2834 925 2871 Haec
941 2835 1057 2872 verba
1074 2846 1193 2882 usque
1212 2836 1261 2872 ad
1278 2838 1565 2873 labom'osissima
1584 2836 1705 2874 minio

216 2881 367 2917 notavit
384 2882 572 2919 Parkerus
589 2881 630 2918 in
649 2883 729 2919 cod.
748 2883 787 2919 C.

326 2955 394 2995 408
