1846 3262
90 226 168 276 761
185 231 213 266 c
561 220 823 268 IOANNIS
863 218 1380 267 SARESBERIENSIS
1491 212 1603 284 [mn.
1618 228 1714 268 vm

233 345 356 390 aleae
387 348 433 389 et
462 344 643 389 calculis
672 343 897 387 interdum
931 357 1112 387 uacasse
1141 343 1349 396 traditur,
1381 358 1482 388 cum
1515 345 1628 390 bene
1662 356 1714 388 ac

235 416 314 459 diu
358 416 458 458 iura
497 414 665 459 ciuium
705 413 1055 470 cerimoniasque
1094 412 1278 456 deorum
1317 414 1578 459 ordinasset.
1651 415 1715 458 Vt

234 486 354 529 enim
393 485 441 527 in
475 483 609 527 rebus
644 483 771 527 seriis
811 483 1055 535 Sceuolam‚
1087 483 1154 526 ita
1193 483 1242 526 in
1280 483 1452 528 lusibus
1490 484 1716 528 hominem

235 555 409 612 agebat,
431 569 562 611 quem
583 568 733 597 rerum
757 556 923 596 natura
944 552 1145 596 continui
1165 552 1330 597 laboris
1349 554 1596 611 patientem
1622 568 1716 597 esse

235 635 326 667 non
361 623 481 667 sinit.
556 623 699 680 quue
737 622 856 666 uidit
897 622 1115 676 Socrates,
1147 623 1224 680 qui
1264 623 1435 666 nullam
1470 623 1716 681 sapientiae
1735 632 1755 670 5

188 700 217 741 d
235 696 410 752 partem
455 693 622 736 dicitur
660 692 868 736 habuisse
908 692 1132 750 ignotam3
1182 692 1369 750 ideoque
1407 707 1499 737 non
1538 693 1718 737 erubuit

235 766 343 806 tunc
376 777 490 815 cum,
506 762 773 820 interposita
804 762 1024 805 arundine
1044 762 1249 806 cruribus
1269 762 1373 813 suis,
1388 776 1490 806 cum
1516 762 1718 820 paruulis

233 832 383 876 filiolis
417 832 576 875 ludens
611 832 669 875 ab
703 832 936 890 Alcipiade
970 832 1087 875 risus
1119 834 1198 876 est.
1270 832 1494 875 Homerus
1529 846 1718 890 quoque,

234 902 409 947 celestis
448 904 578 946 uates
616 902 798 961 ingenii,
838 917 930 946 non
969 902 1093 945 aliud
1139 902 1279 946 sentit
1315 902 1720 946 uehementissimis

234 972 424 1016 Achillis
451 972 660 1015 manibus
686 987 872 1016 canoras
894 972 1006 1015 fides
1032 972 1215 1016 oltando
1235 972 1324 1015 nisi
1343 975 1397 1016 ut
1422 987 1576 1016 earum
1602 972 1720 1015 mili·
1739 984 1781 1009 10

237 1045 336 1086 tare
357 1042 495 1085 robur
514 1042 605 1085 leui
634 1042 756 1100 pacis
783 1041 934 1085 studio
958 1041 1192 1086 relaxaret.
1252 1042 1310 1086 In
1336 1057 1512 1086 summa
1540 1042 1720 1085 histrio-

234 1113 357 1155 niam
378 1112 657 1155 saltatoriam
679 1114 725 1155 et
752 1111 1010 1155 huiusmodi
1039 1111 1259 1155 lenocinia
1288 1127 1491 1158 exercere
1521 1111 1721 1156 leuitatis

236 1185 317 1226 aut
348 1181 648 1239 turpitudinis
688 1184 768 1224 est.
840 1181 930 1224 Sed
960 1181 1171 1225 delectari
1201 1182 1249 1224 in
1279 1181 1343 1225 eis
1373 1197 1492 1226 nunc
1524 1183 1582 1226 ad
1616 1182 1721 1233 otia,

236 1266 356 1296 nunc
386 1252 444 1295 ad
467 1251 642 1309 flagitia
661 1250 843 1295 accedit.
904 1251 954 1294 Si
982 1251 1101 1294 enim
1128 1252 1325 1296 modeste
1354 1253 1436 1296 fiat
1464 1252 1523 1295 ad
1553 1267 1721 1296 recrea·

238 1322 421 1372 tionem,
451 1321 535 1364 sub
565 1321 738 1364 otiandi
768 1321 950 1364 licentia
984 1324 1251 1375 excusatur3
1291 1322 1329 1365 si
1359 1322 1418 1365 ad
1448 1322 1722 1366 lasciuientis
1741 1337 1781 1374 15

239 1391 379 1435 animi
399 1391 692 1448 uoluptatem,
713 1390 835 1434 cadit
862 1390 910 1432 in
934 1390 1114 1434 crimen.
1175 1391 1300 1435 Haec
1329 1394 1482 1435 autem
1510 1391 1722 1436 facillime

238 1460 480 1519 distinguit
507 1460 591 1504 loci
622 1460 836 1518 temporis
865 1460 985 1503 modi
1015 1475 1229 1518 personae
1257 1463 1303 1504 et
1329 1476 1488 1505 causae
1517 1462 1723 1519 superius

239 1533 487 1574 memorata
525 1530 745 1582 discretio,
785 1544 919 1587 quam
969 1529 1087 1573 forte
1133 1530 1267 1574 nimis
1305 1531 1535 1575 reuoluere
1573 1534 1724 1589 posset

91 1601 175 1649 762
193 1610 225 1639 a
241 1602 398 1659 lingua
426 1600 667 1652 uerbosior‚
687 1600 765 1644 sed
794 1615 892 1644 eam
919 1615 1044 1644 mens
1071 1603 1204 1645 cauta
1230 1601 1461 1645 reuoluere
1487 1601 1622 1645 nimis
1642 1604 1723 1645 aut

240 1671 468 1716 continere
495 1685 587 1714 non
611 1673 769 1728 potest.
831 1670 954 1714 Haec
980 1672 1050 1714 est
1081 1670 1200 1714 enim
1230 1669 1332 1714 fons
1358 1673 1404 1714 et
1430 1671 1556 1730 origo
1581 1671 1723 1715 totius
1742 1688 1786 1714 ao

241 1740 497 1791 modestiae,
527 1740 622 1783 sine
652 1754 741 1797 qua
770 1739 908 1783 nichil
937 1742 1056 1784 recte
1085 1740 1133 1782 in
1163 1739 1318 1784 officiis
1347 1744 1591 1785 exercetur.
1650 1741 1724 1784 Ab

243 1810 327 1855 hac
347 1810 458 1854 alios
477 1809 567 1852 alia
586 1809 741 1853 decere
760 1809 834 1852 uel
855 1809 1064 1853 dedecere
1084 1812 1256 1853 certum
1277 1813 1357 1854 est.

360 1891 480 1934 Nam
511 1890 631 1948 quod
660 1893 794 1948 turpe
823 1890 953 1934 bonis
983 1890 1086 1935 Seio
1115 1890 1322 1949 Titioque
1352 1891 1526 1936 decebit

362 1949 633 2007 Crispinum.

244 2031 471 2088 Perspicui
491 2045 596 2089 ergo
611 2030 774 2074 erroris
794 2032 863 2074 est
881 2030 939 2074 ad
959 2030 1304 2075 fundamentum
1325 2031 1472 2076 famae
1492 2034 1539 2076 et
1557 2032 1725 2091 gloriae
1742 2041 1787 2080 ²5

243 2115 501 2145 consumere
529 2100 673 2143 uitam
700 2101 750 2143 in
776 2100 944 2144 talibus
976 2115 1090 2158 quae
1115 2103 1197 2145 aut
1222 2101 1391 2145 otiosae
1416 2102 1727 2159 occupationes

245 2174 353 2215 sunt
384 2174 466 2214 aut
503 2170 728 2228 flagitiosa
766 2171 957 2228 negotia.
1030 2170 1236 2215 Profecto
1269 2171 1332 2215 sic
1371 2171 1728 2229 delinquentium

245 2241 469 2299 particeps
492 2243 560 2284 est
580 2241 658 2298 qui
679 2255 832 2284 eorum
847 2240 1078 2284 lasciuiam
1094 2241 1288 2294 exhibet,
1304 2243 1351 2284 et
1373 2244 1529 2285 auctor
1547 2242 1730 2286 uidetur

246 2325 340 2355 esse
370 2310 578 2354 luxuriae
604 2310 776 2354 alienae
807 2310 884 2368 qui
912 2325 1010 2353 eam
1039 2311 1216 2354 mauult
1241 2311 1494 2368 sumptibus
1520 2313 1727 2370 prosequi

246 2379 320 2424 uel
340 2379 496 2423 fauore
515 2395 650 2437 quam
669 2380 876 2438 persequi
908 2380 1211 2437 increpatione
1238 2380 1442 2425 adhibita
1469 2384 1515 2425 et
1540 2382 1728 2440 sumpti-
1746 2393 1791 2428 30

246 2449 332 2493 bus
363 2450 605 2507 denegatis.
665 2450 898 2508 Siquidem
932 2450 1195 2494 Ambrosius
1225 2453 1383 2495 auctor
1416 2453 1485 2495 est
1515 2452 1623 2510 quia
1651 2451 1729 2510 qui

250 2522 690 2588 {cm
704 2540 813 2577 uates
830 2538 983 2577 celestis
997 2538 1047 2576 A¹

301 2625 345 2652 10
370 2616 540 2651 oltando:
565 2613 618 2651 sic
635 2626 770 2670 omnes
790 2614 947 2651 Ioannis
965 2613 1140 2661 codices;
1165 2617 1328 2662 aptando
1343 2614 1428 2652 Val.
1445 2615 1547 2671 Max:
1684 2626 1728 2662 17

250 2665 438 2709 superius:
462 2675 496 2698 v.
514 2674 629 2709 supra
644 2662 669 2699 i.
683 2674 706 2708 4
721 2663 806 2710 (396
820 2663 879 2709 D).
931 2673 976 2708 23
1002 2664 1100 2699 Nam
1115 2665 1210 2710 quod
1226 2665 1322 2700 etc.:
1349 2663 1427 2700 Iuv.
1439 2665 1516 2701 Sat.
1530 2663 1578 2701 iv.
1596 2674 1649 2711 13,
1665 2674 1727 2710 143

251 2711 302 2747 cf.
320 2722 435 2757 supra
450 2709 476 2748 i.
493 2721 516 2755 4
535 2711 619 2756 (397
630 2710 688 2755 A).
761 2712 843 2747 Seio
863 2711 1048 2760 Titioque:
1078 2711 1174 2748 Titio
1191 2712 1338 2758 Seioque
1355 2711 1436 2747 Iuv.
1510 2721 1552 2758 31
1580 2713 1730 2748 Ambro-

250 2760 348 2794 sius:
382 2757 509 2805 potius
532 2757 770 2805 Augustinus
793 2759 933 2795 Enarr.
958 2761 1000 2795 in
1023 2760 1082 2794 Pe.
1102 2760 1163 2795 cii.
1154 2757 1200 2841 ,ἓ
1224 2769 1266 2805 13
1294 2758 1442 2814 (Migne
1466 2760 1507 2796 P.
1524 2760 1569 2795 L.
1588 2758 1728 2796 xxxvii.

251 2805 482 2907 ξῆῗᾌεὲἓ).
486 2805 1011 2908 Grfifflfflzssffiffi
1027 2805 1730 2901 {sffliabffiss'tffibffluitalugff

252 2899 293 2936 ii.
310 2909 352 2936 21
374 2899 392 2946 ξ
417 2910 484 2947 109
502 2900 650 2948 (Migne
665 2902 708 2939 P.
724 2903 769 2938 L.
788 2900 861 2938 xvi.
884 2901 981 2948 133).

365 2954 430 2997 316
