1846 3262
153 212 253 245 cxv.
266 199 340 261 xi]
667 199 1113 246 POLICRATICVS

153 357 262 417 Cap.
286 372 349 402 11.
388 357 513 412 Quid
548 358 606 403 sit
645 373 751 403 uere
776 358 1091 416 philosopham:
1104 377 1123 409 ‚·
1166 361 1204 401 et
1240 357 1303 401 ad
1337 371 1470 414 quem
1492 356 1640 414 finem

406 429 623 473 omnium
642 429 992 486 scripturarum
1011 432 1175 485 ueryat
1195 427 1405 472 intentio.

212 518 310 562 Hoc
340 521 493 562 autem
533 533 691 562 reuera
729 519 1036 577 philosophari
1070 522 1149 570 est,
1178 521 1224 562 et
1259 518 1332 562 hie
1366 522 1434 562 est
1473 518 1643 562 multae

151 588 356 633 lectionis
407 589 750 633 iocundissimus
806 592 852 632 et
906 589 1226 633 saluberrimus
1277 588 1463 633 fructus.
1537 589 1644 647 Ipsa

113 676 133 710 5
151 659 372 717 siquidem
403 674 553 702 rerum
583 659 784 703 omnium
814 659 1015 702 continet
1054 659 1336 716 disciplinam
1367 663 1413 703 et
1443 660 1643 703 omnium

151 730 428 774 moderatrix
468 730 692 773 uniuersis
721 730 944 773 humanae
973 730 1096 773 uitae
1126 730 1302 773 actibus
1332 733 1378 773 et
1408 731 1558 774 uerbis
1598 734 1644 774 et

151 801 500 858 cogitationibus
538 800 721 844 modum
762 803 808 843 et
847 800 1062 843 terminos
1101 800 1199 857 ipsa
1238 801 1485 844 constituit.
1561 801 1644 844 Est

151 874 303 915 tamen
323 871 395 915 cui
416 886 497 914 nec
517 871 615 928 ipsa
635 871 765 913 nouit
784 870 1028 913 terminum
1048 871 1310 927 praefinire;
1341 875 1409 914 est
1429 872 1501 915 cui
1522 872 1570 914 in
1591 886 1642 915 eo

152 941 417 999 praescribit
443 941 626 984 modum
654 943 707 983 ut
733 955 823 983 non
848 940 1014 983 habeat
1040 940 1234 984 modum.
1298 941 1522 999 Quicquid
1546 942 1643 1000 agit

94 1029 136 1052 ιο
153 1017 234 1056 aut
263 1012 475 1069 loquitur,
506 1011 612 1054 illuc
642 1011 790 1054 tendit
820 1010 939 1067 quod
970 1010 1091 1067 apud
1122 1015 1241 1054 recte
1275 1011 1642 1069 philosophantes

1664 201 1743 240 661
1763 210 1793 239 a

152 1098 243 1126 non
263 1082 400 1126 habet
420 1082 682 1134 terminum3
712 1096 817 1124 nam
839 1083 885 1124 et
905 1081 1001 1124 eius
1021 1080 1277 1124 substantia
1297 1081 1344 1123 in
1366 1097 1417 1125 eo
1437 1083 1642 1126 consistit
1659 1091 1689 1129 b

152 1156 204 1196 ut
224 1153 337 1196 illud
357 1167 640 1210 nequaquam
660 1151 940 1195 terminetur.
1003 1151 1052 1194 Si
1078 1152 1198 1194 enim
1228 1152 1473 1195 secundum
1494 1152 1641 1197 Plato-

151 1238 254 1267 nem
274 1222 566 1281 philosophus
586 1225 761 1265 amator
781 1222 866 1265 Dei
887 1225 966 1273 est,
988 1222 1097 1279 quid
1127 1222 1251 1265 aliud
1272 1225 1340 1265 est
1360 1222 1643 1280 philosophia

152 1294 240 1337 nisi
261 1293 517 1337 diuinitatis
537 1294 692 1338 amor?
753 1293 851 1336 Hoc
873 1296 941 1336 est
961 1293 1119 1350 utique
1143 1292 1263 1350 quod
1287 1293 1522 1336 terminari
1552 1308 1642 1336 non

92 1382 134 1418 ¹5
152 1364 266 1415 uult,
295 1378 352 1407 ne
383 1367 428 1407 et
458 1363 568 1421 ipsa,
598 1363 718 1420 quod
747 1378 838 1406 non
868 1363 1063 1420 expedit,
1092 1363 1288 1408 finiatur.
1360 1363 1491 1417 Quod
1521 1364 1640 1407 enim

151 1435 321 1488 finitur,
335 1449 428 1478 esse
443 1434 627 1487 desinit3
657 1437 714 1485 et,
727 1434 765 1477 si
781 1449 907 1477 amor
922 1434 1008 1477 Dei
1025 1433 1320 1492 extinguitur,
1333 1433 1641 1492 philosophiae

150 1519 314 1548 nomen
353 1505 592 1548 euanescit.
666 1504 740 1547 Sic
786 1508 832 1547 et
871 1505 1105 1548 incarnata
1142 1504 1227 1547 Dei
1263 1504 1507 1562 Sapientia,
1540 1520 1642 1548 cum

150 1575 307 1619 multis
327 1575 602 1633 praescribat
620 1574 815 1625 modum,
836 1574 983 1618 Deum
1011 1574 1107 1618 sine
1132 1574 1264 1618 modo
1292 1575 1511 1633 praecipit
1541 1574 1641 1617 dili-

150 1645 372 1703 gendum3
401 1645 489 1688 nisi
511 1645 617 1702 quia
637 1644 817 1688 caritati
834 1644 992 1688 modus
1013 1645 1088 1687 ille
1109 1645 1431 1703 praescribitur
1451 1647 1503 1688 ut
1519 1645 1643 1690 Deus

92 1732 136 1756 20
152 1715 248 1759 sine
288 1716 482 1759 termino
521 1715 686 1758 amoris
726 1715 955 1773 diligatur.
1029 1714 1118 1768 Qui
1170 1715 1289 1758 enim
1337 1715 1425 1757 ait:
1468 1715 1641 1773 Diliges

151 1785 407 1844 proximum
438 1787 570 1828 tuum
603 1785 720 1828 sicut
753 1787 800 1828 te
830 1785 990 1843 ipsum,
1020 1785 1139 1829 idem
1170 1785 1425 1843 praemisit:
1466 1785 1640 1843 Diliges

150 1855 395 1899 Dominum
412 1855 558 1899 Deum
578 1859 709 1898 tuum
731 1871 788 1899 ex
808 1858 905 1899 toto
925 1855 1056 1899 corde
1076 1859 1168 1907 tuo,
1184 1871 1241 1899 ex
1261 1859 1360 1899 tota
1375 1856 1526 1899 anima
1545 1859 1638 1907 tua,

150 1941 208 1970 ex
222 1929 321 1970 tota
335 1929 485 1970 mente
500 1929 582 1969 tua
602 1929 648 1969 et
668 1941 726 1969 ex
741 1926 949 1970 omnibus
964 1925 1139 1969 uiribus
1154 1926 1257 1970 tuis.
1319 1926 1446 1969 Idem
1462 1941 1637 1984 quoque
1657 1942 1682 1971 c

150 1996 336 2040 adiecit:
367 1997 423 2039 In
443 1996 514 2039 his
539 1996 713 2040 duobus
736 1996 887 2040 uerbis
911 1997 1077 2054 pendet
1104 1999 1202 2040 tota
1222 1996 1296 2040 lex
1316 1999 1362 2040 et
1381 1997 1637 2054 prophetae.

91 2082 132 2116 ²5
152 2067 202 2111 Si
233 2082 339 2125 ergo
369 2067 520 2111 omnia
549 2082 662 2124 quae
692 2067 860 2124 scripta
883 2070 991 2110 sunt
1019 2067 1252 2124 prophetis
1282 2066 1564 2110 famulantur
1593 2071 1639 2110 et

150 2138 251 2196 legi,
271 2138 319 2180 id
339 2141 419 2189 est,
439 2137 477 2180 si
498 2138 642 2181 omnis
663 2138 867 2181 doctrina
886 2138 992 2181 illuc
1012 2137 1161 2180 tendit
1181 2140 1233 2180 ut
1253 2137 1386 2180 homo
1412 2137 1639 2181 subiectus

149 2208 210 2251 sit
249 2208 338 2264 legi
371 2207 468 2258 Dei,
503 2208 604 2264 quis
643 2208 834 2265 ambigit
872 2207 930 2250 ad
970 2222 1159 2265 regnum
1194 2207 1396 2251 caritatis
1427 2207 1639 2250 uniuersa

153 2306 198 2332 ιο
220 2296 545 2343 phylosophantes
563 2295 604 2331 M
792 2304 834 2340 13
860 2293 1121 2340 phylosophus
1139 2293 1180 2329 M
1324 2293 1579 2340 phylosophia
1597 2295 1637 2331 M

153 2345 198 2381 16
221 2343 499 2391 phylosophiae
518 2344 558 2379 M
708 2351 750 2387 17
777 2341 970 2389 sapientia
987 2342 1049 2378 dei
1067 2341 1214 2378 G²BSM
1370 2352 1412 2378 21
1440 2344 1549 2378 tuum
1566 2355 1634 2379 om.

150 2391 206 2428 CS
352 2403 398 2437 24
421 2391 496 2427 hiis
514 2392 539 2428 S
636 2391 721 2427 tota
737 2390 800 2426 lex
818 2390 961 2436 pendet
977 2390 1012 2425 A

198 2474 222 2509 4
245 2464 359 2509 Ipsa:
387 2475 436 2499 sc.
455 2461 669 2507 Sapientia.
816 2470 834 2508 5
862 2473 985 2497 rerum
1009 2463 1172 2497 omnium
1197 2462 1290 2498 etc.:
1317 2460 1364 2497 cf.
1389 2459 1476 2497 Sen.
1500 2463 1570 2508 Ep.
1592 2463 1637 2499 88

151 2510 170 2559 ξ
200 2522 258 2566 33,
276 2513 319 2557 85
349 2510 390 2556 §§
419 2521 475 2556 32,
501 2521 568 2556 33;
593 2508 844 2546 recentiorem
869 2511 999 2545 autem
1024 2509 1153 2546 nescio
1177 2520 1293 2554 quem
1317 2512 1523 2554 auctorem,
1550 2508 1638 2557 Sap.

149 2559 226 2596 vii1.
251 2569 264 2595 1
287 2559 415 2595 forsan
431 2558 745 2604 interpretatum,
764 2556 871 2602 sequi
887 2556 1036 2592 videtur
1052 2557 1225 2593 Ioannes.
1373 2567 1426 2599 12,
1450 2567 1491 2602 13
1517 2569 1639 2594 secun-

149 2609 239 2644 dum
254 2608 442 2642 Platonem
455 2609 548 2642 etc.:
576 2618 606 2642 v.
619 2604 718 2651 Aug.
733 2607 776 2640 de
797 2606 835 2641 G.
851 2606 897 2640 D.
913 2604 990 2641 viii.
1007 2613 1039 2651 5,
1052 2607 1084 2647 8,
1103 2616 1116 2641 1
1128 2615 1141 2640 1
1161 2617 1170 2650 ;
1198 2604 1244 2641 cf.
1259 2615 1374 2650 supra
1391 2616 1423 2641 c.
1442 2606 1463 2641 8
1483 2606 1567 2651 (652
1579 2608 1637 2650 Β).

154 2665 197 2700 14
221 2656 434 2691 diuinitatis
449 2666 575 2690 amor:
609 2654 658 2690 cf.
678 2652 815 2689 Boeth.
833 2655 875 2688 in
891 2654 1068 2698 Porphyr.
1087 2654 1188 2688 Dial.
1214 2652 1238 2688 i.
1261 2651 1408 2699 (Migne
1424 2654 1468 2689 P.
1484 2654 1528 2689 L.
1546 2653 1635 2690 lxiv.

153 2704 225 2745 11).
371 2713 427 2744 20,
448 2712 489 2738 21
520 2703 660 2747 Diliyes
682 2702 891 2747 proximum
915 2702 1013 2737 etc.:
1050 2700 1163 2738 Matt.
1184 2699 1275 2736 xxii,
1296 2710 1353 2746 39.
1515 2712 1570 2745 21,
1590 2713 1636 2738 22

149 2752 288 2796 Diliqes
314 2751 513 2786 Dominum
537 2751 634 2786 etc.:
676 2749 791 2785 Matt.
817 2747 909 2784 xxii.
937 2757 993 2794 37.
1137 2758 1183 2793 24
1212 2750 1261 2784 In
1288 2750 1348 2784 his
1370 2749 1510 2784 duobus
1535 2752 1634 2786 etc.:

150 2799 262 2835 Matt.
273 2798 362 2833 xxii.
377 2809 435 2843 40.
499 2799 642 2834 uerbis:
661 2799 850 2833 mandatis
858 2796 972 2842 Vulg.
1044 2798 1180 2841 pendet
1192 2802 1266 2832 tota
1284 2798 1364 2831 lex:
1382 2798 1559 2833 uniuersa
1576 2800 1638 2834 lea:

146 2849 279 2893 pendet
308 2846 447 2892 Vulg.;
486 2844 643 2882 Ioannis
675 2846 807 2881 tamen
833 2843 1037 2882 lectionem
1076 2843 1116 2879 in
1152 2844 1282 2881 codice
1320 2855 1397 2880 uno
1428 2847 1539 2890 (saec.
1566 2846 1635 2883 viii
1658 2863 1661 2867 >

149 2895 208 2932 vel
224 2895 264 2931 ix
281 2893 439 2942 scripto)
458 2896 607 2931 exstare
624 2894 819 2930 testantur
836 2891 1094 2930 Wordsworth
1109 2893 1142 2928 &
1161 2892 1294 2929 White
1311 2892 1361 2929 ad
1378 2891 1450 2929 loc.

1459 2958 1523 2993 ¹55
