<?xml version="1.0" encoding="UTF-8"?>
<!DOCTYPE html PUBLIC "-//W3C//DTD XHTML 1.0 Transitional//EN"
    "http://www.w3.org/TR/xhtml1/DTD/xhtml1-transitional.dtd">
<html xmlns="http://www.w3.org/1999/xhtml" xml:lang="en" lang="en">
 <head>
  <title>
</title>
<meta http-equiv="Content-Type" content="text/html;charset=utf-8" />
  <meta name='ocr-system' content='tesseract 3.04.00' />
  <meta name='ocr-capabilities' content='ocr_page ocr_carea ocr_par ocr_line ocrx_word'/>
</head>
<body>
  <div class='ocr_page' id='page_1' title='image "./ioannissaresberi02johnuoft_0051.png"; bbox 0 0 1846 3262; ppageno 0'>
   <div class='ocr_carea' id='block_1_1' title="bbox 139 247 1805 313">
    <p class='ocr_par' dir='ltr' id='par_1_1' title="bbox 139 247 1805 313">
     <span class='ocr_line' id='line_1_1' title="bbox 139 247 1805 313; baseline -0.005 -16"><span class='ocrx_word' id='word_1_1' title='bbox 139 263 243 298; x_wconf 66' lang='lat' dir='ltr'>cn.</span> <span class='ocrx_word' id='word_1_2' title='bbox 258 249 365 313; x_wconf 75' lang='lat' dir='ltr'>nv]</span> <span class='ocrx_word' id='word_1_3' title='bbox 674 249 1124 296; x_wconf 86' lang='lat' dir='ltr'>POLICRATICVS</span> <span class='ocrx_word' id='word_1_4' title='bbox 1662 249 1754 299; x_wconf 88' lang='lat'>609</span> <span class='ocrx_word' id='word_1_5' title='bbox 1774 247 1805 288; x_wconf 88' lang='lat' dir='ltr'>d</span> 
     </span>
    </p>
   </div>
   <div class='ocr_carea' id='block_1_2' title="bbox 102 373 1649 914">
    <p class='ocr_par' dir='ltr' id='par_1_2' title="bbox 102 373 1649 914">
     <span class='ocr_line' id='line_1_2' title="bbox 140 373 1644 433; baseline -0.003 -15"><span class='ocrx_word' id='word_1_6' title='bbox 140 374 330 433; x_wconf 84' lang='lat' dir='ltr'>Semper</span> <span class='ocrx_word' id='word_1_7' title='bbox 358 374 480 418; x_wconf 90' lang='lat' dir='ltr'>enim</span> <span class='ocrx_word' id='word_1_8' title='bbox 507 373 654 418; x_wconf 90' lang='lat' dir='ltr'>uincit</span> <span class='ocrx_word' id='word_1_9' title='bbox 681 373 877 426; x_wconf 84' lang='lat' dir='ltr'>luxuria,</span> <span class='ocrx_word' id='word_1_10' title='bbox 907 374 986 418; x_wconf 92' lang='lat' dir='ltr'>sed</span> <span class='ocrx_word' id='word_1_11' title='bbox 1016 389 1091 418; x_wconf 91' lang='lat' dir='ltr'>eos</span> <span class='ocrx_word' id='word_1_12' title='bbox 1121 373 1365 417; x_wconf 87' lang='lat' dir='ltr'>dumtaxat</span> <span class='ocrx_word' id='word_1_13' title='bbox 1395 386 1507 431; x_wconf 88' lang='lat' dir='ltr'>quos</span> <span class='ocrx_word' id='word_1_14' title='bbox 1538 374 1644 415; x_wconf 90' lang='lat' dir='ltr'>ante</span> 
     </span>
     <span class='ocr_line' id='line_1_3' title="bbox 140 442 1645 505; baseline -0.004 -15"><span class='ocrx_word' id='word_1_15' title='bbox 140 445 414 504; x_wconf 79' lang='lat' dir='ltr'>corrumpit3</span> <span class='ocrx_word' id='word_1_16' title='bbox 445 460 586 503; x_wconf 81' lang='lat' dir='ltr'>eoque</span> <span class='ocrx_word' id='word_1_17' title='bbox 610 444 857 489; x_wconf 75' lang='lat' dir='ltr'>studiosius</span> <span class='ocrx_word' id='word_1_18' title='bbox 877 445 1096 505; x_wconf 85' lang='lat' dir='ltr'>fugienda</span> <span class='ocrx_word' id='word_1_19' title='bbox 1119 448 1189 490; x_wconf 89' lang='lat' dir='ltr'>est</span> <span class='ocrx_word' id='word_1_20' title='bbox 1209 459 1299 503; x_wconf 92' lang='lat' dir='ltr'>quo</span> <span class='ocrx_word' id='word_1_21' title='bbox 1319 444 1368 486; x_wconf 93' lang='lat' dir='ltr'>in</span> <span class='ocrx_word' id='word_1_22' title='bbox 1389 442 1645 487; x_wconf 80' lang='lat' dir='ltr'>clientelam</span> 
     </span>
     <span class='ocr_line' id='line_1_4' title="bbox 139 515 1645 571; baseline -0.003 -10"><span class='ocrx_word' id='word_1_23' title='bbox 139 531 271 561; x_wconf 82' lang='lat' dir='ltr'>suam</span> <span class='ocrx_word' id='word_1_24' title='bbox 290 516 505 560; x_wconf 82' lang='lat' dir='ltr'>acerrime</span> <span class='ocrx_word' id='word_1_25' title='bbox 526 516 656 560; x_wconf 90' lang='lat' dir='ltr'>seuit.</span> <span class='ocrx_word' id='word_1_26' title='bbox 716 516 969 561; x_wconf 74' lang='lat' dir='ltr'>Antiochus</span> <span class='ocrx_word' id='word_1_27' title='bbox 997 520 1154 560; x_wconf 88' lang='lat' dir='ltr'>tantae</span> <span class='ocrx_word' id='word_1_28' title='bbox 1180 515 1389 559; x_wconf 83' lang='lat' dir='ltr'>luxuriae</span> <span class='ocrx_word' id='word_1_29' title='bbox 1418 517 1465 558; x_wconf 90' lang='lat' dir='ltr'>et</span> <span class='ocrx_word' id='word_1_30' title='bbox 1491 528 1645 571; x_wconf 91' lang='lat' dir='ltr'>super-</span> 
     </span>
     <span class='ocr_line' id='line_1_5' title="bbox 139 585 1647 646; baseline -0.002 -15"><span class='ocrx_word' id='word_1_31' title='bbox 139 587 336 631; x_wconf 89' lang='lat' dir='ltr'>fluitatis</span> <span class='ocrx_word' id='word_1_32' title='bbox 354 587 577 631; x_wconf 74' lang='lat' dir='ltr'>instruxit</span> <span class='ocrx_word' id='word_1_33' title='bbox 604 587 853 631; x_wconf 88' lang='lat' dir='ltr'>exercitum</span> <span class='ocrx_word' id='word_1_34' title='bbox 880 591 934 631; x_wconf 92' lang='lat' dir='ltr'>ut</span> <span class='ocrx_word' id='word_1_35' title='bbox 961 587 1099 632; x_wconf 88' lang='lat' dir='ltr'>etiam</span> <span class='ocrx_word' id='word_1_36' title='bbox 1123 586 1321 646; x_wconf 87' lang='lat' dir='ltr'>gregarii</span> <span class='ocrx_word' id='word_1_37' title='bbox 1346 585 1514 629; x_wconf 90' lang='lat' dir='ltr'>milites</span> <span class='ocrx_word' id='word_1_38' title='bbox 1534 599 1647 628; x_wconf 91' lang='lat' dir='ltr'>auro</span> 
     </span>
     <span class='ocr_line' id='line_1_6' title="bbox 102 657 1647 716; baseline -0.002 -14"><span class='ocrx_word' id='word_1_39' title='bbox 102 674 123 709; x_wconf 82' lang='lat'>5</span> <span class='ocrx_word' id='word_1_40' title='bbox 142 658 310 716; x_wconf 80' lang='lat' dir='ltr'>caligas</span> <span class='ocrx_word' id='word_1_41' title='bbox 332 657 553 702; x_wconf 70' lang='lat' dir='ltr'>&#39;facerent</span> <span class='ocrx_word' id='word_1_42' title='bbox 591 657 993 716; x_wconf 76' lang='lat' dir='ltr'>proculcarentque</span> <span class='ocrx_word' id='word_1_43' title='bbox 1036 658 1275 702; x_wconf 83' lang='lat' dir='ltr'>materiam</span> <span class='ocrx_word' id='word_1_44' title='bbox 1321 657 1451 702; x_wconf 87' lang='lat' dir='ltr'>cuius</span> <span class='ocrx_word' id='word_1_45' title='bbox 1495 670 1647 700; x_wconf 88' lang='lat' dir='ltr'>amore</span> 
     </span>
     <span class='ocr_line' id='line_1_7' title="bbox 141 728 561 788; baseline 0 -16"><span class='ocrx_word' id='word_1_46' title='bbox 141 728 299 788; x_wconf 89' lang='lat' dir='ltr'>populi</span> <span class='ocrx_word' id='word_1_47' title='bbox 329 728 561 772; x_wconf 88' lang='lat' dir='ltr'>dimicant.</span> 
     </span>
     <span class='ocr_line' id='line_1_8' title="bbox 203 797 1649 857; baseline -0.001 -14"><span class='ocrx_word' id='word_1_48' title='bbox 203 799 326 844; x_wconf 87' lang='lat' dir='ltr'>Gens</span> <span class='ocrx_word' id='word_1_49' title='bbox 362 814 540 857; x_wconf 91' lang='lat' dir='ltr'>quoque</span> <span class='ocrx_word' id='word_1_50' title='bbox 576 798 848 842; x_wconf 89' lang='lat' dir='ltr'>Parthorum</span> <span class='ocrx_word' id='word_1_51' title='bbox 880 799 1139 857; x_wconf 82' lang='lat' dir='ltr'>saepissime</span> <span class='ocrx_word' id='word_1_52' title='bbox 1171 803 1414 857; x_wconf 90' lang='lat' dir='ltr'>superatur</span> <span class='ocrx_word' id='word_1_53' title='bbox 1445 813 1497 842; x_wconf 90' lang='lat' dir='ltr'>eo</span> <span class='ocrx_word' id='word_1_54' title='bbox 1528 797 1649 856; x_wconf 91' lang='lat' dir='ltr'>quod</span> 
     </span>
     <span class='ocr_line' id='line_1_9' title="bbox 142 869 797 914; baseline -0.005 0"><span class='ocrx_word' id='word_1_55' title='bbox 142 869 505 914; x_wconf 87' lang='lat' dir='ltr'>luxuriosissima</span> <span class='ocrx_word' id='word_1_56' title='bbox 534 872 615 913; x_wconf 91' lang='lat' dir='ltr'>est.</span> <span class='ocrx_word' id='word_1_57' title='bbox 675 869 797 912; x_wconf 88' lang='lat' dir='ltr'>Nam</span> 
     </span>
    </p>
   </div>
   <div class='ocr_carea' id='block_1_3' title="bbox 86 956 1797 1074">
    <p class='ocr_par' dir='ltr' id='par_1_3' title="bbox 86 956 1797 1074">
     <span class='ocr_line' id='line_1_10' title="bbox 294 956 1460 1025; baseline -0.001 -24"><span class='ocrx_word' id='word_1_58' title='bbox 294 956 509 1025; x_wconf 86' lang='lat' dir='ltr'>quicquid</span> <span class='ocrx_word' id='word_1_59' title='bbox 539 956 598 1000; x_wconf 84' lang='lat' dir='ltr'>ad</span> <span class='ocrx_word' id='word_1_60' title='bbox 629 956 746 1000; x_wconf 87' lang='lat' dir='ltr'>Eoos</span> <span class='ocrx_word' id='word_1_61' title='bbox 775 959 950 1000; x_wconf 87' lang='lat' dir='ltr'>tractus</span> <span class='ocrx_word' id='word_1_62' title='bbox 979 956 1228 1014; x_wconf 86' lang='lat' dir='ltr'>mundique</span> <span class='ocrx_word' id='word_1_63' title='bbox 1258 960 1460 1016; x_wconf 91' lang='lat' dir='ltr'>teporem</span> 
     </span>
     <span class='ocr_line' id='line_1_11' title="bbox 86 1015 1797 1074; baseline 0 -14"><span class='ocrx_word' id='word_1_64' title='bbox 86 1029 130 1055; x_wconf 84' lang='lat'>10</span> <span class='ocrx_word' id='word_1_65' title='bbox 292 1016 448 1070; x_wconf 89' lang='lat' dir='ltr'>ibitur,</span> <span class='ocrx_word' id='word_1_66' title='bbox 479 1015 651 1060; x_wconf 86' lang='lat' dir='ltr'>emollit</span> <span class='ocrx_word' id='word_1_67' title='bbox 679 1019 838 1074; x_wconf 88' lang='lat' dir='ltr'>gentes</span> <span class='ocrx_word' id='word_1_68' title='bbox 868 1016 1107 1060; x_wconf 89' lang='lat' dir='ltr'>clementia</span> <span class='ocrx_word' id='word_1_69' title='bbox 1136 1016 1231 1060; x_wconf 90' lang='lat' dir='ltr'>celi.</span> <span class='ocrx_word' id='word_1_70' title='bbox 1666 1020 1744 1062; x_wconf 88' lang='lat'>610</span> <span class='ocrx_word' id='word_1_71' title='bbox 1764 1030 1797 1060; x_wconf 88' lang='lat' dir='ltr'>a</span> 
     </span>
    </p>
   </div>
   <div class='ocr_carea' id='block_1_4' title="bbox 87 1103 1702 2579">
    <p class='ocr_par' dir='ltr' id='par_1_4' title="bbox 87 1103 1702 2155">
     <span class='ocr_line' id='line_1_12' title="bbox 146 1103 1649 1162; baseline -0.001 -13"><span class='ocrx_word' id='word_1_72' title='bbox 146 1104 306 1150; x_wconf 87' lang='lat' dir='ltr'>Solent</span> <span class='ocrx_word' id='word_1_73' title='bbox 338 1119 431 1148; x_wconf 89' lang='lat' dir='ltr'>non</span> <span class='ocrx_word' id='word_1_74' title='bbox 461 1103 511 1146; x_wconf 91' lang='lat' dir='ltr'>in</span> <span class='ocrx_word' id='word_1_75' title='bbox 541 1103 636 1147; x_wconf 88' lang='lat' dir='ltr'>acie</span> <span class='ocrx_word' id='word_1_76' title='bbox 666 1103 870 1147; x_wconf 91' lang='lat' dir='ltr'>cominus</span> <span class='ocrx_word' id='word_1_77' title='bbox 899 1103 1112 1162; x_wconf 90' lang='lat' dir='ltr'>praeliari</span> <span class='ocrx_word' id='word_1_78' title='bbox 1145 1104 1236 1157; x_wconf 90' lang='lat' dir='ltr'>sed,</span> <span class='ocrx_word' id='word_1_79' title='bbox 1267 1104 1416 1162; x_wconf 90' lang='lat' dir='ltr'>quoad</span> <span class='ocrx_word' id='word_1_80' title='bbox 1448 1107 1649 1162; x_wconf 89' lang='lat' dir='ltr'>possunt,</span> 
     </span>
     <span class='ocr_line' id='line_1_13' title="bbox 145 1173 1651 1220; baseline -0.001 0"><span class='ocrx_word' id='word_1_81' title='bbox 145 1175 322 1220; x_wconf 87' lang='lat' dir='ltr'>hostem</span> <span class='ocrx_word' id='word_1_82' title='bbox 355 1174 531 1218; x_wconf 91' lang='lat' dir='ltr'>eminus</span> <span class='ocrx_word' id='word_1_83' title='bbox 566 1173 738 1218; x_wconf 90' lang='lat' dir='ltr'>ledunt.</span> <span class='ocrx_word' id='word_1_84' title='bbox 814 1173 1030 1218; x_wconf 87' lang='lat' dir='ltr'>Obsessas</span> <span class='ocrx_word' id='word_1_85' title='bbox 1061 1174 1197 1218; x_wconf 64' lang='lat' dir='ltr'>urbae</span> <span class='ocrx_word' id='word_1_86' title='bbox 1231 1189 1359 1218; x_wconf 89' lang='lat' dir='ltr'>mora</span> <span class='ocrx_word' id='word_1_87' title='bbox 1393 1178 1440 1218; x_wconf 89' lang='lat' dir='ltr'>et</span> <span class='ocrx_word' id='word_1_88' title='bbox 1474 1175 1651 1218; x_wconf 88' lang='lat' dir='ltr'>uiribus</span> 
     </span>
     <span class='ocr_line' id='line_1_14' title="bbox 145 1245 1652 1304; baseline -0.001 -13"><span class='ocrx_word' id='word_1_89' title='bbox 145 1245 355 1291; x_wconf 87' lang='lat' dir='ltr'>nesciunt</span> <span class='ocrx_word' id='word_1_90' title='bbox 373 1260 646 1304; x_wconf 87' lang='lat' dir='ltr'>expugnare.</span> <span class='ocrx_word' id='word_1_91' title='bbox 707 1245 921 1304; x_wconf 78' lang='lat' dir='ltr'>Pugnant</span> <span class='ocrx_word' id='word_1_92' title='bbox 946 1249 1101 1289; x_wconf 90' lang='lat' dir='ltr'>autem</span> <span class='ocrx_word' id='word_1_93' title='bbox 1127 1245 1497 1304; x_wconf 85' lang='lat' dir='ltr'>procurrentibus</span> <span class='ocrx_word' id='word_1_94' title='bbox 1524 1245 1652 1303; x_wconf 91' lang='lat' dir='ltr'>equis</span> 
     </span>
     <span class='ocr_line' id='line_1_15' title="bbox 146 1316 1650 1377; baseline -0.002 -15"><span class='ocrx_word' id='word_1_95' title='bbox 146 1321 229 1362; x_wconf 88' lang='lat' dir='ltr'>aut</span> <span class='ocrx_word' id='word_1_96' title='bbox 271 1320 402 1377; x_wconf 87' lang='lat' dir='ltr'>terga</span> <span class='ocrx_word' id='word_1_97' title='bbox 441 1316 669 1370; x_wconf 90' lang='lat' dir='ltr'>dantibus,</span> <span class='ocrx_word' id='word_1_98' title='bbox 709 1317 888 1375; x_wconf 89' lang='lat' dir='ltr'>saepius</span> <span class='ocrx_word' id='word_1_99' title='bbox 929 1317 1067 1360; x_wconf 88' lang='lat' dir='ltr'>etiam</span> <span class='ocrx_word' id='word_1_100' title='bbox 1114 1316 1434 1361; x_wconf 87' lang='lat' dir='ltr'>simulantibus</span> <span class='ocrx_word' id='word_1_101' title='bbox 1478 1316 1650 1374; x_wconf 81' lang='lat' dir='ltr'>fugam.</span> 
     </span>
     <span class='ocr_line' id='line_1_16' title="bbox 87 1387 1653 1448; baseline -0.003 -14"><span class='ocrx_word' id='word_1_102' title='bbox 87 1400 131 1436; x_wconf 82' lang='lat'>¹5</span> <span class='ocrx_word' id='word_1_103' title='bbox 149 1388 343 1448; x_wconf 86' lang='lat' dir='ltr'>Signum</span> <span class='ocrx_word' id='word_1_104' title='bbox 362 1388 435 1432; x_wconf 87' lang='lat' dir='ltr'>his</span> <span class='ocrx_word' id='word_1_105' title='bbox 455 1403 514 1432; x_wconf 88' lang='lat' dir='ltr'>ex</span> <span class='ocrx_word' id='word_1_106' title='bbox 542 1387 732 1446; x_wconf 88' lang='lat' dir='ltr'>antiquo</span> <span class='ocrx_word' id='word_1_107' title='bbox 759 1402 883 1431; x_wconf 92' lang='lat' dir='ltr'>more</span> <span class='ocrx_word' id='word_1_108' title='bbox 903 1402 995 1431; x_wconf 92' lang='lat' dir='ltr'>non</span> <span class='ocrx_word' id='word_1_109' title='bbox 1019 1388 1133 1432; x_wconf 85' lang='lat' dir='ltr'>tuba</span> <span class='ocrx_word' id='word_1_110' title='bbox 1158 1388 1239 1432; x_wconf 87' lang='lat' dir='ltr'>sed</span> <span class='ocrx_word' id='word_1_111' title='bbox 1266 1388 1471 1445; x_wconf 92' lang='lat' dir='ltr'>timpano</span> <span class='ocrx_word' id='word_1_112' title='bbox 1491 1387 1653 1439; x_wconf 88' lang='lat' dir='ltr'>datur;</span> 
     </span>
     <span class='ocr_line' id='line_1_17' title="bbox 147 1452 1654 1518; baseline -0.001 -14"><span class='ocrx_word' id='word_1_113' title='bbox 147 1474 230 1504; x_wconf 89' lang='lat' dir='ltr'>nec</span> <span class='ocrx_word' id='word_1_114' title='bbox 249 1474 454 1518; x_wconf 87' lang='lat' dir='ltr'>pugnare</span> <span class='ocrx_word' id='word_1_115' title='bbox 474 1459 555 1503; x_wconf 91' lang='lat' dir='ltr'>diu</span> <span class='ocrx_word' id='word_1_116' title='bbox 570 1462 770 1518; x_wconf 86' lang='lat' dir='ltr'>possunt,</span> <span class='ocrx_word' id='word_1_117' title='bbox 787 1459 895 1517; x_wconf 89' lang='lat' dir='ltr'>quia</span> <span class='ocrx_word' id='word_1_118' title='bbox 910 1459 1217 1503; x_wconf 85' lang='lat' dir='ltr'>intolerabiles</span> <span class='ocrx_word' id='word_1_119' title='bbox 1229 1462 1379 1503; x_wconf 89' lang='lat' dir='ltr'>essent</span> <span class='ocrx_word' id='word_1_120' title='bbox 1394 1459 1432 1503; x_wconf 91' lang='lat' dir='ltr'>si</span> <span class='ocrx_word' id='word_1_121' title='bbox 1454 1452 1654 1516; x_wconf 87' lang='lat' dir='ltr'>quantus</span> 
     </span>
     <span class='ocr_line' id='line_1_18' title="bbox 150 1529 1654 1588; baseline -0.001 -14"><span class='ocrx_word' id='word_1_122' title='bbox 150 1533 221 1575; x_wconf 88' lang='lat' dir='ltr'>est</span> <span class='ocrx_word' id='word_1_123' title='bbox 241 1545 396 1574; x_wconf 90' lang='lat' dir='ltr'>eorum</span> <span class='ocrx_word' id='word_1_124' title='bbox 412 1530 620 1588; x_wconf 86' lang='lat' dir='ltr'>impetus,</span> <span class='ocrx_word' id='word_1_125' title='bbox 635 1533 768 1574; x_wconf 88' lang='lat' dir='ltr'>tanta</span> <span class='ocrx_word' id='word_1_126' title='bbox 783 1533 900 1574; x_wconf 84' lang='lat' dir='ltr'>esset</span> <span class='ocrx_word' id='word_1_127' title='bbox 914 1530 1264 1588; x_wconf 87' lang='lat' dir='ltr'>perseuerantia.</span> <span class='ocrx_word' id='word_1_128' title='bbox 1310 1530 1492 1573; x_wconf 89' lang='lat' dir='ltr'>Natura</span> <span class='ocrx_word' id='word_1_129' title='bbox 1512 1529 1654 1580; x_wconf 89' lang='lat' dir='ltr'>taciti,</span> 
     </span>
     <span class='ocr_line' id='line_1_19' title="bbox 155 1600 1653 1659; baseline -0.002 -13"><span class='ocrx_word' id='word_1_130' title='bbox 155 1601 215 1646; x_wconf 89' lang='lat' dir='ltr'>ad</span> <span class='ocrx_word' id='word_1_131' title='bbox 245 1601 504 1646; x_wconf 84' lang='lat' dir='ltr'>faciendum</span> <span class='ocrx_word' id='word_1_132' title='bbox 537 1616 674 1659; x_wconf 90' lang='lat' dir='ltr'>quam</span> <span class='ocrx_word' id='word_1_133' title='bbox 706 1600 765 1644; x_wconf 88' lang='lat' dir='ltr'>ad</span> <span class='ocrx_word' id='word_1_134' title='bbox 801 1600 1041 1645; x_wconf 88' lang='lat' dir='ltr'>dicendum</span> <span class='ocrx_word' id='word_1_135' title='bbox 1080 1601 1393 1659; x_wconf 86' lang='lat' dir='ltr'>promptiores,</span> <span class='ocrx_word' id='word_1_136' title='bbox 1422 1600 1471 1644; x_wconf 90' lang='lat' dir='ltr'>in</span> <span class='ocrx_word' id='word_1_137' title='bbox 1501 1600 1653 1644; x_wconf 91' lang='lat' dir='ltr'>cibum</span> 
     </span>
     <span class='ocr_line' id='line_1_20' title="bbox 155 1671 1654 1732; baseline -0.002 -15"><span class='ocrx_word' id='word_1_138' title='bbox 155 1673 294 1732; x_wconf 80' lang='lat' dir='ltr'>parci,</span> <span class='ocrx_word' id='word_1_139' title='bbox 319 1673 431 1716; x_wconf 89' lang='lat' dir='ltr'>fides</span> <span class='ocrx_word' id='word_1_140' title='bbox 460 1672 571 1716; x_wconf 86' lang='lat' dir='ltr'>dicti</span> <span class='ocrx_word' id='word_1_141' title='bbox 597 1671 895 1730; x_wconf 87' lang='lat' dir='ltr'>promissique</span> <span class='ocrx_word' id='word_1_142' title='bbox 925 1671 1064 1724; x_wconf 91' lang='lat' dir='ltr'>nulla,</span> <span class='ocrx_word' id='word_1_143' title='bbox 1095 1671 1376 1730; x_wconf 90' lang='lat' dir='ltr'>principibus</span> <span class='ocrx_word' id='word_1_144' title='bbox 1408 1675 1534 1715; x_wconf 90' lang='lat' dir='ltr'>metu</span> <span class='ocrx_word' id='word_1_145' title='bbox 1561 1685 1654 1715; x_wconf 92' lang='lat' dir='ltr'>non</span> 
     </span>
     <span class='ocr_line' id='line_1_21' title="bbox 90 1741 1654 1803; baseline 0 -17"><span class='ocrx_word' id='word_1_146' title='bbox 90 1760 134 1786; x_wconf 73' lang='lat'>20</span> <span class='ocrx_word' id='word_1_147' title='bbox 151 1743 324 1803; x_wconf 89' lang='lat' dir='ltr'>pudore</span> <span class='ocrx_word' id='word_1_148' title='bbox 351 1743 427 1787; x_wconf 87' lang='lat' dir='ltr'>uel</span> <span class='ocrx_word' id='word_1_149' title='bbox 455 1743 674 1802; x_wconf 85' lang='lat' dir='ltr'>religione</span> <span class='ocrx_word' id='word_1_150' title='bbox 702 1745 878 1801; x_wconf 90' lang='lat' dir='ltr'>parent.</span> <span class='ocrx_word' id='word_1_151' title='bbox 939 1741 1226 1801; x_wconf 89' lang='lat' dir='ltr'>Principatus</span> <span class='ocrx_word' id='word_1_152' title='bbox 1254 1757 1364 1786; x_wconf 90' lang='lat' dir='ltr'>uero</span> <span class='ocrx_word' id='word_1_153' title='bbox 1395 1757 1528 1800; x_wconf 93' lang='lat' dir='ltr'>quem</span> <span class='ocrx_word' id='word_1_154' title='bbox 1559 1757 1654 1786; x_wconf 90' lang='lat' dir='ltr'>cor-</span> 
     </span>
     <span class='ocr_line' id='line_1_22' title="bbox 151 1813 1702 1873; baseline -0.002 -15"><span class='ocrx_word' id='word_1_155' title='bbox 151 1814 327 1873; x_wconf 88' lang='lat' dir='ltr'>rumpit</span> <span class='ocrx_word' id='word_1_156' title='bbox 366 1814 562 1865; x_wconf 91' lang='lat' dir='ltr'>luxuria,</span> <span class='ocrx_word' id='word_1_157' title='bbox 607 1813 687 1857; x_wconf 85' lang='lat' dir='ltr'>diu</span> <span class='ocrx_word' id='word_1_158' title='bbox 731 1818 852 1858; x_wconf 90' lang='lat' dir='ltr'>stare</span> <span class='ocrx_word' id='word_1_159' title='bbox 899 1828 992 1858; x_wconf 91' lang='lat' dir='ltr'>non</span> <span class='ocrx_word' id='word_1_160' title='bbox 1037 1816 1190 1872; x_wconf 86' lang='lat' dir='ltr'>potest</span> <span class='ocrx_word' id='word_1_161' title='bbox 1235 1817 1330 1865; x_wconf 84' lang='lat' dir='ltr'>aut,</span> <span class='ocrx_word' id='word_1_162' title='bbox 1377 1814 1416 1857; x_wconf 91' lang='lat' dir='ltr'>si</span> <span class='ocrx_word' id='word_1_163' title='bbox 1463 1813 1655 1865; x_wconf 90' lang='lat' dir='ltr'>steterit,</span> <span class='ocrx_word' id='word_1_164' title='bbox 1671 1814 1702 1853; x_wconf 89' lang='lat' dir='ltr'>b</span> 
     </span>
     <span class='ocr_line' id='line_1_23' title="bbox 151 1884 1655 1944; baseline -0.001 -15"><span class='ocrx_word' id='word_1_165' title='bbox 151 1885 435 1944; x_wconf 88' lang='lat' dir='ltr'>opprimente</span> <span class='ocrx_word' id='word_1_166' title='bbox 483 1884 651 1929; x_wconf 92' lang='lat' dir='ltr'>iudicio</span> <span class='ocrx_word' id='word_1_167' title='bbox 700 1884 787 1929; x_wconf 89' lang='lat' dir='ltr'>Dei</span> <span class='ocrx_word' id='word_1_168' title='bbox 837 1887 1017 1929; x_wconf 90' lang='lat' dir='ltr'>euomet</span> <span class='ocrx_word' id='word_1_169' title='bbox 1071 1884 1287 1943; x_wconf 88' lang='lat' dir='ltr'>quicquid</span> <span class='ocrx_word' id='word_1_170' title='bbox 1340 1884 1655 1928; x_wconf 87' lang='lat' dir='ltr'>immoderatio</span> 
     </span>
     <span class='ocr_line' id='line_1_24' title="bbox 151 1955 1655 2013; baseline -0.001 -14"><span class='ocrx_word' id='word_1_171' title='bbox 151 1955 361 2000; x_wconf 83' lang='lat' dir='ltr'>luxuriae</span> <span class='ocrx_word' id='word_1_172' title='bbox 399 1955 565 2000; x_wconf 89' lang='lat' dir='ltr'>hausit.</span> <span class='ocrx_word' id='word_1_173' title='bbox 644 1955 832 1999; x_wconf 87' lang='lat' dir='ltr'>Modum</span> <span class='ocrx_word' id='word_1_174' title='bbox 872 1955 1095 2013; x_wconf 87' lang='lat' dir='ltr'>siquidem</span> <span class='ocrx_word' id='word_1_175' title='bbox 1135 1955 1207 1999; x_wconf 85' lang='lat' dir='ltr'>sui</span> <span class='ocrx_word' id='word_1_176' title='bbox 1246 1955 1390 1999; x_wconf 88' lang='lat' dir='ltr'>nescit</span> <span class='ocrx_word' id='word_1_177' title='bbox 1429 1971 1510 1999; x_wconf 89' lang='lat' dir='ltr'>nec</span> <span class='ocrx_word' id='word_1_178' title='bbox 1548 1958 1655 1998; x_wconf 88' lang='lat' dir='ltr'>ante</span> 
     </span>
     <span class='ocr_line' id='line_1_25' title="bbox 151 2026 1655 2085; baseline -0.001 -15"><span class='ocrx_word' id='word_1_179' title='bbox 151 2026 550 2085; x_wconf 89' lang='lat' dir='ltr'>intemperantiam</span> <span class='ocrx_word' id='word_1_180' title='bbox 570 2026 779 2084; x_wconf 90' lang='lat' dir='ltr'>reprimit</span> <span class='ocrx_word' id='word_1_181' title='bbox 799 2041 936 2084; x_wconf 88' lang='lat' dir='ltr'>quam</span> <span class='ocrx_word' id='word_1_182' title='bbox 963 2042 1022 2070; x_wconf 90' lang='lat' dir='ltr'>ex</span> <span class='ocrx_word' id='word_1_183' title='bbox 1041 2026 1375 2085; x_wconf 86' lang='lat' dir='ltr'>indulgentiore</span> <span class='ocrx_word' id='word_1_184' title='bbox 1395 2026 1580 2071; x_wconf 89' lang='lat' dir='ltr'>licentia</span> <span class='ocrx_word' id='word_1_185' title='bbox 1606 2026 1655 2068; x_wconf 89' lang='lat' dir='ltr'>in</span> 
     </span>
     <span class='ocr_line' id='line_1_26' title="bbox 92 2096 1054 2155; baseline 0 -14"><span class='ocrx_word' id='word_1_186' title='bbox 92 2115 137 2152; x_wconf 78' lang='lat'>²⁵</span> <span class='ocrx_word' id='word_1_187' title='bbox 153 2100 405 2142; x_wconf 80' lang='lat' dir='ltr'>extremam</span> <span class='ocrx_word' id='word_1_188' title='bbox 424 2096 756 2155; x_wconf 89' lang='lat' dir='ltr'>turpitudinem</span> <span class='ocrx_word' id='word_1_189' title='bbox 777 2096 1054 2154; x_wconf 88' lang='lat' dir='ltr'>prolabatur.</span> 
     </span>
    </p>

    <p class='ocr_par' dir='ltr' id='par_1_5' title="bbox 152 2166 1658 2439">
     <span class='ocr_line' id='line_1_27' title="bbox 212 2166 1657 2226; baseline -0.002 -14"><span class='ocrx_word' id='word_1_190' title='bbox 212 2167 491 2212; x_wconf 75' lang='lat' dir='ltr'>Assiriorum</span> <span class='ocrx_word' id='word_1_191' title='bbox 537 2167 712 2211; x_wconf 88' lang='lat' dir='ltr'>discute</span> <span class='ocrx_word' id='word_1_192' title='bbox 758 2167 916 2226; x_wconf 86' lang='lat' dir='ltr'>plagas</span> <span class='ocrx_word' id='word_1_193' title='bbox 963 2171 1010 2212; x_wconf 91' lang='lat' dir='ltr'>et</span> <span class='ocrx_word' id='word_1_194' title='bbox 1055 2167 1350 2211; x_wconf 88' lang='lat' dir='ltr'>historiarum</span> <span class='ocrx_word' id='word_1_195' title='bbox 1396 2166 1657 2211; x_wconf 65' lang='lat' dir='ltr'>taetimonio</span> 
     </span>
     <span class='ocr_line' id='line_1_28' title="bbox 152 2238 1656 2296; baseline -0.002 -13"><span class='ocrx_word' id='word_1_196' title='bbox 152 2238 391 2284; x_wconf 86' lang='lat' dir='ltr'>conuinces</span> <span class='ocrx_word' id='word_1_197' title='bbox 430 2253 572 2296; x_wconf 90' lang='lat' dir='ltr'>regna</span> <span class='ocrx_word' id='word_1_198' title='bbox 610 2253 766 2282; x_wconf 88' lang='lat' dir='ltr'>eorum</span> <span class='ocrx_word' id='word_1_199' title='bbox 805 2238 1005 2296; x_wconf 90' lang='lat' dir='ltr'>impulsu</span> <span class='ocrx_word' id='word_1_200' title='bbox 1044 2238 1256 2282; x_wconf 88' lang='lat' dir='ltr'>luxuriae</span> <span class='ocrx_word' id='word_1_201' title='bbox 1295 2253 1391 2282; x_wconf 87' lang='lat' dir='ltr'>esse</span> <span class='ocrx_word' id='word_1_202' title='bbox 1427 2238 1656 2281; x_wconf 89' lang='lat' dir='ltr'>subuersa.</span> 
     </span>
     <span class='ocr_line' id='line_1_29' title="bbox 153 2308 1657 2367; baseline -0.003 -13"><span class='ocrx_word' id='word_1_203' title='bbox 153 2309 285 2354; x_wconf 87' lang='lat' dir='ltr'>Inter</span> <span class='ocrx_word' id='word_1_204' title='bbox 303 2312 454 2353; x_wconf 85' lang='lat' dir='ltr'>cetera</span> <span class='ocrx_word' id='word_1_205' title='bbox 477 2308 620 2352; x_wconf 86' lang='lat' dir='ltr'>refert</span> <span class='ocrx_word' id='word_1_206' title='bbox 646 2309 821 2367; x_wconf 86' lang='lat' dir='ltr'>Trogus</span> <span class='ocrx_word' id='word_1_207' title='bbox 848 2310 970 2367; x_wconf 90' lang='lat' dir='ltr'>quod</span> <span class='ocrx_word' id='word_1_208' title='bbox 996 2313 1251 2367; x_wconf 91' lang='lat' dir='ltr'>postremus</span> <span class='ocrx_word' id='word_1_209' title='bbox 1277 2324 1360 2352; x_wconf 89' lang='lat' dir='ltr'>rex</span> <span class='ocrx_word' id='word_1_210' title='bbox 1380 2308 1657 2351; x_wconf 87' lang='lat' dir='ltr'>Assiriorum</span> 
     </span>
     <span class='ocr_line' id='line_1_30' title="bbox 153 2378 1658 2439; baseline -0.001 -16"><span class='ocrx_word' id='word_1_211' title='bbox 153 2379 366 2439; x_wconf 88' lang='lat' dir='ltr'>regnauit</span> <span class='ocrx_word' id='word_1_212' title='bbox 395 2378 750 2438; x_wconf 85' lang='lat' dir='ltr'>Sardanapallus</span> <span class='ocrx_word' id='word_1_213' title='bbox 779 2380 854 2423; x_wconf 91' lang='lat' dir='ltr'>uir</span> <span class='ocrx_word' id='word_1_214' title='bbox 882 2379 1072 2424; x_wconf 89' lang='lat' dir='ltr'>muliere</span> <span class='ocrx_word' id='word_1_215' title='bbox 1104 2379 1370 2437; x_wconf 87' lang='lat' dir='ltr'>corruptior.</span> <span class='ocrx_word' id='word_1_216' title='bbox 1431 2379 1504 2422; x_wconf 90' lang='lat' dir='ltr'>Ad</span> <span class='ocrx_word' id='word_1_217' title='bbox 1535 2379 1658 2422; x_wconf 93' lang='lat' dir='ltr'>hunc</span> 
     </span>
    </p>

    <p class='ocr_par' dir='ltr' id='par_1_6' title="bbox 95 2449 1659 2579">
     <span class='ocr_line' id='line_1_31' title="bbox 95 2449 1657 2508; baseline 0 -16"><span class='ocrx_word' id='word_1_218' title='bbox 95 2468 138 2502; x_wconf 75' lang='lat'>30</span> <span class='ocrx_word' id='word_1_219' title='bbox 153 2450 403 2495; x_wconf 87' lang='lat' dir='ltr'>uidendum</span> <span class='ocrx_word' id='word_1_220' title='bbox 429 2450 567 2508; x_wconf 91' lang='lat' dir='ltr'>(quod</span> <span class='ocrx_word' id='word_1_221' title='bbox 593 2450 764 2493; x_wconf 91' lang='lat' dir='ltr'>nemini</span> <span class='ocrx_word' id='word_1_222' title='bbox 792 2453 899 2494; x_wconf 85' lang='lat' dir='ltr'>ante</span> <span class='ocrx_word' id='word_1_223' title='bbox 925 2465 1028 2493; x_wconf 89' lang='lat' dir='ltr'>eum</span> <span class='ocrx_word' id='word_1_224' title='bbox 1049 2450 1318 2508; x_wconf 88' lang='lat' dir='ltr'>permissum</span> <span class='ocrx_word' id='word_1_225' title='bbox 1339 2449 1508 2505; x_wconf 82' lang='lat' dir='ltr'>fuerat)</span> <span class='ocrx_word' id='word_1_226' title='bbox 1529 2464 1657 2507; x_wconf 89' lang='lat' dir='ltr'>prae·</span> 
     </span>
     <span class='ocr_line' id='line_1_32' title="bbox 154 2520 1659 2579; baseline -0.001 -15"><span class='ocrx_word' id='word_1_227' title='bbox 154 2520 315 2574; x_wconf 81' lang='lat' dir='ltr'>fectus,</span> <span class='ocrx_word' id='word_1_228' title='bbox 355 2535 458 2564; x_wconf 90' lang='lat' dir='ltr'>cum</span> <span class='ocrx_word' id='word_1_229' title='bbox 497 2520 681 2564; x_wconf 78' lang='lat' dir='ltr'>admitti</span> <span class='ocrx_word' id='word_1_230' title='bbox 721 2536 888 2579; x_wconf 88' lang='lat' dir='ltr'>magna</span> <span class='ocrx_word' id='word_1_231' title='bbox 927 2521 1174 2565; x_wconf 88' lang='lat' dir='ltr'>ambitione</span> <span class='ocrx_word' id='word_1_232' title='bbox 1221 2535 1327 2579; x_wconf 87' lang='lat' dir='ltr'>egre</span> <span class='ocrx_word' id='word_1_233' title='bbox 1374 2520 1659 2578; x_wconf 86' lang='lat' dir='ltr'>optinuisset,</span> 
     </span>
    </p>
   </div>
   <div class='ocr_carea' id='block_1_5' title="bbox 156 2647 1655 2749">
    <p class='ocr_par' dir='ltr' id='par_1_7' title="bbox 156 2647 1655 2749">
     <span class='ocr_line' id='line_1_33' title="bbox 157 2647 1655 2706; baseline -0.001 -17"><span class='ocrx_word' id='word_1_234' title='bbox 157 2662 180 2690; x_wconf 86' lang='lat'>2</span> <span class='ocrx_word' id='word_1_235' title='bbox 205 2650 299 2706; x_wconf 85' lang='lat' dir='ltr'>quo]</span> <span class='ocrx_word' id='word_1_236' title='bbox 317 2651 419 2698; x_wconf 86' lang='lat' dir='ltr'>quod</span> <span class='ocrx_word' id='word_1_237' title='bbox 437 2650 505 2687; x_wconf 79' lang='lat' dir='ltr'>SM</span> <span class='ocrx_word' id='word_1_238' title='bbox 631 2660 669 2686; x_wconf 93' lang='lat'>11</span> <span class='ocrx_word' id='word_1_239' title='bbox 697 2648 914 2686; x_wconf 78' lang='lat' dir='ltr'>comminus</span> <span class='ocrx_word' id='word_1_240' title='bbox 931 2648 957 2686; x_wconf 91' lang='lat' dir='ltr'>S</span> <span class='ocrx_word' id='word_1_241' title='bbox 1081 2659 1125 2695; x_wconf 91' lang='lat'>13</span> <span class='ocrx_word' id='word_1_242' title='bbox 1149 2648 1449 2697; x_wconf 68' lang='lat' dir='ltr'>procurentibus</span> <span class='ocrx_word' id='word_1_243' title='bbox 1465 2647 1491 2685; x_wconf 84' lang='lat' dir='ltr'>S</span> <span class='ocrx_word' id='word_1_244' title='bbox 1611 2649 1655 2687; x_wconf 87' lang='lat'>18</span> 
     </span>
     <span class='ocr_line' id='line_1_34' title="bbox 156 2697 973 2749; baseline -0.005 -11"><span class='ocrx_word' id='word_1_245' title='bbox 156 2699 387 2749; x_wconf 88' lang='lat' dir='ltr'>promtiores</span> <span class='ocrx_word' id='word_1_246' title='bbox 403 2699 438 2734; x_wconf 81' lang='lat' dir='ltr'>A</span> <span class='ocrx_word' id='word_1_247' title='bbox 580 2699 628 2735; x_wconf 84' lang='lat'>26</span> <span class='ocrx_word' id='word_1_248' title='bbox 651 2697 914 2745; x_wconf 76' lang='lat' dir='ltr'>hystoriamm</span> <span class='ocrx_word' id='word_1_249' title='bbox 931 2697 973 2734; x_wconf 81' lang='lat' dir='ltr'>M</span> 
     </span>
    </p>
   </div>
   <div class='ocr_carea' id='block_1_6' title="bbox 157 2807 1658 3004">
    <p class='ocr_par' dir='ltr' id='par_1_8' title="bbox 157 2807 1658 3004">
     <span class='ocr_line' id='line_1_35' title="bbox 207 2807 1656 2895; baseline -0.002 -47"><span class='ocrx_word' id='word_1_250' title='bbox 207 2823 229 2859; x_wconf 90' lang='lat'>3</span> <span class='ocrx_word' id='word_1_251' title='bbox 254 2812 461 2849; x_wconf 72' lang='lat' dir='ltr'>Antiochus</span> <span class='ocrx_word' id='word_1_252' title='bbox 475 2813 549 2848; x_wconf 87' lang='lat' dir='ltr'>etc.</span> <span class='ocrx_word' id='word_1_253' title='bbox 563 2824 573 2847; x_wconf 71' lang='grc' dir='ltr'>ε</span> <span class='ocrx_word' id='word_1_254' title='bbox 597 2823 629 2847; x_wconf 84' lang='lat' dir='ltr'>v.</span> <span class='ocrx_word' id='word_1_255' title='bbox 640 2809 784 2895; x_wconf 78' lang='lat' dir='ltr'>6I6ustin.</span> <span class='ocrx_word' id='word_1_256' title='bbox 802 2807 958 2845; x_wconf 82' lang='lat' dir='ltr'>xxxviii.</span> <span class='ocrx_word' id='word_1_257' title='bbox 979 2818 1024 2844; x_wconf 91' lang='lat'>10</span> <span class='ocrx_word' id='word_1_258' title='bbox 1042 2807 1060 2856; x_wconf 83' lang='lat'><strong>§</strong></span> <span class='ocrx_word' id='word_1_259' title='bbox 1081 2819 1114 2854; x_wconf 89' lang='lat'>3.</span> <span class='ocrx_word' id='word_1_260' title='bbox 1321 2818 1345 2854; x_wconf 92' lang='lat'>9</span> <span class='ocrx_word' id='word_1_261' title='bbox 1368 2809 1542 2856; x_wconf 70' lang='lat' dir='ltr'>quioquid</span> <span class='ocrx_word' id='word_1_262' title='bbox 1557 2809 1656 2846; x_wconf 80' lang='lat' dir='ltr'>etc.:</span> 
     </span>
     <span class='ocr_line' id='line_1_36' title="bbox 157 2856 1654 2944; baseline -0.003 -46"><span class='ocrx_word' id='word_1_263' title='bbox 157 2860 250 2899; x_wconf 85' lang='lat' dir='ltr'>Luc.</span> <span class='ocrx_word' id='word_1_264' title='bbox 267 2862 401 2897; x_wconf 69' lang='lat' dir='ltr'>Phara.</span> <span class='ocrx_word' id='word_1_265' title='bbox 418 2859 498 2896; x_wconf 85' lang='lat' dir='ltr'>viii.</span> <span class='ocrx_word' id='word_1_266' title='bbox 516 2860 688 2944; x_wconf 64' lang='grc' dir='ltr'>36ἱ,366</span> <span class='ocrx_word' id='word_1_267' title='bbox 848 2868 887 2894; x_wconf 92' lang='lat'>11</span> <span class='ocrx_word' id='word_1_268' title='bbox 916 2859 1041 2894; x_wconf 78' lang='lat' dir='ltr'>Solent</span> <span class='ocrx_word' id='word_1_269' title='bbox 1057 2859 1153 2895; x_wconf 62' lang='lat' dir='ltr'>eta:</span> <span class='ocrx_word' id='word_1_270' title='bbox 1179 2869 1214 2892; x_wconf 86' lang='lat' dir='ltr'>v.</span> <span class='ocrx_word' id='word_1_271' title='bbox 1233 2856 1368 2893; x_wconf 74' lang='lat' dir='ltr'>lustin.</span> <span class='ocrx_word' id='word_1_272' title='bbox 1381 2856 1452 2893; x_wconf 88' lang='lat' dir='ltr'>xli.</span> <span class='ocrx_word' id='word_1_273' title='bbox 1470 2867 1492 2893; x_wconf 91' lang='lat'>2</span> <span class='ocrx_word' id='word_1_274' title='bbox 1511 2856 1553 2904; x_wconf 80' lang='lat'>§§</span> <span class='ocrx_word' id='word_1_275' title='bbox 1574 2867 1607 2902; x_wconf 87' lang='lat'>7.</span> <span class='ocrx_word' id='word_1_276' title='bbox 1619 2858 1654 2894; x_wconf 92' lang='lat'>8.</span> 
     </span>
     <span class='ocr_line' id='line_1_37' title="bbox 161 2904 1658 2955; baseline -0.003 -8.94"><span class='ocrx_word' id='word_1_277' title='bbox 161 2919 206 2955; x_wconf 83' lang='lat'>17</span> <span class='ocrx_word' id='word_1_278' title='bbox 231 2911 380 2946; x_wconf 71' lang='lat' dir='ltr'>Natum</span> <span class='ocrx_word' id='word_1_279' title='bbox 396 2911 469 2946; x_wconf 87' lang='lat' dir='ltr'>etc.</span> <span class='ocrx_word' id='word_1_280' title='bbox 483 2921 493 2944; x_wconf 75' lang='grc' dir='ltr'><strong>ε</strong></span> <span class='ocrx_word' id='word_1_281' title='bbox 517 2921 541 2944; x_wconf 86' lang='lat' dir='ltr'>v</span> <span class='ocrx_word' id='word_1_282' title='bbox 588 2907 706 2944; x_wconf 80' lang='lat' dir='ltr'>nstin.</span> <span class='ocrx_word' id='word_1_283' title='bbox 725 2905 831 2953; x_wconf 84' lang='lat' dir='ltr'>xli.3</span> <span class='ocrx_word' id='word_1_284' title='bbox 851 2904 894 2953; x_wconf 61' lang='grc' dir='ltr'>ἕξ</span> <span class='ocrx_word' id='word_1_285' title='bbox 914 2907 1020 2943; x_wconf 86' lang='lat'>8-10.</span> <span class='ocrx_word' id='word_1_286' title='bbox 1129 2907 1188 2950; x_wconf 87' lang='lat'>28,</span> <span class='ocrx_word' id='word_1_287' title='bbox 1203 2915 1251 2951; x_wconf 86' lang='lat'>29</span> <span class='ocrx_word' id='word_1_288' title='bbox 1269 2911 1476 2952; x_wconf 64' lang='lat' dir='ltr'>postremus</span> <span class='ocrx_word' id='word_1_289' title='bbox 1487 2908 1658 2952; x_wconf 70' lang='lat' dir='ltr'>reynauie</span> 
     </span>
     <span class='ocr_line' id='line_1_38' title="bbox 159 2953 1250 3004; baseline -0.006 -8"><span class='ocrx_word' id='word_1_290' title='bbox 159 2960 262 2996; x_wconf 81' lang='lat' dir='ltr'>etc.:</span> <span class='ocrx_word' id='word_1_291' title='bbox 288 2956 424 2995; x_wconf 82' lang='lat' dir='ltr'>lustin.</span> <span class='ocrx_word' id='word_1_292' title='bbox 441 2956 469 2993; x_wconf 91' lang='lat' dir='ltr'>i.</span> <span class='ocrx_word' id='word_1_293' title='bbox 488 2967 510 3004; x_wconf 89' lang='lat'>3</span> <span class='ocrx_word' id='word_1_294' title='bbox 528 2956 571 3004; x_wconf 59' lang='grc' dir='ltr'>ἐξ</span> <span class='ocrx_word' id='word_1_295' title='bbox 594 2966 637 2994; x_wconf 88' lang='lat'>1-</span> <span class='ocrx_word' id='word_1_296' title='bbox 642 2965 673 3004; x_wconf 83' lang='lat'>5,</span> <span class='ocrx_word' id='word_1_297' title='bbox 692 2954 920 3002; x_wconf 82' lang='lat' dir='ltr'>quibusdam</span> <span class='ocrx_word' id='word_1_298' title='bbox 936 2956 1070 2991; x_wconf 86' lang='lat' dir='ltr'>tamen</span> <span class='ocrx_word' id='word_1_299' title='bbox 1086 2953 1250 2991; x_wconf 81' lang='lat' dir='ltr'>omissis.</span> 
     </span>
    </p>
   </div>
   <div class='ocr_carea' id='block_1_7' title="bbox 1505 3036 1549 3073">
    <p class='ocr_par' dir='ltr' id='par_1_9' title="bbox 1505 3036 1549 3073">
     <span class='ocr_line' id='line_1_39' title="bbox 1505 3036 1549 3073; baseline 0 -2"><span class='ocrx_word' id='word_1_300' title='bbox 1505 3036 1549 3073; x_wconf 75' lang='lat'>39</span> 
     </span>
    </p>
   </div>
  </div>
 </body>
</html>
