1846 3262
99 200 185 250 ⁷36
206 200 236 246 b
580 194 845 241 IOANNIS
886 193 1409 239 SARESBERIENSIS
1521 191 1632 254 [ΜΒ.
1649 203 1743 237 VIII

205 323 237 363 b
254 318 484 363 farciendo
505 333 639 376 quam
659 318 791 375 plura
812 316 1003 361 facimus
1030 331 1125 360 esse
1145 316 1352 360 Troiana.
1412 315 1542 359 Vnde
1563 315 1743 359 Marcus

253 391 399 434 Varro
433 390 481 432 in
511 389 626 432 libro
661 389 799 432 tertio
834 388 890 432 de
917 388 1233 446 Agricultura:
1265 387 1363 430 Hoc
1393 401 1569 444 quoque
1598 400 1744 444 nuper

252 461 515 504 institutum
536 462 605 503 est
629 459 826 518 saginari
848 462 894 502 et
914 459 1096 516 lepores,
1117 473 1219 502 cum
1248 460 1457 515 exceptos
1478 472 1502 501 e
1523 457 1744 516 leporario

252 531 479 589 quondam
503 531 551 573 in
579 531 728 574 caueis
755 533 802 574 et
829 530 924 573 loco
951 530 1102 573 clauso
1130 529 1294 572 faciam
1322 528 1524 586 pingues.
1587 528 1677 573 Sed
1697 531 1745 573 et

251 601 420 644 cocleas
440 601 575 643 luxus
596 601 742 644 effecit
758 600 998 658 saginatas.
1061 600 1184 643 Haec
1199 599 1357 643 Varro.
1415 599 1569 643 Nichil
1590 603 1743 643 autem
1761 605 1780 640 5

251 671 442 714 istorum
464 670 599 713 luxus
626 670 716 713 iam
747 670 885 713 habet
914 673 1069 713 notam
1097 669 1175 713 sed
1205 672 1274 713 est
1302 669 1538 713 ciuilitatis
1567 669 1743 728 insigne

252 741 465 800 quicquid
486 741 766 784 incentiuum
787 743 856 784 est
875 740 1018 799 gulae.

302 857 409 916 Cap.
434 858 472 903 8.
503 857 568 902 De
588 856 815 902 conuiuio
833 856 1155 914 philosophico,
1177 860 1217 900 et
1238 856 1360 914 quod
1378 855 1422 900 ei
1442 856 1570 900 civile
1590 869 1692 900 cofa-v

451 943 625 973 neoewm
644 931 704 972 est
720 947 739 980 ;
769 933 807 973 et
828 928 883 972 de
903 928 1216 985 sumptuariis
1236 927 1407 985 le9ibus
1426 927 1537 973 eius.

311 1012 354 1055 A
374 1011 497 1055 ciuili
519 1011 577 1054 ad
602 1011 959 1069 philosophicum
980 1013 1273 1062 transeamus,
1286 1011 1390 1055 licet
1410 1011 1481 1055 his
1497 1011 1575 1069 qui
1591 1026 1742 1055 rerum
1763 1030 1808 1057 ιο

251 1082 553 1126 substantiam
601 1082 900 1140 perspicacius
947 1081 1185 1125 intuentur
1231 1082 1551 1140 philosophicis
1590 1082 1743 1126 ciuilia

251 1153 495 1196 uideantur
545 1167 639 1195 esse
690 1167 904 1196 connexa.
981 1151 1214 1210 Siquidem
1263 1152 1547 1210 philosophia
1590 1168 1742 1196 rerum

251 1223 452 1266 omnium
473 1222 751 1265 moderatrix
771 1238 798 1266 a
818 1222 1040 1266 conuiuiis
1060 1237 1150 1266 non
1170 1225 1320 1280 potest
1343 1223 1497 1266 abesse
1520 1222 1744 1275 ciuilibus,

251 1309 354 1338 cum
381 1294 520 1337 nichil
546 1293 728 1337 omnino
760 1293 1004 1337 officiosum
1035 1294 1095 1337 sit
1125 1296 1207 1337 aut
1236 1293 1368 1337 ciuile
1401 1293 1520 1351 quod
1547 1308 1639 1337 non
1664 1293 1744 1338 illa

210 1387 238 1420 ο
253 1367 537 1422 praetractet.
599 1363 706 1421 Ipsa
725 1366 794 1407 est
815 1379 928 1421 quae
949 1364 1172 1407 uniuersis
1196 1364 1461 1421 praescribit
1481 1364 1664 1408 modum
1686 1367 1742 1416 et,
1762 1382 1803 1418 15

252 1435 361 1478 dum
382 1434 581 1492 disponit
605 1434 760 1486 officia,
781 1435 918 1478 etiam
948 1434 1133 1492 plebeiis
1161 1437 1207 1479 et
1233 1434 1498 1492 uulgaribus
1527 1435 1743 1480 interesse

252 1505 480 1563 dignatur.
542 1505 757 1562 Alioquin
778 1505 917 1548 nichil
937 1505 1062 1548 aliud
1086 1510 1205 1548 recte
1236 1506 1449 1562 procedit,
1468 1506 1556 1550 nisi
1578 1510 1624 1550 et
1644 1508 1744 1565 ipsa

252 1576 385 1619 rebus
405 1579 577 1618 asserat
597 1575 717 1632 quod
738 1575 887 1618 uerbis
903 1575 1042 1619 docet.
1104 1575 1224 1629 Quid
1246 1576 1365 1618 enim
1389 1576 1571 1634 prodest
1590 1578 1742 1622 uerbis
1791 1563 1794 1570 Ι

252 1645 463 1689 inanibus
483 1646 704 1689 uentilare
724 1646 772 1688 in
793 1645 923 1690 scolis
943 1645 1129 1689 uirtutis
1150 1645 1304 1698 officia,
1325 1646 1363 1690 si
1383 1662 1474 1690 non
1495 1648 1670 1694 actibus
1695 1653 1743 1694 et

251 1716 351 1763 uita
385 1716 666 1760 solidentur?
726 1716 953 1760 Dicuntur
986 1720 1139 1760 tamen
1179 1731 1273 1760 esse
1313 1717 1488 1775 plebeia
1527 1734 1642 1776 quae
1681 1720 1740 1764 ad
1760 1737 1804 1763 ιο

251 1786 518 1830 modestiam
557 1786 708 1830 minus
746 1787 964 1831 accedunt
999 1790 1056 1839 et,
1092 1788 1220 1845 quasi
1252 1788 1559 1847 philosophiae
1591 1791 1740 1836 soluta

251 1857 438 1915 legibus,
459 1858 517 1900 ab
542 1857 953 1915 indisciplinatione
981 1861 1062 1902 aut
1089 1859 1280 1902 esuriem
1305 1859 1530 1904 inuehunt
1549 1876 1577 1904 a
1597 1862 1740 1920 parci-

252 1930 349 1971 tate
369 1930 450 1971 aut
469 1943 497 1971 a
517 1928 630 1971 luxu
651 1931 697 1972 et
716 1929 938 1972 auiditate
958 1928 1168 1973 furorem.
1230 1930 1280 1973 Si
1301 1931 1422 1988 apud
1443 1930 1740 1977 Nasidienum

251 1998 470 2042 conuiuae
501 1999 784 2051 conueniant,
816 2000 1023 2044 sordidus
1057 2000 1263 2058 displicet
1295 2005 1551 2058 apparatus,
1583 2003 1741 2048 domus

251 2068 547 2126 incomposita
574 2070 787 2114 susurriis
814 2070 1104 2124 incrustatur,
1124 2071 1319 2114 auaritia
1343 2072 1466 2116 illius
1492 2073 1570 2131 qui
1600 2075 1740 2119 tricli-
1761 2087 1803 2123 25

255 2171 271 2198 1
301 2161 480 2199 faciendo
499 2161 539 2197 M
717 2164 739 2200 8
764 2161 1043 2210 phylosophico
1062 2163 1102 2199 M
1273 2166 1306 2208 8,
1325 2174 1348 2211 9
1372 2176 1588 2203 connexum
1605 2166 1675 2204 0¹8
1701 2169 1743 2204 in

250 2211 374 2246 indice
543 2221 566 2256 9
591 2210 638 2247 de
655 2223 724 2249 om.
741 2210 777 2246 A
906 2211 985 2248 eius
1002 2224 1070 2249 om.
1090 2210 1115 2247 S
1133 2213 1175 2248 in
1191 2213 1292 2249 rubr.
1310 2225 1388 2260 cap.
1399 2216 1523 2260 praef.
1699 2226 1745 2253 10

251 2257 575 2342 ghgggsophicum
594 2258 635 2295 M
831 2269 873 2297 12
899 2259 1046 2308 rerum]
1064 2271 1143 2298 esse
1159 2260 1194 2296 A
1391 2271 1433 2307 17
1458 2261 1582 2312 aliud]
1599 2262 1743 2301 alicubi

306 2387 336 2421 1,
357 2388 377 2413 2
408 2378 510 2413 Vnde
540 2379 693 2414 Marcus
723 2379 841 2415 Varro
867 2379 966 2415 etc.:
1004 2391 1036 2415 v.
1066 2378 1233 2416 Macrob.
1263 2380 1339 2417 Sat.
1366 2379 1423 2416 iii.
1456 2391 1498 2427 13
1529 2380 1570 2429 ἐξ
1602 2392 1658 2428 14,
1685 2391 1740 2430 15.

255 2436 278 2470 4
301 2427 506 2480 qaondam:
531 2425 588 2462 ita
605 2425 774 2463 Macrob.
798 2427 879 2463 cod.
905 2427 1134 2475 Bamberg.;
1164 2430 1321 2464 condant
1334 2428 1442 2466 Varr.
1459 2431 1503 2466 de
1518 2443 1557 2466 re
1574 2435 1665 2467 rust.
1685 2430 1740 2468 iii.

258 2484 302 2510 12
322 2475 340 2520 ᾖ
366 2482 398 2520 5.
469 2476 640 2520 faciam:
670 2474 728 2510 ita
746 2474 914 2512 Macrob.
934 2475 1044 2512 codd.
1060 2488 1068 2518 ;
1087 2478 1237 2522 faciant
1253 2476 1362 2512 Varr.
1514 2489 1558 2514 10
1581 2479 1616 2514 A
1634 2480 1742 2515 ciuili

255 2524 353 2558 etc.:
391 2534 425 2558 v.
452 2534 568 2569 supra
596 2533 629 2559 c.
647 2524 671 2559 6
703 2523 790 2570 (726
801 2527 859 2568 A).
1027 2534 1068 2560 12
1093 2537 1217 2560 rerum
1235 2526 1400 2561 omnium
1416 2527 1666 2563 moderatrix:
1692 2526 1743 2564 cf.

253 2568 357 2605 infra
375 2581 407 2606 c.
430 2581 474 2606 10
494 2571 577 2617 (743
591 2570 647 2616 Β).
783 2580 823 2618 15
849 2576 1089 2618 praetractet:
1117 2572 1198 2608 Hoc
1214 2572 1440 2610 vocabulum
1458 2585 1538 2610 non
1556 2574 1741 2613 exhibent

254 2617 559 2664 Lexicographi;
598 2624 797 2665 pertractet
836 2619 984 2656 habent
1024 2619 1108 2656 edd.
1141 2623 1298 2667 praeter
1337 2621 1553 2668 principem
1594 2634 1737 2661 omnes¹

255 2665 329 2702 Sed
356 2671 653 2712 praetractentur
683 2666 726 2703 in
760 2667 849 2704 Tac.
882 2669 1002 2704 Germ.
1035 2680 1067 2704 c.
1099 2679 1139 2705 11
1167 2668 1314 2706 habent
1340 2670 1487 2706 codices
1524 2670 1612 2715 duo,
1644 2683 1740 2717 quos

254 2716 406 2750 secutus
442 2717 499 2750 est
534 2727 567 2750 v.
582 2714 617 2751 d.
648 2714 732 2752 Car.
761 2715 901 2759 Halm3
942 2718 991 2759 et,
1016 2718 1061 2752 ut
1092 2716 1270 2763 suspicor,
1301 2717 1427 2754 dicere
1459 2718 1541 2755 vult
1574 2718 1739 2756 Ioannes

254 2761 541 2808 philosophiam
566 2775 688 2798 rerum
712 2766 877 2800 omnium
901 2766 1172 2800 moderatricem
1195 2765 1326 2801 omnia
1345 2764 1477 2802 civilia
1495 2766 1552 2803 ita
1573 2768 1740 2805 tractare

252 2811 296 2845 ut
310 2809 475 2846 scientia
491 2810 718 2858 principalis
731 2823 777 2848 ea
792 2813 939 2848 tractat
955 2824 1217 2859 qua-ecumque
1235 2813 1284 2849 ad
1301 2813 1481 2850 scientias
1497 2814 1740 2852 subalternas

253 2857 461 2902 pertinent.
645 2870 690 2905 23
715 2861 758 2896 Si
786 2862 889 2906 apud
918 2862 1162 2897 Nasidienum
1192 2863 1291 2898 etc.:
1329 2874 1359 2898 v.
1390 2862 1484 2899 Hor.
1517 2864 1595 2898 Sat.
1629 2861 1671 2899 ii.
1704 2864 1738 2900 8.

253 2915 297 2951 25
324 2907 527 2942 susurriis:
555 2905 616 2944 Sic
635 2906 786 2946 codices
803 2920 873 2956 pro
890 2910 1067 2946 susurm's.
1114 2909 1174 2945 Ad
1192 2909 1284 2946 Hor.
1301 2911 1377 2947 Sat.
1396 2909 1436 2947 ii.
1455 2911 1488 2947 8.
1506 2911 1552 2956 78
1568 2909 1738 2957 respicit.

365 2966 428 3004 272
