1846 3262
65 218 151 258 688
171 227 199 260 c
537 217 800 262 IOANNIS
843 216 1360 262 SARESBERIENSIS
1491 199 1690 278 [mma

273 341 396 385 Haec
447 341 626 399 quidem
673 339 809 383 seculi
851 339 1085 397 principes.
1159 339 1278 383 Nam
1322 340 1426 384 licet
1473 338 1693 384 Ecclesiae

213 412 415 456 doctores
441 413 549 455 haec
573 411 710 454 latius
736 412 1075 468 prosequantur,
1096 410 1306 467 quoniam
1327 410 1461 454 nimis
1481 410 1695 454 uidentur

216 483 370 535 ardua,
410 497 523 539 quae
573 481 785 525 dicuntur
830 480 888 523 ab
938 480 1047 538 ipsis
1095 480 1329 524 uilescunt.
1401 480 1568 537 Vtique
1617 478 1696 536 qui

216 553 290 596 uel
322 554 431 596 istos
462 567 553 596 non
583 551 726 604 audit,
748 551 890 595 cecior
919 554 987 594 est
1014 551 1185 608 Hipsea
1214 554 1260 594 et
1286 550 1495 594 Dulichio
1529 549 1698 607 remige

218 623 405 675 surdior,
437 626 483 666 et
523 623 600 681 qui
638 623 798 666 merito
838 621 1201 680 praecipitandus
1236 624 1316 673 est,
1348 623 1601 678 prostratus
1640 619 1698 662 ab
1717 635 1736 670 5

173 695 203 736 d
219 694 390 752 angelo,
418 709 550 751 quem
577 693 866 751 contempnit,
893 692 942 736 in
967 691 1196 736 infernum
1223 691 1492 734 inferiorem.
1537 689 1700 733 Nadab

220 768 266 808 et
293 764 414 807 Abiu
446 765 550 822 igne
579 779 661 807 suo
692 778 923 807 succensos
953 765 999 806 et
1029 765 1159 806 extra
1188 761 1526 806 tabernaculum
1561 759 1701 803 elatos

220 835 414 879 Domino
445 834 688 878 mandante
723 834 952 887 audieras3
994 833 1071 877 sed
1109 833 1158 876 hi
1189 832 1406 891 templum
1442 830 1624 874 Domini
1657 832 1703 873 et

220 908 376 949 sancta
410 908 665 949 sanctorum
696 905 852 962 Moyse
885 907 1176 962 repugnante,
1207 903 1254 946 id
1290 905 1358 946 est
1391 902 1489 960 lege
1520 900 1702 945 Domini

220 976 497 1036 prohibente,
546 975 758 1019 nituntur
805 975 1065 1032 irrumpere.
1148 973 1371 1017 Successit
1419 972 1483 1016 eis
1533 970 1704 1015 soboles
1724 984 1765 1009 10

221 1062 469 1098 numerosa,
502 1046 645 1104 replet
683 1046 851 1089 atrium
891 1045 1049 1089 domus
1089 1044 1283 1095 Domini,
1319 1044 1514 1087 alienum
1554 1042 1705 1100 ignem

222 1118 481 1162 accendunt.
546 1116 737 1160 Adolere
769 1116 907 1160 thura
941 1116 1153 1159 nituntur
1185 1114 1403 1173 prohibiti
1434 1116 1480 1157 et
1515 1112 1703 1157 Datani-

225 1192 375 1232 tarum
425 1191 472 1231 et
515 1187 855 1231 Abironitarum
900 1186 1111 1229 societate
1155 1187 1384 1229 contracta
1433 1184 1615 1226 irruunt
1658 1182 1707 1224 in

226 1259 426 1315 Moysen,
461 1257 711 1301 scindentes
751 1256 1005 1307 Ecclesiam,
1045 1256 1342 1299 sacerdotium
1381 1254 1708 1312 perturbantes,

226 1329 490 1373 seditionem
530 1327 745 1371 facientes
784 1327 832 1369 in
871 1326 1036 1384 populo
1067 1326 1155 1370 nisi
1187 1326 1246 1369 ad
1281 1324 1578 1369 sacerdotium
1609 1338 1707 1381 per·
1729 1340 1769 1374 15

226 1400 470 1442 mittantur
493 1398 711 1442 accedere.
772 1396 887 1442 Cum
909 1397 1028 1441 enim
1049 1397 1135 1440 sibi
1155 1395 1493 1440 conciliauerint
1512 1394 1709 1453 gratiam

228 1472 515 1528 potestatum,
539 1469 595 1512 de
621 1469 718 1512 iure
745 1471 898 1526 patere
925 1467 1011 1511 sibi
1039 1470 1243 1511 asserunt
1270 1467 1493 1516 uniuersa,
1513 1480 1564 1508 eo
1591 1463 1711 1522 quod

74 1547 162 1596 689
183 1557 213 1586 a
229 1540 434 1599 princeps
455 1540 525 1596 (ut
551 1539 725 1597 dicunt)
744 1538 919 1597 legibus
942 1553 1032 1581 non
1060 1537 1280 1581 subicitur
1305 1539 1351 1580 et
1378 1535 1497 1594 quod
1517 1533 1710 1593 principi

230 1611 377 1670 placet
408 1610 519 1667 legis
553 1609 690 1653 habet
721 1609 933 1667 uigorem.
994 1607 1110 1653 Cum
1147 1622 1253 1666 ergo
1286 1607 1482 1665 populus
1514 1606 1555 1649 ei
1587 1608 1634 1648 et
1663 1605 1712 1647 in

233 1696 335 1725 eum
347 1695 523 1724 omnem
536 1680 849 1724 auctoritatem
862 1694 988 1723 suam
1001 1678 1284 1730 contulerint,
1297 1678 1338 1721 ei
1351 1677 1533 1722 obuiare
1545 1676 1713 1721 crimen
1734 1691 1777 1716 πο

234 1750 482 1795 maiestatis
498 1753 566 1794 est
578 1753 624 1794 et
638 1750 878 1794 manifesta
893 1749 1125 1793 subuersio
1143 1748 1431 1807 principatus.
1483 1746 1716 1804 Siquidem

233 1821 455 1879 sacrilegii
474 1821 618 1864 instar
638 1823 706 1865 est
725 1820 932 1864 dubitare
953 1835 1013 1863 an
1032 1820 1071 1863 is
1091 1820 1255 1878 dignus
1275 1819 1335 1863 sit
1355 1833 1490 1877 quem
1509 1818 1715 1876 princeps

236 1892 443 1951 elegerit3
487 1906 568 1934 nec
603 1891 872 1934 temeritatis
905 1890 1063 1949 effugit
1096 1893 1263 1943 notam,
1299 1892 1345 1933 et
1383 1889 1496 1932 bene
1530 1902 1631 1932 cum
1666 1901 1718 1931 eo

235 1963 388 2022 agitur
414 1962 452 2006 si
479 1962 553 2006 uel
579 1976 752 2019 penam,
774 1961 975 2020 quisquis
1000 1975 1057 2004 ex
1087 1974 1365 2019 quacumque
1396 1973 1530 2003 causa
1559 1958 1718 2002 uolun-

237 2037 377 2078 tatem
418 2033 632 2091 principis
679 2047 895 2077 euacuare
934 2035 1078 2091 parat.
1158 2031 1320 2075 Nullas
1366 2030 1486 2089 leges
1532 2029 1720 2073 credunt
1742 2050 1784 2086 ²5

238 2177 262 2214 6
288 2175 506 2214 contemnit
522 2175 584 2212 CB
733 2184 788 2219 12,
811 2185 853 2221 13
878 2172 1167 2211 dathanitarum
1183 2172 1224 2209 M
1370 2181 1413 2218 13
1431 2169 1724 2218 abyronitarum

241 2225 282 2262 M
403 2236 451 2262 20
475 2223 721 2261 contulerunt
739 2222 782 2261 0¹

291 2382 315 2417 4
341 2373 480 2408 caecior
496 2376 548 2407 est
563 2372 729 2417 Hipsea:
756 2381 790 2406 v.
808 2368 902 2405 Hor.
920 2369 995 2404 Sat.
1014 2366 1040 2403 i.
1059 2377 1091 2403 2.
1112 2375 1170 2413 91.
1379 2365 1552 2401 Dulichio
1568 2366 1724 2410 remiye:

242 2419 267 2456 i.
282 2431 314 2457 e.
340 2419 476 2462 Vlixe;
501 2419 549 2455 cf.
574 2430 691 2465 supra
714 2418 862 2454 Enthet.
882 2418 931 2453 ad
956 2417 1084 2451 Polior.
1103 2416 1114 2454 <
1119 2416 1188 2460 383
1199 2412 1238 2458 c)
1256 2413 1307 2449 Et
1331 2414 1379 2449 sit
1398 2413 1570 2449 Dulichio
1593 2413 1728 2458 remiye

242 2470 358 2504 surda
374 2469 501 2514 mayis.
584 2468 608 2503 6
632 2467 882 2513 anye10‚quem
898 2464 1140 2510 contempnit:
1164 2473 1196 2498 v.
1207 2472 1323 2509 supra
1338 2462 1409 2498 686
1419 2470 1461 2498 A.
1539 2462 1730 2506 infernum

245 2520 287 2553 in
307 2518 480 2552 eriorem:
518 2528 551 2551 v.
574 2514 633 2551 Ps.
658 2514 783 2550 lxxxv.
807 2523 862 2559 13.
975 2511 1107 2548 Nadab
1133 2511 1232 2547 etc.:
1259 2509 1350 2546 Lev.
1375 2520 1411 2544 x.
1440 2519 1455 2545 1
1482 2519 1584 2554 seqq.
1685 2518 1724 2545 11

245 2566 384 2600 atrium
393 2566 521 2601 domus
532 2564 706 2600 Domini:
732 2561 775 2598 in
790 2559 925 2597 Ezech.
938 2559 1016 2596 viii.
1035 2560 1078 2596 16
1091 2560 1131 2596 et
1145 2569 1257 2604 saepe
1270 2557 1312 2593 in
1323 2557 1460 2594 Vetere
1473 2556 1729 2593 Testamento.

250 2623 305 2658 12,
337 2623 379 2658 13
404 2613 669 2648 Datanitarum
693 2615 727 2647 et
754 2610 1055 2646 Abii-unitarum:
1082 2618 1116 2643 v.
1145 2606 1256 2643 Num.
1285 2604 1358 2641 xvi.
1389 2615 1404 2641 1
1433 2616 1539 2650 seqq.
1686 2604 1729 2640 18

241 2663 417 2707 princeps
433 2662 530 2698 eta:
558 2672 590 2696 v.
606 2661 692 2705 Diq.
708 2658 733 2695 i.
753 2668 774 2703 3
793 2657 811 2705 ξ
832 2668 890 2703 31.
1057 2656 1153 2704 quod
1163 2655 1331 2701 principi
1347 2654 1440 2690 etc.:
1468 2654 1553 2698 Diq.
1572 2650 1598 2688 i.
1615 2662 1638 2696 4
1656 2650 1675 2699 §
1699 2661 1730 2689 1.

249 2719 290 2745 21
320 2710 506 2755 Siquidem
531 2710 625 2744 etc.:
650 2720 683 2744 v.
709 2706 798 2743 God.
824 2705 917 2741 Iust.
947 2703 999 2740 ix.
1028 2713 1074 2749 29
1105 2702 1124 2750 ξ
1154 2713 1187 2749 3.
1418 2711 1464 2746 24
1484 2712 1642 2746 penam:
1678 2710 1731 2736 sc.

248 2756 395 2804 cffugit.
558 2764 602 2802 25
628 2756 761 2792 Nullas
778 2755 869 2800 loyes
887 2754 981 2789 etc.:
1007 2750 1148 2788 Contra
1164 2762 1189 2786 a
1203 2748 1298 2786 iuris
1315 2747 1492 2786 canonici
1508 2746 1731 2784 auctoribus

249 2803 432 2841 asseritur
455 2803 532 2840 iuri
551 2802 721 2840 naturali
745 2802 850 2849 leges
866 2802 904 2837 et
923 2798 1231 2842 constitutiones,
1249 2795 1585 2834 constitutionibus
1601 2796 1731 2831 autem

250 2851 516 2935 ecclesiaslticis
543 2849 836 2888 constitutiones
863 2847 1085 2896 principum
1118 2844 1400 2894 postponendas
1428 2855 1532 2887 sssez
1564 2855 1596 2880 v.
1623 2842 1732 2880 Grat.

251 2902 389 2936 Decret.
437 2927 445 2935 .
470 2900 521 2941 ix,
548 2912 585 2937 x.

367 2972 429 3005 186
