1846 3262
76 213 155 254 725
174 215 205 244 a
536 199 800 246 IOANNIS
843 200 1361 247 SARESBERIENSIS
1481 200 1594 263 [1,113.
1610 211 1704 246 vm

219 338 305 381 que
326 325 559 381 expugnat
586 325 631 365 et
658 325 811 365 tamen
836 322 884 364 in
914 321 1075 365 sacello
1099 322 1347 380 uoluptatis
1368 323 1545 366 nemine
1566 323 1702 367 recla-

169 400 198 439 b
218 397 370 437 mante
405 393 692 436 conueniunt.
767 392 816 435 Si
854 392 1030 435 Bachus
1064 392 1324 450 optinuerit,
1358 392 1578 436 Venerem
1612 408 1703 436 non

217 465 498 521 uoluptatem
520 462 759 520 extinguit.
820 462 916 506 Aut
942 463 1069 505 nulla
1099 463 1291 506 ebrietas
1317 466 1397 506 aut
1420 466 1551 506 tanta
1571 463 1631 507 sit
1651 466 1704 507 ut

216 534 301 577 tibi
323 534 443 576 uires
465 533 653 590 eripiat3
683 533 721 576 si
744 547 832 590 qua
856 535 925 576 est
949 533 1069 576 inter
1094 536 1344 591 utramque,
1365 537 1507 577 nocet.
1569 533 1702 577 Vtro-

215 604 348 661 bique
378 619 406 646 a
427 604 523 646 Deo
547 603 782 654 receditur,
802 604 879 646 sed
908 618 997 660 qua
1026 603 1170 661 magis
1200 604 1434 647 aberretur
1453 618 1543 647 non
1572 603 1703 647 facile
1722 624 1742 659 5

215 674 408 717 dixerim
426 689 435 727 ;
466 674 544 717 sed
560 674 650 716 iam
667 674 860 717 alterum
882 675 1045 717 erroris
1066 674 1246 718 nomine
1260 689 1350 717 non
1366 677 1584 726 censetur,
1597 674 1704 731 quia

215 744 435 788 auaritiae
467 744 679 802 propellit
709 747 863 787 notam
895 747 941 787 et
973 745 1192 802 ingenuae
1223 744 1509 788 liberalitatis
1539 745 1704 788 habere

213 815 398 858 uidetur
425 815 680 872 imaginem.
754 814 869 859 Cum
901 815 1021 858 enim
1054 814 1340 858 liberalitatis
1371 815 1554 859 effectus
1583 829 1703 859 1111110

213 901 241 929 a
262 885 368 937 loco,
389 900 511 929 nunc
531 900 558 928 a
579 887 791 942 tempore,
812 900 932 929 nunc
954 901 981 928 a
1002 886 1271 943 quantitate,
1293 901 1412 929 nunc
1433 901 1460 928 a
1490 884 1702 943 personis,

212 971 333 999 nunc
353 956 411 998 ab
431 970 516 999 usu
538 958 584 999 et
605 955 870 999 assiduitate
886 956 1121 1000 exercendi
1137 956 1358 1007 laudetur,
1372 956 1450 999 illa
1465 956 1702 1014 praecipue
1722 974 1765 999 10

212 1026 578 1070 commendabilis
617 1027 817 1071 creditur
849 1042 963 1084 quae
993 1027 1042 1070 in
1078 1027 1303 1070 alimentis
1339 1030 1385 1071 et
1420 1027 1508 1070 hiis
1539 1026 1703 1084 quibus

213 1101 379 1140 natura
419 1097 593 1155 indiget
629 1100 709 1141 aut
747 1097 846 1141 uita
881 1098 1028 1141 ciuilis
1063 1101 1252 1142 ornatur
1284 1098 1449 1142 clarius
1484 1097 1702 1141 enitescit.

214 1168 334 1225 Ergo
362 1168 439 1225 qui
464 1183 617 1211 omnes
645 1168 850 1212 admittit
878 1168 935 1211 ad
962 1184 1174 1220 mensam,
1203 1169 1511 1213 exactissimae
1541 1167 1702 1211 libera-

213 1238 358 1282 litatis
386 1241 480 1291 est3
510 1239 643 1296 plane
674 1239 865 1295 quidem,
898 1254 1037 1296 eoque
1067 1239 1295 1282 liberalior
1324 1254 1412 1297 quo
1442 1239 1594 1296 plures
1623 1238 1700 1282 ad—

171 1322 195 1351 c
214 1309 358 1352 mittit
372 1323 381 1361 ;
427 1308 505 1352 sed
532 1309 615 1352 hoc
642 1309 811 1352 calculo
835 1310 1092 1367 paucissimi
1116 1310 1401 1367 colliguntur.
1463 1309 1700 1352 Proximus
1720 1329 1760 1365 15

213 1383 282 1422 est
312 1379 402 1436 qui,
433 1379 517 1423 etsi
547 1394 638 1422 non
669 1394 822 1423 omnes
858 1380 1085 1431 admittat,
1115 1395 1189 1424 eos
1220 1395 1330 1437 quos
1361 1380 1608 1423 introducit
1637 1379 1700 1423 sic

212 1449 344 1500 cibat,
367 1449 429 1492 sic
449 1451 590 1507 potat,
616 1449 678 1492 sic
700 1449 748 1491 in
768 1450 979 1493 tricliniis
1000 1450 1133 1494 fulcit
1163 1453 1208 1493 et
1232 1450 1350 1494 locat
1370 1450 1701 1494 discumbentes

212 1520 261 1562 111
282 1519 508 1571 sedilibus,
529 1522 583 1563 ut
603 1519 742 1563 nichil
762 1520 836 1563 uel
857 1521 1103 1579 excogitari
1132 1521 1303 1564 lautius
1330 1521 1483 1578 possit.
1545 1520 1699 1564 Multi-

212 1589 440 1647 plicantur
460 1589 642 1642 fercula,
663 1590 752 1634 cibi
773 1591 850 1634 alii
878 1591 980 1634 aliis
1009 1591 1274 1642 farciuntur,
1296 1591 1570 1635 condiuntur
1589 1591 1699 1635 haec

212 1660 303 1703 illis
323 1663 369 1704 et
389 1661 438 1703 111
457 1660 670 1703 iniuriam
694 1663 885 1704 naturae
912 1661 1120 1705 innatum
1147 1661 1398 1719 relinquere
1428 1664 1474 1705 et
1501 1661 1698 1705 alienum
1719 1679 1762 1704 πο

212 1733 437 1788 coguntur
491 1731 650 1774 afferre
705 1745 919 1788 saporem,
966 1731 1265 1775 conficiuntur
1319 1734 1366 1775 et
1417 1732 1699 1776 salsamenta.

213 1800 332 1843 Garo
352 1800 491 1844 nichil
516 1800 652 1844 uilius
683 1804 762 1854 est,
783 1801 871 1844 nisi
902 1801 1199 1859 complurium
1225 1801 1490 1860 polliceatur
1517 1802 1701 1847 effectus

212 1874 259 1914 et
288 1870 455 1914 indicia
484 1871 745 1928 specierum.
807 1872 1049 1930 Egregium
1083 1875 1236 1915 tamen
1266 1876 1335 1916 est
1364 1873 1412 1915 in
1442 1873 1700 1916 huiusmodi

212 1941 332 1998 quod
371 1941 521 1984 mimis
553 1944 599 1984 et
634 1941 931 1986 histrionibus
966 1945 1012 1986 et
1047 1943 1335 2000 rumigerulis
1375 1943 1545 2001 placet;
1589 1944 1699 1989 haec

210 2011 330 2054 enim
369 2026 460 2054 non
500 2011 558 2054 ad
598 2011 838 2055 ueritatem
879 2012 957 2056 sed
997 2013 1055 2056 ad
1095 2013 1349 2071 opinionem
1389 2013 1541 2057 omnia
1568 2015 1697 2059 fiunt.
1717 2029 1759 2065 ²5

211 2079 430 2125 Cocorum
455 2082 709 2125 sollicitudo
734 2081 895 2136 feruet,
927 2086 1025 2127 arte
1051 2084 1291 2142 multiplici
1320 2084 1564 2128 eliciuntur
1586 2084 1698 2137 iura,

211 2152 320 2209 quid
348 2167 437 2210 quo
468 2152 540 2196 die
567 2153 663 2210 geri
692 2155 898 2210 oporteat
929 2156 975 2197 et
1005 2154 1244 2198 cotidianis
1271 2154 1519 2198 ministrari
1547 2155 1698 2200 0011111-

163 2226 193 2266 (1
211 2222 299 2266 uiis
320 2222 589 2267 domesticus
610 2222 804 2267 dictator
824 2227 954 2268 nocte
973 2224 1135 2282 dieque
1155 2224 1385 2268 deliberat.
1446 2225 1698 2270 Vndecum·

212 2307 299 2349 que
319 2293 545 2350 conquirit
565 2293 850 2337 irritamenta
869 2295 1002 2353 gulae
1023 2298 1069 2339 et
1088 2295 1208 2339 unde
1228 2295 1370 2353 palati
1391 2295 1511 2339 uires
1531 2296 1700 2340 excitet

211 2363 424 2415 hebetati,
445 2363 583 2407 nichil
604 2363 830 2408 arbitrans
861 2365 1134 2423 expeditum,
1154 2365 1243 2409 nisi
1267 2381 1370 2410 cum
1397 2366 1697 2424 intemperan-
1716 2385 1760 2421 30

207 2486 230 2522 6
257 2487 458 2522 censenter
475 2483 521 2522 0¹
645 2487 666 2522 8
691 2485 915 2532 ymaginem
933 2486 973 2523 Μ
1110 2498 1150 2525 11
1178 2487 1238 2524 his
1255 2486 1296 2523 Μ
1434 2499 1475 2525 12
1501 2487 1696 2538 enitescit]

207 2533 389 2570 elucescit
406 2533 446 2568 M
595 2542 638 2579 17
663 2533 929 2572 dicumbentes
947 2535 988 2571 M
1133 2545 1178 2582 27
1204 2535 1428 2573 cottidianis
1443 2536 1491 2573 Al

258 2654 280 2680 2
305 2645 348 2681 Si
363 2645 511 2681 Bachus
528 2646 624 2681 etc.:
651 2644 698 2681 cf.
716 2644 881 2682 Macrob.
899 2646 977 2683 Sat.
993 2644 1058 2682 vii.
1081 2646 1104 2683 6
1123 2644 1141 2693 ξ
1162 2647 1209 2691 83
1237 2646 1497 2694 Shakespeare
1519 2649 1638 2685 Macb.
1655 2647 1697 2686 ii.

210 2702 243 2737 3.
262 2703 318 2738 33.
370 2740 394 2748 ..
488 2693 509 2729 8
539 2693 631 2750 Cur-n
660 2695 758 2728 enim
787 2695 888 2730 etc.:
928 2693 1029 2737 Quae
1056 2696 1270 2749 sequuntur
1298 2707 1414 2742 usque
1438 2696 1487 2732 ad
1514 2705 1624 2743 7251>
1651 2708 1697 2733 ex

211 2739 397 2795 Macrobn
413 2742 714 2795 Satqcmalzorum
738 2743 849 2787 parte
875 2753 972 2788 quae
996 2742 1110 2780 11οᾶιο
1136 2754 1214 2778 non
1240 2745 1364 2781 exstat
1396 2743 1598 2798 desumpta
1619 2755 1698 2782 esse

210 2799 405 2842 susp1c0r3
432 2801 465 2824 v.
484 2788 586 2824 lnfra
603 2788 652 2824 ad
669 2801 701 2826 c.
720 2798 741 2834 7
762 2790 843 2848 (233
860 2793 922 2834 D).
1104 2799 1149 2836 27
1172 2793 1253 2848 ,qeri
1269 2794 1366 2830 etc.:
1393 2791 1439 2828 cf.
1458 2791 1538 2850 (2103
1551 2794 1595 2828 de
1608 2793 1697 2828 Fin.

209 2847 274 2919 111.ι
293 2846 340 2872 20
367 2835 391 2920 ἓ
411 2838 458 2920 ῗ18
475 2848 607 2922 190101ὲο
636 2842 669 2932 ξε
695 2839 957 2875 admmwtrare
984 2849 1060 2875 rem
1083 2840 1282 2886 publwam.
1395 2849 1442 2886 29
1466 2844 1697 2877 tmtamenta

207 2893 339 2928 quae:
393 2895 416 2919 a
449 2913 458 2923 .
497 2897 555 2931 τις.
597 2895 620 2932 9
677 2893 710 2931 7.

323 2964 387 2999 252
