1846 3262
129 242 231 277 oar.
246 228 340 292 vn]
651 230 1093 277 POLICRATICVS
1620 241 1706 282 >733
1724 239 1750 273 e

129 354 325 412 pretium
358 353 454 397 eius
487 353 693 404 uiluerat,
728 357 830 411 post
860 353 1103 411 praemissa
1136 352 1347 396 subiecit:
1386 351 1526 395 Nullo
1559 352 1608 395 in

130 423 297 467 honore
309 437 429 466 nunc
442 426 530 475 est3
555 423 674 480 quod
687 423 892 480 equidem
907 423 1057 474 miror,
1070 437 1171 466 cum
1187 422 1248 465 sit
1263 436 1391 465 rarus
1406 422 1607 465 inuentu.

130 491 221 536 Sed
258 507 350 536 non
388 492 468 535 diu
506 492 635 535 stetit
673 492 780 535 haec
823 492 1104 549 parsimonia.
1176 491 1295 534 Nam
1333 491 1609 548 temporibus

130 561 287 606 Seueri
317 562 531 620 principis
556 562 817 605 Samonicus
842 562 1047 612 Serenus,
1063 562 1136 604 uir
1164 562 1313 606 seculo
1334 576 1416 604 suo
1438 561 1609 611 doctus,
1626 565 1656 606 d

90 647 111 682 5
129 632 352 676 subiciens
381 633 520 675 uerba
550 632 707 675 Plinii:
737 632 842 675 Non
870 635 938 675 est
964 631 1163 682 dubium,
1186 632 1265 682 ait,
1294 631 1460 689 piscem
1490 631 1609 674 hunc

129 702 255 746 nullo
276 703 325 745 in
349 702 515 746 honore
536 702 717 745 Traiani
743 702 1019 759 temporibus
1043 702 1270 754 extitisse;
1299 716 1458 746 uerum
1479 701 1537 744 ab
1556 715 1609 744 eo

129 772 219 816 dici
238 772 358 830 apud
377 772 587 828 antiquos
608 771 746 815 fuisse
767 772 815 814 in
835 772 990 829 pretio.
1050 772 1146 830 Ego
1166 774 1318 814 autem
1338 771 1608 814 testimoniis

129 842 278 900 palam
299 841 415 885 facio
434 841 508 885 uel
527 856 579 885 eo
598 842 742 899 magis
762 841 881 899 quod
901 841 1095 899 gratiam
1116 842 1211 884 eius
1230 841 1363 884 uideo
1382 841 1440 884 ad
1453 841 1608 898 epulas

129 911 257 969 quasi
284 911 559 969 postliminio
583 911 778 962 rediisse,
808 911 973 968 quippe
1000 911 1078 968 qui
1106 911 1415 968 indignatione
1441 914 1608 961 nostra,

70 997 114 1023 ιο
129 995 231 1025 cum
262 981 466 1024 intersim
497 981 704 1025 conuiuio
739 996 875 1032 sacro,
905 980 1261 1023 animaduertam
1293 981 1412 1024 hunc
1444 981 1608 1038 piscem

129 1065 159 1094 a
176 1051 399 1095 coronatis
418 1050 637 1094 ministris
663 1065 764 1094 cum
792 1050 975 1094 tibicine
995 1049 1237 1094 introferri.
1298 1050 1502 1108 Longum
1522 1050 1610 1093 erit

128 1121 168 1165 si
202 1121 353 1164 omnia
391 1135 506 1178 quae
546 1121 666 1178 leges
704 1121 894 1164 cibarias
933 1120 1211 1163 induxerunt
1250 1120 1324 1163 uel
1364 1135 1392 1163 a
1430 1120 1610 1164 cibariis

129 1191 302 1249 legibus
325 1193 434 1234 nata
453 1192 560 1234 sunt
584 1190 767 1234 noluero
795 1204 1028 1243 enarrare;
1057 1205 1159 1234 cum
1179 1205 1260 1234 nec
1280 1190 1415 1233 luxus
1434 1204 1608 1233 morum

124 1275 329 1304 sermone
358 1259 509 1303 ualeat
532 1260 845 1317 comprehendi
870 1263 917 1303 et
944 1260 1037 1303 sint
1063 1259 1259 1317 plurima
1283 1259 1431 1303 seculo
1455 1261 1609 1301 nostro

64 1349 109 1385 ¹5
127 1330 357 1388 incognita
370 1344 485 1387 quae
499 1329 567 1373 illi
583 1329 655 1372 uel
671 1330 822 1373 uerbis
837 1330 1085 1387 exprimere
1099 1330 1174 1373 uel
1189 1344 1395 1373 exercere
1409 1329 1609 1374 moribus

126 1402 383 1458 potuerunt.
444 1399 572 1443 Sicut
590 1399 710 1442 enim

302 1474 462 1518 Grecia
490 1478 623 1532 capta
651 1475 798 1517 ferum
827 1474 1044 1518 uictorem
1074 1475 1194 1532 cepit
1223 1477 1270 1518 et
1298 1477 1420 1518 artes

302 1533 461 1580 intulit
489 1533 656 1592 agresti
688 1533 831 1583 Latio,

126 1608 193 1652 sic
210 1608 410 1652 omnium
430 1608 633 1666 gentium
654 1623 799 1652 mores
814 1608 920 1652 boni
935 1611 982 1652 et
997 1608 1104 1651 mali
1122 1608 1373 1653 Romanum
1393 1607 1609 1651 uictorem
1626 1618 1704 1661 734
1725 1619 1756 1648 a

57 1698 114 1724 ,ιο
128 1679 348 1738 persecuti
368 1682 487 1722 sunt.
549 1679 780 1736 Siquidem
800 1679 998 1730 numina,
1011 1679 1147 1722 immo
1167 1678 1386 1729 demonia,
1406 1677 1609 1735 gentium

128 1749 482 1807 superstitiosius
521 1764 656 1806 quam
696 1749 947 1807 religiosius
985 1749 1278 1799 aduocabant,
1313 1762 1610 1805 magnamque

124 1819 214 1863 sibi
242 1819 331 1862 uisi
360 1822 468 1862 sunt
497 1819 672 1876 assequi
705 1819 966 1877 religionem
1002 1819 1110 1876 quia
1138 1818 1309 1863 nullam
1346 1821 1610 1876 respuerant

127 1889 385 1933 falsitatem.
444 1888 563 1932 Deos
581 1889 798 1932 tutelares
817 1904 908 1932 non
933 1892 1028 1931 tam
1058 1889 1133 1946 pio
1163 1903 1298 1946 quam
1322 1888 1461 1945 impio
1483 1887 1609 1931 cultu

127 1959 336 2004 omnibus
346 1958 684 2010 subtrahebant,
700 1962 754 2002 ut
768 1973 922 2002 omnes
937 1958 985 2003 in
1000 1973 1092 2001 una
1106 1958 1217 2004 urbe
1232 1957 1404 2003 collecti
1424 1957 1473 2000 in
1487 1957 1609 2003 illius

63 2049 113 2084 ἐς
128 2028 330 2073 custodia.
360 2028 527 2085 iugiter
557 2028 812 2086 uigilarent.
878 2027 953 2071 Sic
985 2030 1033 2070 et
1063 2041 1177 2084 quae
1212 2027 1378 2085 ubique
1412 2026 1610 2070 locorum

127 2098 347 2157 placuisse
385 2097 623 2142 audierant
666 2098 714 2141 in
749 2098 906 2141 urbem
937 2097 1222 2150 traiecerunt,
1256 2099 1310 2139 ut
1343 2099 1460 2139 esset
1490 2096 1610 2139 unde

129 2171 310 2226 possent
328 2167 522 2226 gratiam
543 2167 744 2211 omnium
759 2167 808 2210 in
824 2182 871 2211 se
886 2170 932 2210 et
949 2167 1138 2224 gloriam
1152 2180 1406 2224 prouocare.
1452 2165 1608 2209 Simile

129 2237 300 2295 aliquid
330 2237 488 2280 fecisse
515 2236 642 2280 uisus
668 2240 738 2281 est
763 2251 845 2280 rex
867 2235 1117 2294 Anglorum
1145 2235 1395 2278 Willelmus
1423 2234 1607 2292 primus,

129 2353 154 2390 9
177 2341 404 2390 dignatione
421 2340 489 2380 SM
585 2339 731 2387 nostra]
749 2341 880 2379 uestra
897 2338 922 2375 S
924 2338 981 2374 ’M
1109 2348 1153 2376 12
1177 2337 1332 2377 cibariis
1346 2349 1371 2375 a
1387 2337 1428 2373 M

180 2447 213 2481 1,
230 2446 253 2473 2
276 2437 390 2472 Nullo
417 2437 460 2471 iu
490 2436 623 2471 honore
651 2436 749 2471 etc.·
776 2432 882 2469 Haec
910 2431 1009 2469 citat
1033 2430 1198 2469 Macrob.
1215 2442 1263 2468 ex
1287 2430 1386 2467 Plin.
1405 2432 1503 2467 Hist-
1519 2431 1606 2468 Nat.

131 2484 183 2521 ix.
205 2493 259 2529 17.
379 2493 401 2519 2
427 2495 558 2518 ranas.
595 2481 650 2518 sic
666 2479 791 2524 Plin.;
823 2491 1006 2527 perrarus
1022 2478 1190 2516 Macrob.
1309 2489 1365 2525 9⁸
1351 2480 1604 2524 indiqnatione

130 2537 282 2569 nostra:
324 2529 351 2567 i.
364 2541 397 2567 e.
424 2531 687 2575 indiyuatt‘oue,
716 2533 858 2564 tantam
883 2529 1074 2564 luxuriam
1104 2539 1186 2563 cum
1216 2528 1369 2571 videam,
1402 2532 1604 2563 commotus.

131 2581 290 2616 Constat
320 2580 452 2615 tamen
491 2576 727 2614 macrobium
760 2587 808 2613 ex
847 2573 1080 2611 Sammonici
1122 2573 1255 2611 Sereni
1286 2573 1386 2610 libro
1417 2572 1606 2620 scripsisse

157 2628 344 2674 sanatione
374 2631 507 2669 vestm,
534 2624 559 2660 i.
567 2636 601 2662 e.
634 2625 737 2660 uobis
780 2630 844 2667 (sc.
876 2622 1107 2670 imperatore
1139 2624 1180 2659 et
1217 2621 1399 2668 pontifice
1437 2621 1605 2658 maximo

157 2632 320 2711 timio
353 2673 504 2717 Severo)
534 2684 590 2708 rue
613 2674 775 2707 inuitare
798 2673 839 2707 dn·
836 2671 1045 2716 9ua.utt'bu8
1105 2668 1324 2706 Notandum
1349 2671 1408 2706 est
1436 2669 1603 2706 Macrob.

131 2674 219 2760 cog.
237 2721 359 2758 Paris.
393 2726 558 2757 nostram
588 2731 658 2766 pro
690 2725 812 2755 uestra
836 2718 1039 2755 exhibere:
1074 2729 1108 2754 v.
1124 2716 1386 2764 Eyssenhardt
1411 2728 1501 2764 app.
1517 2717 1604 2754 crit.

134 2781 176 2809 11
203 2771 370 2816 Louqum
386 2770 567 2805 emate.-
584 2766 641 2822 ⁰.f·
659 2766 826 2809 Macrob.
843 2768 921 2803 Sat.
939 2765 995 2802 iii.
1015 2774 1056 2811 17
1075 2764 1118 2812 §5
1142 2775 1247 2808 1‚12.
1404 2774 1445 2810 17
1474 2766 1606 2801 Grecia

131 2816 474 2903 11133οὲωῶεέἕῖ
489 2817 564 2910 ἔξ
567 2826 623 2899 au·
652 2826 683 2852 ¹
714 2816 967 2907 ¹⁵62710583m1‘le
982 2813 1503 2911 θιοῗῗιαὲιιεὲδειιίαιξῗῖιηηᾶεῗέθ
1507 2812 1606 2899 υἱέι

131 2913 253 2957 Pauli,
266 2914 319 2949 M.
335 2913 379 2948 G.
392 2912 459 2958 H„
471 2912 548 2956 88.,
565 2909 681 2948 xxvii.
697 2921 736 2960 p.
751 2919 812 2957 49.
1430 2962 1475 2999 ‚⁶
