1846 3262
104 242 183 285 754
203 243 229 273 c
573 230 835 276 IOANNIS
875 229 1390 274 SARESBERIENSIS
1496 227 1607 290 [1,1Β.
1621 239 1716 273 vm

243 354 443 397 mulieris
478 355 524 397 et
558 355 738 403 secretO,
771 351 981 409 quicquid
1011 351 1116 394 boni
1145 365 1226 408 per
1258 349 1495 395 facultates
1527 353 1716 409 poterat,

243 424 470 467 coemebat
500 426 545 466 et
574 423 719 480 prima
748 422 903 465 statim
932 424 1061 464 nocte
1090 420 1264 464 ferebat
1292 420 1340 462 in
1369 423 1717 464 monumentum.

243 493 403 550 Itaque
433 492 567 535 unius
594 491 779 535 cruciati
799 494 1017 549 parentes,
1037 493 1090 533 ut
1115 490 1328 533 uiderunt
1350 490 1549 533 laxatam
1572 493 1716 534 custo-

243 563 375 614 diam,
409 562 704 605 detraxerunt
737 564 866 605 nocte
905 561 1171 618 pendentem
1211 563 1257 603 et
1295 574 1501 617 supremo
1534 560 1716 603 manda-

196 634 226 675 d
243 635 407 675 uerunt
439 632 592 675 officio.
652 631 715 674 At
749 631 876 674 miles
911 630 1267 687 circumscriptus
1301 629 1408 672 dum
1448 629 1630 681 desidet,
1663 632 1716 673 ut
1734 640 1754 675 5

242 706 418 758 postero
433 701 504 744 die
519 701 636 744 uidit
651 716 788 744 unam
809 701 903 744 sine
923 700 1137 744 cadauere
1157 714 1341 750 crucem,
1360 699 1531 743 ueritus
1551 699 1717 756 suppli-

241 771 373 822 cium,
394 771 570 814 mulieri
595 771 703 828 quid
730 770 961 814 accidisset
981 770 1176 827 exponit,
1196 784 1276 813 nec
1304 784 1350 812 se
1377 771 1717 826 expectaturum

239 841 506 884 sententiam
537 841 697 884 iudicis
727 841 804 884 sed
833 840 984 898 gladio
1014 840 1084 883 ius
1114 840 1338 883 dicturum
1363 839 1569 897 ignauiae
1598 853 1716 894 suae,

239 912 552 955 commendans
591 911 723 954 modo
762 911 961 968 perituro
1001 910 1145 953 locum
1189 910 1445 967 prouideret
1468 911 1529 964 vet
1577 908 1717 952 fatale

239 982 537 1025 conditorium
568 981 781 1024 familiari
811 995 861 1024 ac
891 980 990 1024 uiro
1021 979 1197 1024 faceret.
1256 980 1420 1023 Mulier
1447 994 1538 1022 non
1567 979 1716 1023 minus
1735 992 1779 1018 10

239 1052 487 1094 misericors
518 1066 652 1108 quam
682 1050 870 1109 pudica:
901 1051 995 1094 Nec
1026 1050 1148 1093 istud
1180 1050 1243 1093 dii
1278 1050 1440 1102 sinant,
1475 1052 1528 1092 ut
1563 1049 1716 1093 eodem

239 1123 438 1178 tempore
459 1121 648 1164 duorum
669 1121 804 1164 michi
825 1121 1154 1164 carissimorum
1174 1120 1406 1163 hominum
1436 1119 1524 1163 duo
1554 1119 1715 1163 funera

239 1194 444 1248 spectem.
504 1191 624 1234 Malo
644 1194 871 1234 mortuum
892 1190 1146 1248 impendere
1165 1205 1300 1247 quam
1320 1190 1478 1232 uiuum
1505 1189 1716 1234 occidere.

240 1260 494 1303 Secundum
515 1260 629 1303 hanc
650 1261 896 1303 orationem
923 1261 1049 1303 iubet
1069 1276 1125 1303 ex
1145 1275 1250 1303 area
1277 1274 1436 1317 corpus
1463 1259 1615 1302 mariti
1642 1259 1713 1303 sui

239 1329 337 1372 tolli
370 1332 505 1386 atque
537 1329 603 1371 illi
637 1345 749 1387 quae
779 1330 970 1373 uacabat
998 1330 1118 1374 cruci
1149 1330 1282 1387 affigi.
1340 1330 1458 1373 Vsus
1488 1332 1556 1372 est
1584 1329 1712 1373 miles
1732 1344 1774 1380 15

240 1399 420 1456 ingenio
455 1399 828 1456 prudentissimae
859 1400 1075 1453 feminae3
1116 1403 1380 1457 posteroque
1410 1399 1482 1442 die
1520 1400 1712 1457 populus

238 1468 428 1512 miratus
467 1472 536 1512 est
575 1484 663 1526 qua
703 1470 876 1513 ratione
916 1472 1119 1513 mortuus
1158 1470 1267 1513 isset
1305 1469 1354 1512 in
1385 1484 1571 1513 crucem.
1644 1469 1713 1514 Tu

93 1552 173 1594 755
192 1554 222 1583 a
239 1538 472 1581 historiam
492 1542 572 1581 aut
592 1538 793 1582 fabulam
820 1540 939 1596 quod
959 1540 1014 1582 iis
1034 1539 1183 1583 uerbis
1205 1539 1344 1583 refert
1371 1539 1604 1583 Petronius
1628 1554 1711 1598 pro

237 1608 371 1651 libitu
406 1609 674 1666 appellabis3
715 1610 781 1652 ita
815 1612 966 1652 tamen
1002 1625 1059 1652 ex
1098 1609 1218 1653 facto
1257 1609 1465 1653 accidisse
1501 1609 1634 1653 Effesi
1666 1612 1713 1653 et

238 1678 482 1721 Flauianus
502 1681 657 1721 auctor
677 1683 755 1730 est,
776 1679 1094 1736 mulieremque
1115 1679 1256 1722 tradit
1271 1679 1515 1736 impietatis
1535 1694 1641 1723 suae
1662 1682 1707 1723 et
1728 1696 1774 1722 ao

236 1748 412 1792 sceleris
430 1748 708 1805 parricidalis
729 1751 774 1791 et
804 1749 1013 1792 adulterii
1034 1749 1168 1792 luisse
1195 1764 1345 1806 penas.
1404 1748 1508 1792 Non
1530 1749 1710 1807 quidem

235 1819 356 1861 solus
388 1820 456 1861 est
486 1818 534 1860 in
566 1818 804 1861 mulierum
843 1818 1025 1876 ineptiis
1059 1818 1257 1862 ridendis
1291 1821 1373 1862 aut
1410 1819 1711 1876 exprimendis

237 1887 485 1931 Petronius.
546 1887 713 1930 Scribit
738 1888 896 1931 beatus
927 1888 1176 1931 Ieronimus
1201 1888 1307 1945 quia
1332 1890 1454 1931 totae
1482 1888 1710 1946 Euripidis

237 1957 493 2015 tragoediae
527 1957 575 1999 in
607 1958 815 2001 mulieres
846 1959 1084 2002 maledicta
1113 1961 1232 2009 sunt,
1252 1961 1298 2001 et
1327 1958 1446 2015 quod
1478 1958 1708 2016 Epicurus,

236 2041 506 2084 quamquam
541 2027 797 2071 Metodorus
835 2027 1079 2086 discipulus
1111 2028 1206 2071 eius
1245 2027 1462 2071 Leontion
1501 2027 1709 2072 habuerit
1727 2043 1770 2079 ³5

234 2111 431 2147 uxorem,
462 2111 563 2139 raro
593 2097 703 2140 dicit
739 2097 930 2155 sapienti
960 2097 1155 2141 ineunda
1184 2097 1401 2155 coniugia,
1432 2097 1538 2154 quia
1566 2098 1710 2142 multa

234 2165 512 2209 incommoda
546 2166 749 2210 admixta
783 2170 890 2210 sunt
924 2168 1109 2225 nuptiis.
1169 2167 1240 2218 Et,
1272 2167 1490 2224 quomodo
1524 2167 1711 2212 diuitiae

236 2238 282 2278 et
302 2237 490 2279 honores
512 2238 558 2279 et
577 2251 810 2294 corporum
824 2237 1040 2280 sanitates
1055 2239 1100 2280 et
1120 2239 1267 2280 cetera
1282 2251 1395 2294 quae
1409 2236 1710 2281 indifferentia

235 2329 268 2373 6,
291 2338 312 2374 7
338 2327 543 2375 suplicium
560 2327 584 2364 S
729 2329 750 2365 8
777 2328 914 2366 iudicis
931 2329 1164 2366 sententiam
1182 2328 1207 2366 S
1357 2339 1400 2365 12
1425 2327 1709 2366 karissimorum

236 2375 261 2412 S
424 2386 467 2421 14
491 2375 682 2413 rationem
699 2375 740 2411 M
904 2378 945 2413 18
970 2377 1029 2413 his
1047 2376 1087 2412 Μ
1250 2386 1293 2423 19
1317 2375 1448 2423 ephesi
1463 2377 1496 2413 A
1662 2387 1706 2414 21

234 2435 354 2470 penas
370 2423 485 2460 luisse
504 2424 543 2459 M
736 2434 794 2467 21,
813 2435 857 2461 22
884 2425 985 2462 solus
1003 2424 1156 2471 quidem
1172 2423 1205 2460 A
1404 2435 1448 2470 23
1475 2423 1634 2472 eripidis
1652 2424 1704 2461 C:

235 2471 421 2518 erippidis
438 2471 491 2507 B:
519 2470 696 2518 erripidis
713 2452 817 2508 ASM
961 2483 1007 2517 24
1032 2484 1216 2518 epycurus
1235 2471 1269 2507 A

281 2563 302 2598 3
329 2555 501 2588 cruciati:
528 2554 703 2588 cruciarii
719 2552 872 2590 Petron.
970 2563 994 2599 9
1019 2555 1292 2589 commendans:
1309 2555 1546 2590 commodaret
1558 2552 1709 2590 Petron.

233 2602 354 2636 modo:
380 2602 466 2646 post
482 2602 585 2636 modo
602 2600 721 2637 habet
738 2602 807 2636 illa
824 2601 976 2637 Petron.
1094 2612 1135 2645 14
1160 2613 1270 2637 area:
1296 2613 1383 2637 arca
1401 2601 1552 2638 Petron.
1662 2611 1710 2638 20

232 2649 462 2683 Flauianus:
500 2660 552 2684 sc.
577 2650 710 2684 auctor
730 2647 822 2685 libri
846 2651 900 2684 De
923 2649 1158 2693 Doymatibus
1176 2650 1502 2702 Philosophorum;
1527 2648 1575 2685 cf.
1593 2660 1635 2684 su
1666 2659 1708 2685 ra

232 2706 265 2731 c
292 2706 329 2731 11
361 2695 448 2741 (749
458 2695 516 2742 A).
564 2698 700 2732 tradit:
727 2708 776 2733 sc.
803 2695 1030 2738 Flavianum
1063 2695 1162 2731 nihil
1189 2695 1292 2732 enim
1318 2696 1430 2732 huius
1454 2695 1558 2732 modi
1589 2695 1640 2750 ha
1665 2697 1706 2732 et

232 2742 447 2779 Petronius.
591 2754 652 2797 ,²3
678 2748 771 2779 totae
799 2745 996 2790 Euripidis
1034 2745 1130 2780 etc.:
1170 2743 1324 2780 Hieron.
1351 2746 1428 2780 adv.
1456 2745 1570 2780 Iovin.
1594 2742 1635 2779 ii.
1659 2745 1705 2787 48

233 2789 382 2836 (Migne
408 2792 450 2827 P.
466 2791 509 2826 L.
535 2790 641 2826 xxiii.
662 2791 759 2837 279).
905 2802 951 2836 24
977 2792 1165 2837 Epicurus
1196 2793 1268 2828 etc.
1305 2802 1424 2837 usque
1459 2791 1508 2827 ad
1531 2793 1706 2826 ducturus

232 2839 280 2871 sit
311 2842 392 2883 (755
409 2839 473 2883 Β);
516 2837 669 2875 Η161011.
701 2838 727 2874 1.
754 2850 785 2875 c.
931 2849 974 2886 25
1017 2840 1246 2876 Metodorus:
1286 2839 1515 2875 Metrodorus
1545 2836 1703 2874 Hieron.

231 2885 430 2921 Leontion:
455 2887 648 2922 Leontium
664 2885 820 2923 Hieron.

342 2964 408 2998 504
