1846 3262
147 231 252 266 cAP.
267 216 404 281 XXIV]
661 217 1075 264 POLICRATICV
1079 218 1112 263 S
1663 219 1748 268 625
1766 227 1798 257 a

148 341 477 401 perscrutaris?
536 340 704 386 Omnes
731 341 1019 399 applaudunt
1047 340 1146 391 tibi,
1175 342 1307 398 pater
1335 339 1538 383 omnium
1568 353 1647 383 uo-

149 413 267 458 08118
305 415 353 456 et
392 412 615 463 dominus,
643 415 691 455 et
730 411 870 469 capiti
909 414 991 455 tuo
1030 410 1293 454 infunditur
1331 425 1463 454 omne
1498 409 1647 453 oleum

149 483 410 542 peccatoris.
484 482 535 526 Si
576 497 683 541 ergo
722 485 854 540 pater
888 497 947 534 es,
982 497 1122 540 quare
1162 497 1191 525 a
1230 481 1337 524 filiis
1376 495 1566 524 munera
1601 484 1648 524 et

149 553 472 598 retributiones
502 554 745 610 expectas?
806 551 856 595 Si
887 553 1108 604 dominus,
1138 567 1278 610 quare
1308 551 1525 595 Romanis
1555 551 1648 595 tuis

108 642 133 677 5
150 625 360 669 timorem
390 639 483 668 non
513 623 680 667 incutis
711 627 758 667 et
788 624 1045 667 temeritate
1076 637 1280 681 repressa
1307 637 1382 666 eos
1416 622 1475 666 ad
1510 621 1647 666 fidem

149 710 242 739 non
281 694 496 738 reuocas'ss
575 693 641 737 At
679 694 837 737 urbem
876 693 948 737 uis
989 693 1212 737 Ecclesiae
1251 692 1344 736 tuis
1383 692 1647 735 muneribus

149 780 426 811 conseruare.
501 764 739 822 Numquid
774 779 873 808 eam
908 764 971 808 sic
1006 764 1227 808 Siluester
1266 763 1529 806 muneribus
1568 763 1647 806 ad-

151 836 373 895 quisiuit‘ss
431 835 488 879 In
517 835 656 888 inuio,
687 837 828 893 pater,
859 850 907 878 es
937 838 983 878 et
1017 850 1108 878 non
1138 834 1188 877 in
1217 834 1305 877 1118.
1367 834 1547 877 Eisdem
1578 838 1648 877 eet

151 905 460 951 conseruanda
485 905 748 948 muneribus
772 905 936 963 quibus
956 908 1026 948 est
1050 904 1290 962 adquisita.
1351 903 1482 957 Quod
1501 904 1647 962 gratis

91 993 138 1020 xo
153 977 377 1035 accepisti,
415 976 560 1035 gratis
605 976 724 1019 dato.
804 976 991 1019 Iustitia
1030 975 1188 1033 regina
1226 975 1452 1018 uirtutum
1493 978 1562 1018 est
1600 979 1647 1018 et

152 1047 376 1092 erubescit
395 1047 557 1104 quouis
583 1047 731 1104 pretio
756 1046 1019 1104 permutari.
1079 1045 1130 1089 Si
1157 1045 1358 1103 gratiosa
1380 1045 1540 1089 futura
1566 1049 1647 1097 est,
1665 1047 1695 1086 b

150 1119 213 1163 sit
246 1118 461 1177 gratuita.
533 1117 833 1175 Nequaquam
866 1116 1171 1175 prostituatur
1203 1115 1262 1159 ad
1301 1116 1499 1173 pretium
1532 1132 1647 1174 quae

148 1189 377 1247 corrumpi
411 1203 503 1232 non
537 1191 711 1246 potest;
755 1187 934 1245 integra
968 1190 1038 1230 est
1072 1190 1119 1230 et
1159 1201 1336 1244 semper
1374 1187 1647 1245 incorrupta.

148 1260 272 1304 Dum
291 1259 460 1319 premis
479 1259 603 1310 alios,
623 1262 670 1302 et
689 1262 743 1303 tu
762 1258 951 1317 grauius
970 1257 1248 1315 opprimeris.
1299 1257 1419 1301 Risit
1438 1257 1648 1315 pontifex

87 1350 132 1387 15
151 1334 200 1375 et
218 1334 376 1375 tantae
389 1329 733 1388 congratulatus
749 1332 818 1373 est
837 1328 1052 1379 libertati,
1066 1328 1344 1386 praecipiens
1358 1331 1424 1379 ut,
1438 1328 1646 1386 quotiens

150 1402 388 1447 sinistrum
418 1400 590 1458 aliquid
629 1401 686 1444 de
716 1400 815 1458 ipso
844 1400 957 1443 meis
986 1399 1175 1443 auribus
1203 1399 1447 1450 insonaret,
1480 1400 1565 1444 hoc
1606 1400 1648 1443 ei

149 1472 247 1517 sine
266 1487 395 1516 mora
413 1471 684 1515 nuntiarem.
746 1471 817 1522 Et,
838 1485 941 1514 cum
968 1470 1165 1529 plurima
1191 1484 1313 1514 1111110
1338 1485 1420 1527 pro
1446 1485 1506 1523 se,
1527 1485 1648 1514 nunc

150 1546 308 1588 contra
323 1557 371 1586 se
386 1542 701 1600 respondisset,
716 1541 956 1600 apologum
972 1541 1232 1584 huiusmodi
1247 1541 1384 1584 michi
1400 1541 1647 1599 proposuit.

150 1613 234 1657 Ait
262 1628 396 1672 ergo:
425 1612 604 1657 Accidit
630 1614 684 1656 ut
710 1612 928 1656 aduersus
954 1612 1236 1656 stomachum
1263 1611 1467 1655 membra
1494 1612 1648 1655 omnia

89 1702 136 1729 20
151 1684 294 1728 totius
327 1683 526 1742 corporis
559 1683 870 1741 conspirarent
902 1685 1136 1740 tamquam
1171 1682 1390 1726 aduersus
1429 1697 1533 1726 eum
1568 1682 1647 1740 qui

151 1754 401 1799 uoracitate
430 1768 514 1798 sua
542 1753 716 1797 labores
745 1753 947 1797 omnium
978 1753 1254 1797 exhauriret.
1316 1752 1422 1796 Non
1451 1753 1650 1796 satiatur

150 1824 307 1869 oculus
326 1824 443 1877 uisu,
463 1823 588 1867 auris
614 1823 789 1876 auditu,
814 1823 1044 1867 laboribus
1070 1823 1291 1867 insistunt
1317 1837 1491 1874 manus,
1511 1823 1648 1881 pedes

150 1895 210 1939 ab
228 1895 391 1939 itinere
411 1894 575 1939 callum
596 1894 808 1945 induunt,
823 1894 1010 1951 ipsaque
1026 1893 1184 1952 lingua
1198 1893 1377 1937 utiliter
1396 1908 1646 1937 sermonem

151 1968 199 2010 et
224 1965 455 2009 silentium
482 1965 753 2008 moderatur.
814 1964 980 2008 Omnia
1006 1964 1199 2022 denique
1226 1964 1429 2007 membra
1455 1963 1647 2021 publicis
1664 1974 1690 2005 c

89 2053 135 2088 25
153 2036 399 2095 inuigilant
433 2035 677 2079 commodis
711 2038 758 2078 et
784 2035 834 2078 in
868 2038 1000 2078 tanta
1029 2034 1334 2078 sollicitudine
1363 2034 1565 2078 omnium
1601 2038 1647 2078 et

150 2105 305 2150 labore
333 2106 455 2150 solus
490 2105 680 2163 quiescit
711 2108 874 2149 uenter
907 2108 955 2148 et
987 2119 1091 2149 cum
1125 2104 1278 2148 omnia
1310 2108 1444 2163 parta
1475 2104 1648 2148 fuerint

152 2231 199 2268 19
222 2223 438 2259 otomacmn
452 2220 487 2256 A
629 2229 674 2267 25
702 2218 873 2256 comodis
890 2217 916 2255 S

198 2339 233 2373 2,
252 2339 274 2375 3
299 2331 418 2366 oleum
428 2329 655 2382 peccam
682 2326 742 2364 Pa.
759 2327 833 2364 cxl.
856 2335 899 2374 5;
925 2326 1027 2382 quod
1044 2326 1092 2363 de
1116 2325 1341 2363 adulatione
1363 2324 1647 2372 interpretatur

149 2357 542 2425 Aug’ustinusadloo.
563 2376 689 2424 (Mign
692 2387 713 2412 e
729 2377 772 2412 P.
789 2377 833 2412 L.
851 2374 993 2411 xxxvii.
1016 2374 1142 2420 1824).
1296 2383 1317 2419 7
1343 2375 1542 2410 Sizluester
1568 2374 1644 2419 0111,

150 2427 196 2462 ut
210 2428 386 2472 tempore
404 2425 562 2462 Ioannis
578 2423 702 2460 nostri
718 2423 958 2464 credebatur,
979 2424 1244 2460 Constantinus
1259 2424 1461 2468 imperator
1474 2434 1645 2458 coronam

150 2480 184 2510 et
199 2486 369 2510 omnem»
370 2486 432 2519 τις
420 2476 496 2508 iam
523 2475 560 2508 dv
550 2474 738 2518 {quitatem
763 2474 805 2507 in
828 2472 915 2507 urbe
935 2472 1133 2507 Romana.
1179 2472 1377 2508 *concesst
1394 2468 1519 2516 (Grat.
1536 2472 1643 2506 Decr.

150 2522 182 2558 I.
201 2521 297 2558 xcvi.
316 2532 413 2566 c.13
431 2521 489 2557 ed.
508 2520 660 2556 Friedb.
678 2519 703 2554 i
721 2532 758 2565 p.
779 2519 878 2565 342).
1069 2520 1091 2554 8
1115 2519 1166 2554 In
1190 2520 1295 2554 inuio
1319 2520 1419 2554 etc..
1410 2531 1419 2539 ·
1444 2530 1477 2553 v.
1497 2518 1556 2554 Ρ8.
1573 2518 1644 2555 cvi.

151 2581 211 2616 40.
389 2578 414 2614 9
440 2569 692 2621 Quodyratis·
689 2569 784 2622 etc.:
810 2579 845 2603 v.
861 2566 975 2603 Matt.
994 2577 1031 2603 x.
1048 2567 1323 2603 8.1o
1346 2545 1500 2602 Ius’titia
1517 2568 1645 2612 reyina

150 2620 359 2654 uirtutum.
383 2629 418 2652 v.
437 2616 514 2653 Cic.
531 2618 576 2652 de
595 2617 664 2661 Off.
680 2614 737 2651 111.
756 2616 780 2651 6
798 2613 817 2662 ξ
836 2616 893 2651 28.
1102 2624 1147 2660 19
1170 2615 1316 2650 Accidit
1332 2616 1428 2650 etc.·
1453 2614 1644 2651 Fabulam

150 2665 261 2702 illam
277 2663 554 2701 nobilissimam
572 2675 596 2700 a
613 2662 795 2700 Menenio
811 2661 985 2709 Agrippa
995 2661 1045 2698 ad
1060 2662 1215 2708 plebem
1227 2661 1463 2698 Romanam*
1453 2674 1493 2698 111
1509 2664 1644 2700 monte

152 2713 268 2751 Sacro
300 2714 496 2767 narratam
525 2712 700 2758 sequitur
725 2710 967 2753 Hadrianus;
1006 2721 1122 2756 quam
1154 2712 1311 2746 auctore
1345 2709 1452 2747 Livio
1487 2709 1543 2756 (ii.
1557 2711 1643 2766 .3²)

152 2763 271 2799 refert
300 2760 434 2797 Florus
459 2760 485 2796 i.
517 2770 559 2804 17
588 2760 678 2806 (23).
823 2769 866 2795 21
895 2760 980 2795 Non
1007 2760 1169 2794 satiatur
1191 2759 1287 2795 etc.:
1322 2770 1355 2795 v.
1382 2758 1527 2795 Eccles.
1553 2757 1580 2794 i.
1610 2760 1644 2796 8.

153 2812 357 2847 Satur-atur
380 2808 501 2845 habet
532 2807 648 2855 Vulg.
680 2806 891 2849 hodierna;
922 2808 966 2843 at
997 2808 1196 2842 satiabitur
1225 2818 1272 2843 ex
1301 2818 1395 2843 vers.
1423 2806 1643 2853 antiquiore

152 2857 274 2896 citare
291 2856 535 2894 Ambrosium
551 2858 591 2893 et
609 2821 903 2902 Hieronymum,
920 2857 1084 2891 satiatur
1095 2857 1226 2892 autem
1238 2856 1436 2892 auctorem
1452 2855 1646 2901 quendam

153 2906 276 2944 alium
287 2905 489 2952 antiquum
499 2906 665 2942 testatur
674 2903 852 2941 Sabatier
862 2905 960 2940 Bibl.
974 2905 1074 2940 Sacr.
1090 2905 1188 2941 Vere.
1204 2904 1287 2940 Lat.
1300 2905 1427 2951 Antiq.
1444 2902 1486 2939 ii.
1504 2915 1543 2950 p.
1561 2912 1644 2950 354.

1490 2983 1531 3021 ⁷1
