1846 3262
124 277 229 312 OAP.
240 263 347 325 nx]
638 262 1084 310 POLICRATICVS
1625 263 1713 315 679
1732 274 1758 303 c

124 389 391 434 ambitiosus
402 389 586 447 quidam
598 388 843 432 monachus
855 387 913 431 ad
926 387 1166 438 abbatiam,
1173 400 1308 444 quam
1320 386 1612 444 praeemerat,

126 462 366 504 uocaretur
385 463 432 504 et
457 459 534 503 ille
554 458 818 503 modestiam
846 458 1062 502 simulans
1088 460 1142 501 ut
1166 456 1344 500 auidius
1370 458 1613 514 peteretur,

127 544 242 574 onus
271 530 513 589 refugeret,
543 532 769 574 recusaret
798 529 1012 572 honorem
1039 531 1086 571 et
1112 542 1159 571 se
1186 527 1336 585 palam
1363 529 1519 570 tantae
1545 525 1612 569 rei

127 600 352 645 fateretur
391 601 655 659 indignum;
700 600 850 651 Plane,
879 599 1030 656 inquit
1057 599 1275 656 princeps,
1306 597 1521 655 indignus
1551 611 1610 647 es,

84 687 107 724 ε
128 671 236 729 quia
276 686 375 715 eam
417 671 532 715 clam
572 671 681 714 data
718 670 855 714 michi
890 672 1021 712 tanta
1055 668 1245 727 pecunia
1283 667 1609 726 (summamque
1623 667 1654 709 d

128 741 365 799 expressit)
388 741 551 786 emisti.
610 740 710 792 Sed,
727 739 1088 797 quandoquidem
1109 753 1189 796 per
1208 753 1280 781 me
1298 752 1390 781 non
1410 740 1503 781 stat
1523 751 1612 795 quo

128 811 280 855 minus
303 812 452 870 pactio
482 811 735 869 impleatur,
756 810 948 853 liberum
972 824 1043 852 me
1067 808 1224 852 haberi
1248 808 1420 852 iustum
1444 810 1514 851 est
1526 822 1536 860 ;
1568 810 1616 851 et

130 884 184 926 tu
210 882 392 926 domum
416 882 581 933 redeas,
603 883 650 925 et
673 880 752 938 qui
772 880 937 938 dignus
966 882 1035 923 est
1061 879 1305 923 destitutae
1329 878 1621 937 praeficiatur

130 952 350 996 ecclesiae.
409 951 498 995 Sed
522 965 641 994 nunc
664 951 797 1008 longe
822 950 955 994 aliter
978 949 1175 993 succedit
1201 948 1453 992 excusatori
1474 948 1618 991 ambi-

71 1037 115 1062 10
131 1023 270 1076 tioso;
295 1023 405 1066 haec
425 1022 543 1066 enim
562 1025 608 1065 et
627 1022 717 1064 alia
736 1036 872 1078 quam
892 1021 1024 1078 plura
1043 1019 1316 1077 multiplicat
1334 1022 1388 1063 ut
1407 1019 1618 1063 credatur

131 1093 250 1138 nolle
271 1093 390 1151 quod
410 1092 585 1150 appetit
605 1095 652 1136 et
671 1090 854 1135 tandem
874 1090 1018 1149 gratis
1038 1090 1236 1148 accipere
1252 1089 1371 1147 quod
1386 1089 1618 1147 praeemit.
1679 1133 1682 1136 ,

130 1163 262 1207 Vnde
291 1166 523 1220 tamquam
553 1162 627 1205 uir
655 1161 901 1205 modestiae
932 1160 1174 1218 singularis
1204 1159 1394 1218 capitur,
1417 1159 1619 1202 trahitur

135 1235 182 1278 et
194 1233 251 1276 ad
265 1232 523 1277 cathedram
536 1231 919 1276 conclamantibus
933 1229 1091 1281 turbis,
1108 1229 1445 1273 concinentibus
1458 1229 1618 1281 choris,

130 1303 424 1347 multitudine
444 1316 623 1361 pressus
644 1301 893 1345 deducitur.
954 1300 1050 1345 Nec
1076 1300 1260 1358 prodest
1286 1299 1620 1359 ignobilitatem

73 1385 114 1420 ¹5
132 1373 437 1433 praetendisse
463 1372 611 1417 carnis
638 1374 719 1416 aut
745 1370 991 1429 sanguinis,
1012 1385 1064 1414 eo
1091 1370 1212 1428 quod
1239 1370 1501 1428 imperatori
1529 1384 1621 1414 non

133 1444 367 1503 quaeritur
385 1457 611 1487 successor
630 1442 708 1486 sed
727 1441 939 1500 piscatori
957 1455 967 1494 ;
997 1440 1118 1484 fabri
1139 1440 1269 1492 Filio,
1288 1455 1380 1484 non
1400 1439 1622 1499 Augusto,

134 1514 379 1560 Scientiam
399 1516 609 1557 accurata
631 1512 861 1556 excusatio
886 1511 1040 1570 prodit
1066 1514 1112 1555 et
1137 1510 1373 1569 religiosus
1400 1525 1494 1554 esse
1518 1525 1622 1555 con-

133 1585 334 1629 uincitur
360 1599 418 1628 ex
445 1598 497 1628 eo
523 1583 643 1641 quod
666 1583 890 1626 inuitatus
915 1581 1151 1626 ascendere
1171 1581 1344 1625 diutius
1370 1581 1596 1625 recusauit
1612 1595 1622 1635 ;
1639 1581 1729 1622 680
1748 1591 1781 1621 a

134 1655 261 1700 uisus
281 1658 350 1698 est
369 1654 488 1699 enim
508 1653 703 1697 noluisse
724 1653 803 1711 qui
822 1653 1013 1697 distulit.
1075 1652 1201 1706 Quae
1224 1667 1333 1696 uero
1362 1651 1418 1695 de
1441 1651 1624 1695 canoni-

75 1738 122 1764 20
137 1726 223 1770 bus
243 1725 330 1769 sibi
356 1725 578 1783 opposuit,
598 1724 756 1768 habita
783 1724 957 1768 ratione
982 1723 1068 1768 loci
1095 1723 1310 1781 temporis
1330 1725 1378 1766 et
1396 1737 1624 1780 personae,

137 1796 274 1841 simili
294 1796 372 1840 uia
391 1794 673 1839 tendentium
694 1794 752 1837 ad
772 1794 963 1838 honores
982 1793 1101 1838 socia
1120 1793 1367 1836 multitudo
1382 1792 1625 1850 dispensat.

138 1866 189 1911 Si
215 1866 271 1910 de
300 1865 611 1924 praesentibus
640 1865 728 1909 niti
757 1867 988 1922 nequeunt
1017 1866 1099 1907 aut
1127 1863 1395 1921 praeteritis,
1415 1862 1625 1906 futurum

136 1936 447 1981 uaticinantur
489 1935 754 1994 profectum.
834 1934 910 1978 Sic
948 1933 1137 1977 callidus
1179 1947 1356 1991 mango,
1397 1932 1505 1975 dum
1546 1932 1626 1989 qui

138 2007 296 2050 durius
334 2006 546 2065 prouehit
585 2020 748 2062 equum
785 2006 867 2048 aut
896 2003 1071 2062 pullum
1101 2003 1342 2060 probitatis
1370 2002 1627 2060 incognitae

79 2091 121 2126 ²5
138 2077 399 2136 gradarium
418 2075 646 2134 promittit
665 2075 714 2117 in
734 2074 943 2117 futurum
958 2076 1004 2117 et
1024 2072 1182 2117 fractis
1201 2072 1428 2130 gressibus
1448 2072 1628 2116 mollius

138 2147 419 2191 incedentem
434 2145 712 2205 propensiori
727 2144 860 2188 laude
875 2144 924 2187 in
938 2143 1167 2188 stabulum
1182 2143 1354 2187 incauti
1367 2142 1630 2187 mercatoris

138 2217 356 2262 extrudit.

142 2316 247 2374 Cap.
273 2329 340 2371 19.
384 2315 450 2358 De
469 2314 539 2358 his
564 2313 649 2370 qui
674 2312 997 2369 impudentius
1015 2311 1224 2363 irruunt,
1244 2311 1338 2355 sine
1356 2310 1627 2355 dissimula-

258 2385 382 2429 tione
430 2383 712 2435 ambitionis,
750 2398 861 2440 quos
908 2397 1052 2440 neque
1091 2382 1213 2426 ratio
1252 2396 1332 2426 nec
1375 2381 1629 2425 auctoritas

81 2476 130 2512 30
261 2454 511 2512 reprimere
533 2456 687 2510 potest.

203 2536 471 2582 Consistunt
510 2550 534 2578 e
573 2534 755 2592 regione
804 2548 939 2591 quam
988 2533 1172 2590 plurimi
1215 2547 1499 2590 nequaquam
1538 2532 1629 2576 dis-

143 2607 408 2652 simulantes
434 2604 714 2663 propositum
741 2604 820 2647 sed
846 2603 1107 2647 ambitionis
1133 2603 1260 2660 quasi
1281 2602 1353 2662 (ut
1379 2602 1469 2646 dici
1496 2602 1627 2661 solet)
1643 2602 1675 2642 b

147 2722 190 2758 17
216 2713 376 2749 acutata
408 2709 540 2746 GBSM
713 2718 762 2744 20
802 2709 842 2745 et
874 2718 1040 2754 persone
1072 2706 1260 2754 temporis
1294 2705 1362 2744 0¹:
1401 2718 1560 2754 persone
1589 2708 1631 2746 et

142 2759 327 2807 temporis
344 2759 378 2795 A
393 2770 507 2804 mar-9.

197 2857 241 2893 16
262 2855 459 2902 piscatori:
483 2864 537 2889 sc.
554 2852 678 2888 Petro.
768 2850 879 2895 fabri
893 2849 1014 2885 Filio:
1039 2859 1090 2885 sc.
1108 2846 1269 2884 Christo.
1402 2857 1448 2894 23
1473 2859 1606 2894 manqo
1618 2857 1631 2884 t

145 2905 229 2942 Hoc
245 2902 470 2940 vocabulum
484 2900 531 2937 de
548 2910 740 2937 servorum
752 2896 1011 2934 venditoribus
1024 2895 1174 2943 saepius
1190 2896 1419 2944 usurpatum
1432 2895 1481 2932 ad
1493 2907 1633 2933 mercar-

144 2954 275 2992 turam
291 2948 562 2988 iumentariam
577 2947 784 2985 transferre
801 2945 952 2982 videtur
968 2944 1071 2982 Suet.
1095 2945 1198 2992 Vesp.
1215 2954 1255 2990 4.

207 3030 288 3050 mn
304 3029 326 3049 n
880 3019 905 3047 Ζ
1455 3010 1521 3056 169
