1846 3262
678 217 992 263 APPENDIX
1034 218 1084 262 II

284 335 389 372 Mors
411 333 545 380 instat,
568 334 656 371 finis
679 336 872 381 properat,
897 332 1136 382 fugitiuaque
1159 334 1242 371 uita·

333 393 455 438 Cedit,
483 395 522 431 et
546 394 589 430 ut
615 393 742 430 fumus
767 391 893 440 gloria
917 404 1064 439 queque
1089 392 1199 439 perit.

285 453 415 491 Herba.
439 452 566 489 uirens
590 451 704 490 hodie
729 463 813 489 cras
838 452 905 489 fiet
930 451 1100 489 marcida
1124 452 1269 496 fenum,

332 511 435 548 Hinc
460 511 569 548 cibus
593 510 695 558 ignis
719 511 812 553 erit;
845 510 898 548 sic
923 511 1045 548 honor
1070 510 1194 548 omnis
1217 510 1310 548 abit.

284 570 428 608 Fenum
452 570 635 608 iumentis
659 570 766 607 cibus
790 572 858 614 est,
883 572 923 607 et
946 582 990 608 eo
1015 570 1230 614 saciantur;

333 629 466 666 Gloria.
491 641 583 676 quos
608 629 734 676 pascit
759 641 837 665 non
861 631 1080 666 saturantur
1103 640 1161 666 ea.

285 688 457 726 Candida
481 688 659 736 denigrat
682 691 722 725 et
745 688 877 725 turbat
901 688 1047 724 lumina
1071 688 1198 725 fumus
1217 700 1227 731 ς

334 747 509 785 Mentem
534 760 581 786 ne
605 747 737 785 uideat
762 747 911 795 optima
933 749 1040 784 cecat
1063 747 1199 784 honor.

284 806 469 844 Inmentis
492 806 594 843 fiunt
619 806 772 851 similes,
797 806 951 843 racione
977 807 1161 850 carentes,

334 865 468 903 Gloria
492 877 587 913 quos
611 865 779 902 tumidos
803 864 928 902 reddit
954 866 994 902 et
1017 864 1129 902 inflat
1153 865 1288 903 honor.

641 926 748 960 Deest
771 935 899 960 uersus
921 925 1126 960 hexameter

332 982 430 1029 Quid
456 983 620 1020 mundus
644 985 751 1020 totus
774 981 959 1019 utilitatis
983 981 1114 1019 habet.

284 1042 365 1080 Hec
389 1054 562 1089 possessa
585 1042 653 1078 diu
676 1041 874 1087 multoque
899 1043 1059 1087 peracta.
1082 1040 1214 1078 labore

330 1101 467 1139 Mortis
491 1101 534 1137 in
558 1101 731 1138 aduentu
755 1099 916 1147 dissipat
939 1099 1035 1137 hora
1057 1099 1195 1136 breuis.

284 1160 430 1197 Multus
453 1160 495 1196 in
515 1159 575 1196 his
599 1159 710 1196 labor
733 1160 792 1196 est
817 1160 856 1195 et
880 1157 1047 1194 maxima
1070 1158 1301 1204 sollicitudo,

332 1219 416 1266 Sed,
442 1231 530 1256 eum
555 1217 764 1261 floruerint,
791 1216 930 1254 ultima
954 1217 1079 1254 luctus
1102 1216 1230 1254 habet.

282 1277 522 1325 prosperitas
547 1277 669 1314 fallax
693 1278 732 1313 et
757 1276 938 1313 deliciosa
962 1276 1143 1323 uoluptas

331 1336 430 1374 Sunt
455 1336 593 1383 quibus
617 1336 792 1373 arrident
816 1334 1047 1382 perdicionis
1070 1335 1215 1378 honus;

283 1394 488 1433 Extollunt
513 1395 663 1440 stultos,
689 1406 784 1442 quos
807 1395 1003 1441 insperata
1025 1393 1136 1430 ruina

330 1455 456 1492 Deieit
481 1457 522 1492 et
546 1455 703 1492 tandem
728 1453 864 1491 mortis
889 1453 938 1490 ad
961 1464 1052 1500 yma
1074 1451 1227 1500 premit.

285 1514 359 1552 Sed
385 1514 479 1561 quid
502 1514 573 1550 hos
598 1524 758 1561 magnos
782 1513 939 1559 reputat
963 1511 1032 1559 qui
1058 1512 1170 1549 rebus
1193 1511 1421 1548 habundant

330 1572 382 1610 Et
408 1585 467 1610 res
491 1574 695 1619 propterea
718 1570 984 1618 multiplicant
1008 1572 1048 1608 et
1072 1572 1217 1615 amant,

282 1632 547 1680 Multiplicata
569 1633 700 1668 tamen
724 1629 861 1667 alienis
886 1631 1028 1666 cuncta.
1050 1628 1283 1675 relinquent,

331 1691 384 1729 Et
409 1703 496 1728 cum
520 1702 624 1728 mors
649 1689 787 1735 aderit,
812 1689 962 1726 diuidet
984 1689 1056 1726 hec
1080 1688 1128 1725 ab
1155 1687 1241 1726 eis‘?

282 1749 437 1787 Nudum
462 1762 576 1797 quem
599 1749 703 1786 fudit
726 1747 906 1796 genitrix,
930 1747 1034 1784 hunc
1058 1748 1163 1785 terra
1186 1749 1352 1784 resumet

328 1809 503 1855 Nudum3
536 1808 590 1846 sie
615 1808 783 1845 hominis
809 1806 934 1845 exitus
958 1806 1085 1843 omnis
1109 1806 1193 1843 erit.

282 1868 355 1914 Qui
379 1868 592 1906 cumulauit
617 1879 709 1915 opes
734 1878 807 1904 nec
832 1878 895 1903 eas
919 1865 1095 1912 dispersit
1120 1865 1264 1912 egenis,

329 1927 516 1965 Omnibus
540 1927 607 1964 ille
631 1926 743 1964 bonis
767 1937 917 1972 semper
941 1924 1071 1972 egebit
1094 1923 1217 1971 inops.

281 1987 390 2025 Felix
413 1986 482 2034 qui
506 1986 618 2024 rebus
642 1985 759 2023 fuerit
783 1985 837 2021 sic
861 1983 1047 2030 temporis
1070 1995 1158 2019 usus

329 2046 419 2084 Post
443 2046 515 2084 hec
541 2045 681 2082 eternis
706 2043 826 2091 possit
850 2045 894 2080 ut
918 2044 1001 2090 ipse
1025 2042 1115 2078 frui.

281 2104 374 2142 Vita
397 2104 490 2152 quid
515 2106 572 2142 est
594 2102 764 2140 hominis
777 2103 798 2138 *Ρ
828 2101 956 2138 breuis
980 2100 1205 2147 expectaeio
1229 2099 1388 2143 mortim

329 2162 525 2211 Exoptata.
548 2163 657 2199 uenit
680 2173 794 2207 mors,
819 2160 897 2198 cito
922 2160 1006 2196 uita
1030 2160 1145 2207 fugit.

282 2222 334 2261 Et
359 2222 452 2270 quid
475 2223 521 2259 de
546 2221 629 2259 uita.
652 2220 899 2269 presumitur,
925 2218 1100 2257 omnibus
1123 2218 1229 2255 horis

331 2282 427 2320 Cum
452 2281 505 2318 sit
529 2281 571 2317 in
596 2279 743 2316 insidiis
767 2290 876 2322 morS,
902 2278 1099 2314 subeunda.
1123 2277 1272 2315 semel?

284 2342 389 2379 Mors
412 2353 489 2378 non
515 2340 664 2387 effugit,
688 2339 811 2375 dilata
834 2337 928 2374 licet
951 2336 1141 2373 uideatur.

329 2400 496 2438 Cunctos
519 2399 725 2436 inuoluens
749 2408 851 2433 mors
875 2395 972 2433 facit
998 2407 1097 2443 equa.
1120 2407 1254 2442 pares;

282 2461 362 2497 Aut
385 2472 484 2508 puer
506 2461 575 2496 aut
599 2456 750 2495 iuuenis
775 2458 842 2493 aut
866 2455 930 2492 uir
953 2458 1022 2492 aut
1045 2455 1216 2502 pluribus
1240 2454 1349 2491 annis

331 2519 506 2556 Maturus
530 2517 667 2554 mortis
692 2515 825 2553 debita
851 2514 977 2552 soluet
999 2514 1126 2552 homo.

283 2577 381 2623 Quid
404 2578 525 2615 refert
549 2575 704 2624 quando
729 2573 921 2611 moriatur
943 2573 1011 2620 qui
1034 2573 1240 2611 moriturus

330 2636 512 2674 Nascitur
536 2637 577 2673 et
600 2634 706 2672 nullo
731 2636 905 2680 tempore
929 2635 1036 2670 tutus
1061 2632 1167 2670 erit?

285 2695 365 2734 Rex
389 2696 504 2733 simul
529 2697 570 2734 et
592 2694 738 2742 uulgus,
762 2692 912 2740 pariter
937 2704 1024 2729 cum
1049 2702 1218 2739 paupere
1243 2689 1350 2727 diues

330 2755 493 2804 Cogitur
517 2753 662 2792 inuitus
686 2751 822 2789 mortis
845 2751 947 2789 inire
972 2751 1068 2789 uias.

646 2893 704 2926 91.
725 2880 753 2916 Ζ.
771 2890 835 2917 eos
921 2881 943 2913 1.
961 2881 1108 2922 reputas

1438 2954 1512 2989 437*

1574 1463 1622 1499 90

1550 2052 1619 2079 100

1549 2641 1618 2669 110
