1846 3262
119 223 224 260 oar.
245 211 380 276 xxw]
640 214 1084 261 POLICRATICVS
1620 215 1691 267 815
1712 217 1743 257 b

121 336 339 380 curiosius
359 339 618 381 scrutantur
637 337 876 380 uerborum
900 337 1129 395 originem,
1155 337 1322 380 dicitur
1340 350 1368 380 a
1387 335 1601 388 uolendo;

122 409 168 450 et
188 406 324 450 sudor
343 406 438 450 eius
458 406 653 450 laborem
674 409 720 450 et
746 407 978 464 angustias
997 407 1166 451 indicat
1185 409 1420 464 corruptae
1440 406 1598 449 uolun-
1617 413 1644 444 c

122 475 245 519 tatis.
305 475 355 520 Si
375 491 481 534 ergo
500 476 688 519 sudatur
708 476 756 519 in
782 491 833 520 eo
863 477 940 534 qui
970 477 1204 520 confirmat
1234 491 1310 520 cor
1334 476 1528 519 hominis
1555 479 1602 518 et

123 545 260 589 etiam
281 545 329 588 in
349 546 563 589 sumendo
587 546 706 603 quod
732 546 928 599 letificat,
953 547 1061 604 quid
1091 550 1159 590 est
1191 546 1308 604 quod
1335 547 1431 590 sine
1451 546 1602 589 labore

83 631 104 666 5
123 616 209 660 sibi
229 619 392 660 natura
410 617 612 660 mortalis
631 617 783 660 credat
812 617 1070 662 indultum?
1128 618 1293 661 Anima
1322 617 1407 661 sibi
1431 617 1602 660 dictum

123 687 280 731 recolit
312 687 431 744 quod
465 687 600 730 matri
627 687 827 730 omnium
862 690 1064 731 nostrum
1106 687 1340 745 peccatrici
1379 687 1604 731 sententia

124 756 352 802 Creatoris
366 757 561 800 intorsit.
611 757 735 800 Parit
751 772 856 815 ergo
871 758 918 800 in
939 758 1089 801 dolore
1109 758 1224 801 filios
1243 758 1467 801 uirtutum
1488 771 1603 814 quae

123 828 220 872 sine
239 828 390 872 labore
410 828 531 886 parit
556 827 750 872 sobolem
777 828 1003 872 uitiorum.
1078 828 1256 871 Natura
1284 842 1476 884 namque
1504 841 1604 884 pec-

123 898 271 942 catrix
290 898 348 941 ad
368 898 535 941 malum
555 913 697 955 prona
717 901 785 941 est
805 901 851 941 et
874 901 1084 955 corrupta
1113 898 1171 941 ab
1197 897 1493 941 adolescentia
1511 911 1604 947 sua,

66 981 108 1008 ιο
125 983 240 1026 quae
259 972 355 1012 etas
375 968 538 1026 origini
558 968 795 1022 uicinatur,
812 971 866 1012 ut
885 968 980 1011 sine
1000 969 1151 1012 labore
1170 970 1216 1012 et
1231 967 1492 1011 difficultate
1511 966 1603 1009 labi

125 1042 172 1082 et
190 1053 280 1082 non
299 1038 441 1096 possit
461 1038 572 1096 erigi
602 1038 660 1081 ad
685 1038 801 1082 bona
826 1038 922 1081 sine
945 1038 1096 1082 labore
1122 1040 1168 1082 et
1195 1040 1343 1081 erecta
1368 1037 1463 1080 sine
1489 1036 1604 1079 diffi-

123 1109 293 1153 cultate
313 1111 360 1152 et
377 1108 526 1166 gratia
545 1111 665 1151 stare
685 1123 775 1151 non
798 1108 950 1166 possit.
1011 1108 1136 1151 Parit
1162 1108 1314 1165 itaque
1342 1107 1468 1159 uitia,
1488 1106 1604 1149 filias

124 1179 283 1236 utique
301 1193 392 1222 non
411 1178 536 1229 filios,
565 1178 661 1222 sine
691 1178 841 1221 dolore
870 1178 947 1221 sed
973 1177 1263 1235 proculdubio
1292 1177 1350 1220 ad
1380 1176 1576 1219 dolorem
1593 1178 1648 1228 ;d

125 1248 204 1292 sed
218 1249 267 1291 in
286 1248 436 1292 dolore
454 1248 581 1299 filios,
597 1248 675 1291 sed
689 1248 820 1305 plane
833 1248 890 1291 ad
902 1248 1117 1306 gaudium
1132 1262 1222 1291 non
1234 1247 1444 1290 dolorem.
1484 1246 1605 1303 Ergo

66 1328 108 1364 ¹⁵
119 1318 372 1377 Epicureus
390 1321 598 1361 uersatur
615 1318 664 1360 in
684 1318 846 1370 dolore,
857 1318 984 1362 cuius
998 1318 1096 1361 uita
1107 1317 1223 1361 filios
1237 1317 1357 1375 parit
1376 1319 1458 1359 aut
1476 1316 1605 1366 filias,

125 1393 172 1433 et
189 1403 365 1446 semper
374 1392 629 1446 praesentes
641 1391 722 1431 aut
738 1388 916 1432 futuras
927 1387 1179 1446 ingemiscit
1193 1386 1436 1445 angustias.
1485 1385 1606 1428 Nam

124 1461 219 1510 aut,
237 1461 291 1502 ut
309 1461 457 1502 cetera
474 1460 658 1510 taceam,
669 1459 978 1516 praesentibus
992 1473 1083 1501 non
1095 1458 1264 1501 letatur
1282 1460 1374 1507 aut,
1394 1456 1432 1499 si
1452 1469 1607 1499 caecus

125 1543 216 1573 non
236 1532 316 1581 est,
337 1528 444 1572 dum
459 1543 609 1571 rerum
629 1528 817 1571 metitur
830 1528 992 1580 exitus,
1007 1543 1060 1571 ea
1078 1530 1309 1584 tamquam
1329 1526 1542 1570 abeuntia
1562 1528 1609 1569 et

127 1598 352 1658 fugientia
380 1598 595 1656 deplorat.
665 1598 789 1642 Letis
820 1599 985 1642 etenim
1018 1601 1137 1642 stare
1166 1600 1380 1655 negatum
1412 1599 1491 1647 est,
1519 1595 1608 1639 nisi

64 1687 111 1712 20
128 1669 229 1727 quis
247 1669 414 1713 letetur
432 1669 481 1711 in
500 1668 591 1712 illis
610 1683 724 1725 quae
745 1668 926 1711 beatum
957 1668 1131 1711 faciunt
1157 1671 1238 1711 aut
1269 1667 1327 1710 ad
1346 1669 1608 1724 perpetuam

127 1739 366 1798 proficiunt
385 1739 540 1782 uitam.
600 1739 820 1782 Pmeterit
846 1753 1038 1795 namque
1067 1738 1262 1781 mundus
1291 1737 1365 1780 hic
1394 1739 1440 1779 et
1460 1736 1610 1779 omnia

127 1809 439 1854 desiderabilia
486 1809 604 1862 eius3
655 1808 986 1866 quantumlibet
1024 1808 1284 1851 blandiatur
1332 1806 1525 1850 incautis
1564 1808 1611 1849 et

128 1878 280 1923 dulces
318 1879 521 1923 fallaciae
556 1894 663 1922 suae
697 1879 905 1936 propinet
950 1878 1192 1930 illecebras,
1230 1876 1474 1920 nouissima
1514 1875 1610 1919 eius

129 1949 287 2005 quouis
316 1949 511 1992 absintio
540 1949 760 1992 amariora
789 1951 906 1992 sunt.
967 1948 1037 1999 Et,
1065 1947 1171 2005 quia
1197 1947 1312 1990 ratio
1331 1948 1610 2003 praesentem

69 2029 111 2064 ²5
129 2021 299 2062 statum
319 2019 414 2062 eius
434 2018 744 2076 imperfectum
765 2033 859 2061 esse
878 2032 1194 2074 usquequaque
1214 2016 1451 2066 conuincit,
1464 2016 1611 2058 nescio
1629 2019 1703 2059 816
1726 2028 1755 2057 a

130 2088 240 2146 quid
261 2089 451 2132 solidum
471 2103 645 2146 semper
663 2088 898 2145 pollicetur
926 2088 975 2130 in
1004 2091 1231 2144 posterum
1263 2089 1315 2128 ut
1338 2086 1385 2128 in
1405 2085 1612 2128 omnibus

130 2159 407 2202 amatoribus
427 2160 473 2201 et
493 2158 755 2215 sequacibus
779 2158 871 2200 suis
898 2172 978 2200 nec
1007 2171 1148 2199 unum
1178 2156 1236 2199 ab
1270 2155 1401 2198 initio
1430 2155 1613 2198 duxerit

131 2229 191 2272 ad
218 2228 467 2287 perfectum
498 2232 578 2272 aut
611 2228 708 2271 uoti
740 2231 988 2284 compotem
1024 2226 1193 2270 fecerit.
1254 2226 1374 2269 Hinc
1405 2227 1472 2268 est
1493 2225 1612 2282 quod

131 2314 297 2342 auarus
311 2299 359 2341 in
370 2299 529 2342 mediis
541 2298 700 2355 opibus
712 2298 864 2348 esurit,
875 2300 1032 2354 potens
1045 2299 1090 2340 et
1105 2295 1360 2353 praesidens
1376 2295 1424 2337 in
1439 2309 1612 2338 summo

65 2386 116 2421 30
132 2369 316 2427 fastigio
346 2369 498 2420 seruit,
528 2369 575 2411 in
607 2367 832 2425 profundo
862 2367 975 2410 luxu
1003 2367 1322 2423 uoluptuosum
1351 2365 1507 2423 gaudii
1536 2365 1611 2408 de-

131 2439 278 2483 fectus
317 2439 457 2496 angit,
490 2440 537 2481 et
571 2437 717 2480 famae
748 2451 908 2494 procus
941 2439 986 2480 et
1024 2436 1198 2494 gratiae
1230 2435 1278 2477 in
1312 2438 1408 2478 toto
1437 2437 1614 2478 tumore

136 2553 176 2579 11
204 2543 332 2579 erecta
347 2544 500 2589 scripsi:
526 2542 675 2578 erectus
693 2540 859 2577 GBASM
982 2549 1024 2577 12
1050 2550 1129 2576 non
1145 2537 1268 2586 possit
1284 2540 1385 2575 stare
1402 2536 1443 2574 S¹
1565 2548 1614 2574 20

132 2590 227 2638 illis]
245 2589 305 2626 his
323 2589 363 2625 Μ
507 2599 555 2634 24
579 2587 773 2625 absinthio
790 2587 857 2624 SM

183 2701 204 2737 3
229 2702 269 2726 eo
285 2702 294 2726 :
322 2701 371 2726 sc.
383 2700 506 2735 pane;
530 2701 563 2724 v.
581 2688 641 2726 Ps.
658 2687 734 2725 ciii.
759 2696 811 2733 15.
1021 2695 1042 2732 7
1068 2687 1175 2722 Parit
1192 2687 1265 2722 etc.
1281 2695 1291 2722 ε
1317 2697 1351 2723 v.
1367 2682 1461 2722 Gen.
1478 2683 1534 2720 iii.
1556 2685 1612 2723 16.

133 2739 156 2775 8
178 2739 325 2774 Natum
350 2749 504 2784 namque
528 2738 621 2773 etc.:
648 2735 695 2772 cf.
714 2747 816 2772 conc.
835 2734 1028 2772 Tolletani
1053 2745 1088 2770 a.
1108 2735 1179 2779 633
1199 2731 1326 2769 habiti
1346 2743 1531 2769 canonem
1551 2743 1613 2779 ap.

135 2785 243 2822 Grat.
263 2787 367 2821 Deer.
387 2784 435 2820 ΙΙ.
451 2783 518 2821 xii.
536 2795 567 2821 1.
585 2796 617 2821 c.
641 2795 654 2820 1
677 2783 751 2830 (ed.
771 2783 987 2830 Friedberg.
1006 2781 1031 2818 i.
1048 2782 1134 2826 676)
1155 2783 1282 2817 Omnis
1304 2785 1403 2816 aetas
1426 2781 1471 2816 ab
1495 2782 1613 2817 adole-

133 2837 269 2871 scentia
287 2836 328 2869 in
346 2834 484 2868 malum
496 2844 618 2878 prona
635 2837 694 2867 est.
890 2841 935 2868 10
958 2831 1034 2866 labi
1044 2842 1053 2865 ε
1080 2828 1239 2865 subaudi
1250 2830 1379 2875 possit.
1566 2837 1610 2866 21

134 2883 314 2920 Praeterit
330 2883 422 2918 eta:
447 2893 479 2917 v.
498 2892 515 2916 1
535 2880 618 2917 Cor.
634 2878 696 2915 vii.
714 2888 772 2925 31.
942 2888 987 2924 23
1013 2879 1214 2914 nouissima
1230 2879 1322 2914 etc.:
1347 2888 1380 2913 v.
1399 2875 1508 2912 Prov.
1527 2888 1558 2912 v.
1577 2886 1612 2921 4.

1434 2957 1503 2991 413
