1846 3262
165 219 271 256 σΔΡ.
287 208 355 272 11]
689 209 1133 255 POLICRATICVS

166 334 371 393 agnoscit
419 337 473 378 ut
519 333 762 378 dumtaxat
803 333 926 377 illius
970 332 1065 376 fere
1108 331 1390 390 amplexibus
1439 331 1656 389 capiatur.

169 404 366 449 Odorem
404 405 651 463 pantherae
691 408 840 448 cetera
882 406 1133 461 sequuntur
1179 402 1393 446 animalia
1438 405 1497 453 et,
1536 401 1657 459 quod

168 475 421 519 mirabilius
449 479 529 527 est,
549 477 692 534 pisces
712 475 760 518 in
780 474 1038 533 gurgitibus
1064 474 1123 517 ad
1150 473 1342 531 speciem
1369 473 1469 516 auri
1495 486 1655 516 conue-

165 545 328 599 niunt;
357 546 477 590 unde
498 549 544 590 et
566 546 782 590 seuientis
800 545 1008 588 luxuriae
1027 545 1272 602 imperator
1285 542 1408 587 Nero
1427 542 1589 595 aureis,
1602 546 1655 585 ut

125 632 148 669 5
167 615 345 668 dicitur,
366 617 537 661 retibus
556 617 827 675 piscabatur.
886 615 1008 670 Quid
1027 615 1202 659 multa?

285 699 435 743 Torua
463 698 591 743 leena
619 699 777 757 lupum
806 699 1022 756 sequitur,
1051 698 1185 755 lupus
1214 697 1310 755 ipse
1339 695 1568 754 capellam,

283 758 518 802 florentem
547 758 759 802 cithisum
788 758 993 815 sequitur
1021 757 1190 800 lasciua
1218 755 1398 814 capella,

167 842 215 883 et
234 839 282 883 in
302 839 422 883 hunc
442 840 625 883 modum
645 839 879 897 uoluptate
909 853 992 882 sua
1018 839 1266 882 trahuntur
1288 838 1507 896 plurima;
1536 837 1657 895 quod

168 911 241 966 (ut
267 910 418 969 credo)
448 910 627 954 euenire
656 925 747 953 non
776 912 927 967 posset
956 909 994 952 si
1025 909 1081 952 de
1114 908 1424 952 affectionibus
1453 908 1547 952 suis
1581 908 1656 951 uel

109 994 152 1020 xo
168 980 305 1024 bruta
324 980 537 1024 animalia
557 980 830 1024 dubitarent.
891 979 980 1034 Qui
996 994 1103 1037 ergo
1117 979 1176 1022 ad
1191 979 1371 1037 singula
1385 979 1523 1022 nescii
1536 982 1655 1030 sunt,

168 1065 259 1108 qua
284 1051 540 1094 temeritate
559 1051 633 1094 uel
652 1050 934 1108 impudentia
957 1050 1303 1108 philosophandi
1332 1049 1655 1107 professionem

168 1121 424 1179 arripiunt?
484 1122 604 1165 Nam
625 1122 742 1165 sicut
771 1122 830 1165 ab
857 1136 909 1165 eo
937 1121 1057 1179 quod
1083 1123 1243 1163 notum
1266 1123 1335 1163 est
1360 1121 1498 1171 notio,
1518 1120 1581 1163 sic
1609 1123 1657 1163 et

166 1191 285 1235 ratio
304 1191 363 1235 ab
382 1206 435 1235 eo
454 1192 575 1249 quod
594 1195 745 1235 ratum
761 1195 840 1243 est,
856 1192 904 1234 id
924 1194 994 1235 est
1013 1194 1186 1235 certum
1206 1194 1253 1234 et
1272 1191 1464 1241 firmum,
1478 1205 1657 1248 grama-

166 1262 256 1307 tice
276 1262 603 1306 denominatur.
664 1262 723 1306 Et
742 1261 945 1320 profecto
964 1262 1113 1305 inanis
1137 1264 1206 1304 est
1231 1261 1349 1304 ratio
1369 1260 1563 1304 hominis
1583 1261 1657 1305 cui

109 1347 152 1382 15
167 1333 307 1377 nichil
326 1333 585 1391 persuaderi
605 1335 755 1391 potest
773 1333 883 1390 quin
904 1347 1079 1390 semper
1098 1335 1145 1375 et
1167 1332 1216 1374 in
1246 1331 1454 1375 omnibus
1484 1331 1655 1389 opinio·

166 1418 277 1447 num
311 1403 483 1447 lubrico
521 1404 714 1448 uacillet.
788 1403 909 1458 Quid
939 1403 1059 1447 enim
1091 1403 1133 1446 ei
1164 1402 1447 1460 philosophia
1480 1401 1656 1445 'confert

167 1474 246 1532 qui
265 1489 441 1532 semper
458 1475 650 1518 fluctuat
670 1474 968 1533 opinionibus,
989 1477 1035 1517 et
1054 1473 1127 1517 cui
1147 1473 1196 1516 in
1216 1471 1492 1516 ostendenda
1515 1471 1655 1516 felici-

165 1545 278 1589 tatis
296 1545 375 1588 uia
393 1545 582 1589 rationis
602 1545 755 1589 lumen
778 1545 1008 1604 extinguit
1028 1547 1075 1588 et
1095 1544 1223 1602 quasi
1251 1543 1429 1587 oculum
1457 1543 1577 1586 eruit
1603 1546 1658 1586 ut

167 1616 345 1660 cautius
374 1619 422 1660 et
448 1616 614 1660 rectius
648 1619 809 1675 pergat
839 1617 991 1660 uiator
1023 1616 1096 1660 cui
1131 1618 1368 1658 ostensura
1402 1616 1471 1657 est
1500 1613 1657 1658 uiam‘ss

108 1698 154 1725 ὀ
167 1685 333 1731 Nonne
352 1690 399 1731 et
417 1686 662 1745 plurimum
683 1687 811 1730 obest
833 1687 901 1729 illi
925 1687 1004 1744 qui
1032 1686 1300 1730 excecatur?
1360 1683 1481 1738 Quid
1504 1684 1656 1741 potius

166 1761 381 1815 sequetur
418 1758 496 1815 qui
536 1760 667 1801 tanta
705 1757 1025 1801 contrarietate
1063 1755 1366 1799 distrahitur?
1438 1754 1557 1798 Sane
1596 1755 1655 1797 ad

164 1828 362 1886 patriam
390 1843 522 1871 nemo
550 1828 759 1886 peruenit
787 1827 876 1871 nisi
911 1828 990 1885 qui
1023 1842 1162 1871 unam
1192 1826 1397 1883 sequitur
1429 1825 1578 1877 uiam;
1610 1827 1656 1868 et

166 1898 246 1956 qui
266 1899 388 1942 omni
407 1899 546 1942 uerbo
570 1913 724 1942 aurem
749 1898 1064 1948 accommodat,
1084 1911 1331 1954 numquam
1356 1895 1536 1953 quietus
1556 1895 1655 1939 erit.

168 1968 332 2013 Nonne
351 1969 540 2013 similior
559 1973 628 2012 est
647 1969 862 2026 letargico
876 1972 958 2012 aut
971 1967 1203 2026 insipienti
1224 1967 1320 2010 siue
1340 1966 1499 2009 insano
1520 1981 1655 2022 quam

107 2048 150 2085 ²⁵
168 2039 436 2098 philosopho
456 2039 545 2097 qui,
560 2054 662 2083 cum
682 2040 844 2083 somnii
857 2039 1124 2090 meminerit,
1139 2054 1198 2081 an
1212 2037 1447 2081 dormierit
1462 2037 1654 2087 dubitat,

168 2114 227 2164 et,
257 2125 359 2155 cum
389 2110 488 2154 cibo
518 2110 710 2153 satiatus
740 2114 822 2163 est,
848 2125 909 2153 an
939 2110 1117 2153 ieiunus
1146 2109 1208 2152 sit
1238 2108 1391 2159 nescit,
1413 2111 1459 2150 et
1485 2107 1655 2150 nullius

167 2230 190 2268 7
214 2222 368 2259 citisum
385 2222 418 2258 Β
586 2232 610 2269 9
633 2221 835 2259 affectibus
852 2220 919 2258 SM
1092 2231 1139 2266 24
1162 2218 1371 2267 lithargico
1389 2218 1431 2254 M
1609 2225 1653 2264 25

166 2270 334 2318 sompnii
349 2271 409 2307 AS

166 2382 254 2408 moa:
270 2370 368 2416 (ἵνα)
387 2372 525 2407 uiderit
536 2383 629 2415 eam,
648 2369 828 2414 (fimena
843 2370 885 2404 in
901 2369 1025 2404 sinum
1040 2368 1204 2413 uiryim's
1220 2372 1253 2402 et
1268 2367 1516 2413 complectitur
1528 2376 1607 2400 eam
1623 2369 1659 2400 et

166 2421 221 2456 cic
235 2420 555 2465 comprehenditur
568 2424 600 2454 et
617 2419 824 2461 exhibetur3
852 2416 900 2453 cf.
921 2415 1062 2452 cahier
1078 2417 1111 2451 δε
1129 2414 1275 2451 Martin
1284 2416 1471 2459 Me'lanyes
1487 2412 1658 2449 d'Arche'-

166 2469 281 2513 01092'0
303 2466 345 2503 ii.
364 2477 445 2509 221,
464 2477 556 2509 222;
580 2466 648 2502 lib.
668 2468 712 2502 de
728 2466 862 2500 Bestiis
881 2476 995 2510 supra
1020 2463 1089 2499 cit.
1107 2463 1150 2498 ii.
1167 2465 1190 2499 6
1210 2462 1358 2508 (Migne
1377 2463 1421 2497 Ρ.
1438 2463 1483 2498 L.
1502 2460 1655 2497 clxxvii.

169 2517 245 2562 59).
318 2525 341 2551 2
360 2516 513 2551 odorem
518 2515 725 2561 pantherae
739 2514 811 2549 etc.
826 2525 835 2547 ε
862 2525 893 2548 v.
904 2511 971 2547 lib.
986 2513 1030 2547 de
1040 2513 1174 2547 Bestiis
1184 2522 1296 2556 supra
1307 2509 1372 2546 cit.
1385 2509 1426 2545 ii.
1437 2520 1482 2555 23
1493 2510 1656 2554 Suryens

167 2568 290 2599 autem
306 2575 330 2598 a
346 2575 481 2606 somno,
498 2564 622 2598 statim
644 2562 775 2598 emittit
798 2560 865 2606 (sc.
883 2558 1090 2606 panthera)
1112 2561 1275 2603 ruyitum
1290 2570 1365 2604 per
1383 2559 1511 2599 altum,
1529 2558 1654 2592 simul·

166 2623 236 2658 que
260 2612 405 2647 odorem
428 2612 567 2646 nimiae
590 2610 790 2646 suauitatis
813 2621 895 2644 cum
918 2609 1057 2653 myitu,
1074 2609 1128 2642 ita
1152 2612 1193 2642 ut
1217 2608 1307 2643 odor
1327 2608 1439 2641 huius
1456 2606 1656 2651 praecellat

166 2660 294 2695 omnia
318 2664 485 2694 aromata
510 2664 543 2693 et
562 2660 763 2704 piamenta.
825 2657 917 2692 Cum
948 2667 1030 2700 erqo
1058 2656 1247 2690 audierint
1277 2666 1398 2690 uocem
1426 2656 1505 2689 eius
1531 2664 1655 2689 omnes

166 2708 308 2751 bestiae,
326 2719 416 2752 quae
441 2708 544 2752 longe
567 2707 627 2742 uel
645 2717 762 2751 prope
785 2709 884 2748 aunt,
906 2708 1160 2749 oonyreqantes
1178 2715 1224 2744 se,
1251 2704 1409 2738 nimiam
1431 2703 1654 2737 suauitatem

166 2757 247 2791 eius
278 2760 491 2801 sequuntur.
537 2754 621 2790 Hoc
654 2753 758 2789 inter
788 2763 834 2788 ea
866 2754 924 2788 est
953 2762 1050 2798 quae
1079 2752 1235 2787 auctore
1260 2749 1489 2796 Physiologo
1515 2751 1651 2785 narrat

165 2802 340 2848 scriptor.
485 2812 508 2846 4
532 2803 629 2838 Nero
653 2803 750 2838 etc.:
781 2812 818 2836 v.
843 2799 947 2836 Suet.
970 2801 1058 2835 Ner.
1082 2811 1113 2835 c.
1132 2809 1189 2844 30.
1353 2799 1377 2834 6
1404 2799 1527 2834 Torua
1550 2799 1651 2833 etc.:

167 2862 202 2888 v.
217 2849 332 2896 Verg.
349 2851 428 2886 Ecl.
445 2849 485 2886 ii.
502 2851 634 2896 63-65.
771 2859 817 2894 23
841 2850 906 2895 qm·
921 2849 1023 2884 omni
1039 2847 1144 2882 uerbo
1160 2849 1232 2882 etc.
1248 2859 1259 2882 τ
1283 2846 1334 2882 cf.
1352 2845 1495 2882 Eccles.
1511 2844 1578 2881 vii.
1604 2855 1655 2882 22

166 2899 239 2935 Soa
253 2903 287 2934 et
302 2900 440 2935 cunctis
454 2899 682 2935 sermonibus
696 2898 762 2944 qui
776 2898 954 2933 «limantur
965 2908 1011 2932 ne
1027 2896 1267 2932 accommodes
1282 2906 1345 2931 eor
1357 2899 1474 2930 tuum.

234 2971 317 2990 mn
330 2970 352 2990 n
913 2963 940 2991 0
1496 2963 1540 2998 97

1674 209 1765 258 639
1785 209 1815 247 b

1673 553 1698 583 C

1673 1400 1702 1441 d
