1846 3262
112 200 191 257 770
213 217 237 247 c
584 204 847 250 ioANNis
889 204 1405 250 SARESBERIENsis
1507 173 1618 267 [m.
1634 219 1727 252 vm

213 340 237 370 c
255 325 437 368 minime
465 325 684 382 expedire,
705 339 893 381 eumque
920 324 1051 367 iussit
1080 324 1291 368 desistere
1320 325 1378 368 ab
1406 326 1595 383 incepto.
1654 325 1728 370 Sic

253 411 358 454 ergo
388 396 531 438 edicto
561 395 727 438 ciuium
757 395 955 437 antelata
985 397 1053 437 est
1082 395 1256 438 iustitia
1275 396 1563 452 prudentiae;
1592 396 1729 439 immo

254 469 300 508 et
319 480 408 508 non
430 480 523 508 esse
550 465 834 522 prudentiam
862 465 940 508 sed
966 465 1115 521 potius
1139 465 1430 509 calliditatem
1456 466 1527 509 cui
1553 466 1729 509 iustitia

253 535 528 577 aduersatur.
587 534 811 585 Zaleucus,
831 534 941 577 urbe
972 534 1256 577 Locrensium
1292 549 1319 577 a
1350 550 1396 578 86
1426 535 1728 578 saluberrimis

253 607 387 660 atque
415 603 665 647 utilissimis
692 603 864 661 legibus
891 603 1079 655 munita,
1109 618 1210 646 cum
1234 603 1354 646 filius
1383 604 1490 656 eius,
1517 604 1726 648 adulterii
1745 623 1765 658 5

252 673 436 716 crimine
461 673 740 730 dampnatus,
761 673 1002 716 secundum
1030 673 1101 716 ius
1125 673 1182 716 ab
1211 688 1261 716 eo
1285 674 1579 717 constitutum
1605 677 1726 718 utro-

253 757 338 799 que
379 743 505 786 oculo
545 743 715 800 priuati
756 742 972 795 debuerit,
1003 757 1054 786 ac
1093 745 1191 786 tota
1229 742 1388 786 ciuitas
1429 744 1477 786 in
1515 744 1727 787 honorem

251 812 393 869 patris
413 813 720 856 necessitatem
736 827 876 870 penae
891 813 1218 856 adolescentulo
1232 813 1492 865 remitteret,
1512 813 1726 870 aliquam-

250 882 328 924 diu
350 883 630 940 repugnauit.
680 882 752 925 Ad
773 883 982 926 ultimum
1003 883 1155 940 populi
1176 883 1379 940 precibus
1399 883 1582 934 euictus,
1602 883 1727 941 prius

252 966 332 995 suo
347 955 486 1003 eruto,
507 952 667 995 deinde
687 952 768 994 filii
789 953 927 1003 oculo,
947 967 1077 995 usum
1105 953 1287 996 uidendi
1311 952 1513 1010 utrisque
1533 953 1726 1011 reliquit.
1747 974 1789 998 10

253 1021 327 1064 Ita
347 1021 547 1064 debitum
568 1022 774 1079 supplicii
800 1023 982 1066 modum
1006 1022 1094 1080 legi
1114 1023 1310 1066 reddidit
1333 1023 1572 1080 aequitatis
1587 1024 1728 1067 admi-

254 1091 386 1134 rabili
436 1094 786 1149 temperamento
830 1107 877 1135 86
923 1092 1042 1135 inter
1086 1092 1412 1136 misericordem
1458 1096 1633 1150 patrem
1682 1096 1728 1137 et

210 1162 238 1202 d
255 1161 424 1204 iustum
473 1161 771 1219 legislatorem
820 1162 1025 1219 partitus.
1098 1162 1259 1205 Nonne
1307 1163 1520 1206 memoria
1567 1163 1727 1207 talium

254 1228 429 1274 fidelius
460 1231 684 1274 mentibus
716 1231 892 1274 inheret
921 1232 1177 1275 auditorum
1209 1247 1343 1290 quam
1378 1233 1415 1276 si
1455 1233 1726 1277 nebulonum

250 1300 465 1344 aluissent
484 1301 728 1344 exercitum
754 1305 835 1344 aut
861 1302 1106 1345 mutatoria
1131 1303 1325 1345 uestium
1351 1303 1583 1360 imperitae
1611 1303 1723 1346 mul·
1744 1324 1787 1360 ¹5

250 1370 460 1413 titudinis
490 1371 740 1428 aspectibus
770 1371 1086 1429 ingessissent?
1145 1373 1241 1430 Age
1273 1372 1381 1429 quid
1411 1372 1586 1416 Solonis
1619 1387 1726 1430 pru-

252 1441 405 1484 dentia
431 1441 625 1485 meruitz
685 1441 943 1495 Felicitatis,
969 1442 1128 1499 inquit,
1152 1443 1288 1486 index
1312 1443 1406 1487 dies
1432 1444 1619 1487 ultimus
1646 1448 1725 1496 est,

251 1515 297 1554 et
312 1511 622 1568 appellationis
637 1511 848 1554 honorem
864 1511 1055 1569 sapienti
1075 1513 1308 1556 confirmat
1323 1528 1457 1571 rogus
1470 1528 1480 1567 ;
1506 1514 1725 1571 siquidem

249 1595 400 1624 rerum
432 1581 563 1623 initia
597 1580 816 1624 debentur
850 1581 1069 1632 fortunae,
1104 1583 1429 1640 philosophiam
1468 1584 1587 1627 solus
1622 1599 1723 1628 con·

250 1653 394 1694 secrat
433 1650 547 1694 finis.
604 1650 756 1693 Idem:
806 1650 957 1694 Nichil
997 1651 1166 1694 homini
1205 1653 1506 1704 metuendum,
1540 1653 1627 1697 nisi
1666 1669 1722 1697 ne
1744 1675 1788 1699 σο

250 1719 576 1776 philosophiam
591 1719 694 1762 finis
707 1719 925 1763 excludat.
976 1720 1115 1773 Vnde,
1135 1736 1235 1764 cum
1257 1737 1313 1765 ex
1328 1723 1481 1766 amicis
1501 1723 1723 1780 quendam

250 1789 450 1847 grauiter
474 1792 744 1832 moerentem
765 1789 949 1840 uideret,
969 1790 1182 1847 perduxit
1200 1791 1248 1833 in
1268 1806 1413 1835 arcem
1433 1793 1725 1851 hortatusque

251 1861 319 1902 est
358 1862 410 1902 ut
449 1873 528 1916 per
567 1874 718 1902 omnes
749 1859 1048 1903 subiectorum
1083 1861 1357 1904 edificiorum
1395 1865 1545 1919 partes
1576 1863 1725 1907 oculos

250 1928 568 1972 circumferret.
628 1928 822 1972 Deinde:
869 1928 1030 1987 Cogita
1063 1945 1182 1974 nunc
1212 1934 1370 1983 tecum,
1399 1932 1559 1989 inquit,
1589 1948 1724 1990 quam

250 1998 383 2042 multi
423 1999 570 2042 luctus
616 1999 699 2042 sub
738 1999 808 2042 his
859 2000 990 2043 tectis
1029 2003 1075 2043 et
1120 2001 1225 2043 olim
1275 2001 1447 2045 fuerint
1501 2006 1547 2046 et
1592 2003 1723 2047 modo
1742 2021 1784 2056 ²5

114 2078 183 2119 771
203 2078 232 2109 a
249 2071 485 2111 uersentur
520 2071 565 2112 et
598 2069 646 2111 in
681 2069 968 2126 sequentibus
1002 2070 1160 2113 seculis
1195 2070 1286 2114 sint
1320 2070 1478 2125 futuri,
1513 2075 1559 2116 et
1592 2073 1724 2117 mitte

250 2139 507 2182 mortalium
536 2139 815 2182 incommoda
857 2142 1072 2196 tanquam
1114 2141 1296 2198 propria
1337 2141 1508 2194 deflere,
1542 2143 1659 2201 quia,
1686 2144 1724 2187 si

249 2211 367 2252 recte
397 2208 615 2259 intendas,
645 2208 778 2252 urbes
807 2209 945 2252 nichil
975 2209 1098 2252 aliud
1127 2213 1234 2253 sunt
1264 2225 1397 2268 quam
1427 2212 1724 2256 humanarum

249 2278 442 2322 cladium
458 2278 710 2321 miseranda
729 2282 949 2335 consepta.
1004 2279 1102 2322 Rex
1121 2280 1256 2322 etiam
1277 2280 1351 2323 ille
1373 2281 1551 2325 subtilis
1570 2282 1724 2327 iudicii

251 2362 382 2405 quem
404 2347 558 2390 ferunt
577 2348 772 2406 (auctore
793 2347 989 2406 Valerio)
1011 2349 1229 2392 traditum
1250 2350 1335 2393 sibi
1355 2350 1560 2394 diadema
1578 2352 1723 2409 prius·
1741 2367 1784 2400 30

251 2432 384 2474 quam
408 2417 545 2474 capiti
570 2417 828 2474 imponeret,
849 2420 1069 2461 recentem
1095 2433 1294 2476 pannum
1321 2420 1399 2463 diu
1426 2421 1723 2466 considerasse

248 2522 272 2555 4
297 2511 512 2548 lodensium
529 2510 663 2547 BASM
771 2511 791 2546 8
817 2509 1130 2547 adholescentulo
1146 2509 1214 2547 A¹:
1239 2511 1526 2550 adulescentulo
1544 2513 1569 2550 S
1680 2524 1729 2557 10,

249 2558 399 2604 utrique
417 2558 445 2594 C
613 2568 656 2602 14
680 2557 832 2594 inheret
849 2558 1041 2594 mentibus
1059 2558 1083 2595 S
1230 2568 1271 2604 17
1297 2559 1413 2597 index
1433 2563 1584 2607 scripsi:
1609 2561 1723 2600 iudex

251 2606 415 2643 CBASM
560 2616 606 2652 24
631 2605 798 2651 Deinde]
817 2605 977 2642 Demum
995 2605 1042 2640 Αι
1186 2616 1231 2653 27
1257 2607 1458 2644 incomoda
1474 2607 1536 2645 CB

299 2700 321 2733 4
346 2691 524 2726 Zaleucus
540 2691 638 2726 eta:
665 2688 748 2724 Val.
767 2687 868 2724 Max.
885 2687 932 2724 vi.
953 2697 981 2734 5.
999 2689 1076 2724 ext.
1095 2687 1113 2735 §
1134 2698 1167 2735 3.
1333 2698 1354 2734 7
1379 2690 1560 2727 debuerit:
1586 2693 1724 2728 deberet

250 2736 336 2774 Val.
355 2736 456 2773 Max.
579 2745 618 2783 15
647 2738 844 2772 mutatoria
860 2737 1037 2771 uestium:
1064 2736 1111 2772 cf.
1127 2746 1151 2781 4
1168 2735 1259 2784 Reg.
1275 2748 1307 2772 v,
1327 2746 1360 2783 5.
1410 2759 1411 2762 =
1484 2740 1527 2775 16
1543 2741 1620 2784 Aye
1683 2741 1723 2776 id

251 2786 393 2820 Solonis
420 2786 513 2821 etc.:
548 2796 584 2822 v.
606 2784 688 2820 Val.
713 2783 814 2820 Max.
831 2783 893 2820 vii.
911 2794 944 2819 2.
969 2785 1046 2819 ext.
1066 2782 1084 2830 ξ
1118 2794 1150 2820 2.
1294 2794 1342 2821 20
1365 2786 1490 2821 Nichil
1517 2788 1613 2823 eta:
1677 2798 1721 2823 oc

252 2831 398 2868 dictum
415 2843 493 2868 non
510 2832 628 2868 refert
644 2830 725 2868 Val.
740 2830 841 2867 Max.
862 2830 901 2867 in
917 2830 989 2867 100.
1006 2831 1073 2868 cit.
1171 2841 1213 2868 21
1241 2833 1351 2876 Vnde,
1369 2845 1451 2868 cum
1468 2834 1561 2870 etc.:
1586 2846 1619 2870 v.
1636 2834 1720 2871 Val.

252 2878 355 2916 Max.
372 2879 442 2916 loc.
460 2891 573 2926 supra
590 2879 656 2917 cit.
778 2889 824 2925 29
848 2880 928 2914 Rex
943 2880 1052 2915 etiam
1069 2881 1164 2916 etc.:
1196 2879 1278 2916 Val.
1298 2879 1402 2916 Max.
1420 2880 1484 2917 vii.
1502 2890 1535 2918 2.
1552 2883 1628 2919 ext.
1646 2881 1664 2929 ξ
1687 2891 1718 2929 5.

363 2943 423 2975 33²
