1846 3262
46 229 136 268 660
159 237 184 268 c
538 225 803 270 IOANNIS
846 223 1369 269 SARESBERIENSIS
1494 225 1609 281 [ΜΒ.
1632 235 1706 268 vn
1733 272 1736 275 ,

154 361 178 390 c
199 349 453 407 Pitagorici‚
473 348 745 400 audiantur3
787 347 894 390 dum
926 346 1113 398 animas,
1138 361 1250 404 quas
1277 346 1325 389 in
1353 345 1496 390 celum
1527 361 1688 390 euexe-

196 424 316 471 runt,
344 420 587 463 retrudunt
614 419 662 460 in
687 432 872 475 corpora
900 417 1158 468 bestiarum,
1186 417 1418 474 iuguletur
1446 417 1520 460 uel
1548 417 1688 461 Plato.

197 490 316 533 Nam
337 490 385 532 in
406 505 457 533 eo
479 490 736 547 Pitagoram
758 487 894 530 nimis
922 490 1101 530 secutus
1123 490 1191 530 est
1212 487 1331 544 quod
1352 487 1468 530 sicut
1488 490 1689 531 mortuos

196 575 253 603 ex
274 560 404 611 uiuis,
425 560 492 602 ita
517 574 573 602 ex
602 558 793 601 mortuis
819 557 1040 614 reciproce
1066 557 1197 600 uiuos
1227 557 1324 600 fieri
1355 556 1508 600 docuit
1537 560 1584 600 et
1609 571 1690 614 per

195 631 323 673 uaria
343 645 528 687 corpora
547 643 629 686 pro
650 643 826 671 morum
848 627 1068 685 qualitate
1089 627 1295 686 migrare.
1355 627 1485 670 Vnde
1505 627 1644 671 illud:
1709 646 1728 679 5

312 723 415 780 Ipse
446 738 539 780 ego,
569 737 675 765 nam
706 721 902 772 memini,
934 721 1116 765 Troiani
1147 725 1347 779 tempore
1376 720 1483 764 belli

314 782 554 825 Pantoides
586 781 814 824 Euforbus
846 795 979 832 eram,
1012 781 1084 824 cui
1115 783 1293 838 pectore
1324 780 1425 824 leuo

311 841 458 885 haesit
487 841 545 884 ab
575 841 766 884 aduerso
796 840 950 898 grauis
980 841 1113 883 hasta
1142 839 1329 883 minoris
1359 838 1560 882 Atridae.

194 933 268 977 Sic
289 949 395 992 ergo
416 934 626 991 legantur
640 935 694 976 ut
709 933 955 976 auctoritas
971 948 1062 976 non
1077 932 1355 991 praeiudicet
1369 932 1551 985 rationi3
1581 946 1687 974 nam

193 1007 239 1047 et
269 1004 426 1055 urtica,
457 1004 566 1047 dum
597 1018 698 1046 rosa
728 1003 906 1061 legitur,
937 1003 1205 1060 quandoque
1240 1018 1425 1046 manum
1458 1001 1688 1060 tangentis
1708 1018 1750 1042 10

194 1075 301 1118 urit.
353 1074 588 1132 Sapientia
608 1074 829 1131 siquidem
846 1073 948 1117 fons
969 1074 1153 1131 quidam
1175 1077 1243 1117 est
1265 1074 1319 1117 de
1341 1088 1429 1131 quo
1450 1072 1687 1131 egrediun-

147 1143 177 1182 d
195 1147 273 1188 tur
306 1145 495 1188 flumina
535 1160 649 1202 quae
689 1144 883 1202 irrigant
919 1159 1098 1187 omnem
1134 1146 1314 1195 terram,
1344 1147 1389 1187 et
1429 1159 1520 1187 non
1556 1143 1689 1187 modo

194 1219 344 1259 ortum
379 1216 640 1260 deliciarum
675 1215 858 1258 diuinae
893 1215 1086 1273 paginae
1127 1215 1303 1272 replent
1338 1215 1415 1258 sed
1451 1214 1588 1258 etiam
1628 1213 1687 1257 ad

193 1290 350 1344 gentes
371 1289 689 1344 pertranseunt
709 1289 762 1329 ut
782 1300 863 1329 nec
883 1285 1020 1329 etiam
1038 1286 1307 1343 Ethiopibus
1325 1285 1507 1329 omnino
1522 1284 1684 1328 desint.

193 1356 306 1399 Inde
326 1360 434 1400 sunt
452 1356 600 1399 floridi
621 1356 871 1399 redolentes
891 1359 937 1399 et
957 1355 1184 1400 fructiferi
1211 1356 1414 1414 gentium
1442 1355 1543 1407 orti,
1574 1370 1686 1413 quos
1706 1372 1747 1406 15

192 1427 230 1470 si
271 1426 389 1470 forte
429 1426 622 1485 simplex
662 1426 802 1470 lector
840 1426 1107 1484 ingreditur,
1146 1441 1322 1484 semper
1361 1426 1524 1485 poetici
1564 1426 1687 1470 illius

192 1497 471 1541 meminerit:

313 1590 402 1643 Qui
432 1590 583 1649 legitis
612 1590 744 1634 flores
775 1593 822 1633 et
851 1590 978 1633 humi
1008 1590 1239 1634 nascentia
1269 1589 1410 1648 fraga,

310 1649 516 1708 frigidus,
546 1664 572 1693 o
602 1649 742 1707 pueri,
773 1648 920 1707 fugite
951 1649 1068 1703 hinc,
1098 1649 1211 1692 latet
1240 1649 1402 1707 anguis
1431 1649 1480 1691 in
1510 1649 1662 1693 herba.

193 1741 313 1785 Nam
354 1744 401 1786 et
440 1757 574 1800 poma
614 1742 928 1800 Hesperidum,
961 1756 1075 1799 quae
1116 1742 1250 1786 draco
1285 1742 1478 1801 peruigil
1519 1746 1683 1796 seruat,
1704 1759 1750 1783 20

190 1813 343 1856 nullus
382 1815 587 1870 asportat
626 1812 820 1871 ignauus
859 1814 941 1855 aut
985 1812 1063 1870 qui
1114 1813 1359 1870 scripturas
1409 1828 1500 1856 non
1555 1814 1682 1871 quasi

191 1883 388 1941 uigilans
408 1883 569 1942 legerit
593 1883 671 1926 sed
699 1883 827 1941 quasi
852 1883 1102 1926 dormitans
1132 1883 1457 1941 sompniauerit
1484 1899 1536 1927 ac
1563 1884 1601 1927 si
1626 1884 1685 1927 ad

191 1953 327 1995 finem
357 1952 648 2010 legendorum
678 1956 812 1996 utens
842 1952 1089 1996 calcaribus
1117 1956 1338 2011 properet.
1398 1952 1584 1998 Certum
1616 1958 1685 1998 est

192 2023 299 2081 quia
325 2023 469 2067 fidelis
498 2023 638 2068 lector
667 2027 713 2067 et
743 2023 940 2081 prudens
970 2025 1016 2067 et
1046 2023 1124 2081 qui
1154 2024 1319 2067 litteris
1350 2039 1407 2067 ex
1437 2039 1585 2068 amore
1614 2025 1684 2068 in-

42 2094 121 2134 661
143 2104 173 2133 a
190 2093 366 2151 uigilat,
401 2093 516 2136 uitia
556 2108 731 2151 semper
770 2093 971 2136 excludit
1010 2096 1057 2137 et
1095 2093 1144 2136 in
1180 2094 1388 2137 omnibus
1422 2095 1593 2138 accedit
1624 2095 1681 2138 ad
1703 2109 1745 2144 ²5

190 2163 348 2208 uitam.
407 2162 528 2206 Hinc
558 2165 627 2206 est
656 2163 770 2206 illud
800 2163 996 2207 doctoris
1025 2163 1258 2207 doctorum
1289 2163 1526 2208 Ieronimi:
1566 2165 1684 2208 Ama

189 2234 422 2277 scientiam
453 2233 779 2291 scripturarum
810 2235 857 2277 et
886 2234 1034 2277 carnis
1064 2234 1180 2277 uitia
1210 2249 1302 2278 non
1332 2235 1517 2280 amabis,

191 2388 210 2415 1
238 2377 475 2464 pitltiagorilcf
502 2377 578 2414 AM
733 2389 754 2426 3
780 2378 1027 2427 pithagoram
1056 2379 1131 2416 AM
1266 2389 1307 2428 15
1327 2378 1437 2427 quos]
1464 2380 1570 2426 Quod
1586 2380 1685 2418 CBA
1743 2429 1745 2432 Α

191 2438 236 2474 23
263 2439 302 2464 es
339 2439 408 2464 om.

238 2582 261 2618 6
286 2582 371 2627 Ipse
387 2592 447 2626 eqo
465 2583 560 2617 etc-z
587 2579 653 2616 Ov.
671 2581 758 2616 Met.
774 2592 834 2617 xv.
858 2581 1032 2618 160—162.
1236 2590 1257 2627 7
1283 2583 1388 2619 leuo:
1414 2585 1598 2630 quondam
1616 2583 1682 2624 Ov.

191 2631 213 2666 8
238 2630 283 2665 ab
299 2642 308 2666 ι
335 2631 375 2665 in
395 2628 460 2665 Ov.
587 2639 631 2664 10
654 2630 774 2665 unica
790 2631 863 2666 etc.
880 2640 890 2665 τ
923 2630 1048 2666 Vrtica
1064 2634 1195 2666 uocata
1209 2631 1304 2677 quod
1323 2635 1440 2668 tactus
1457 2635 1536 2670 eius
1550 2643 1683 2679 corpus

191 2680 328 2713 adurat
343 2676 431 2714 Isid.
458 2678 556 2723 Orfy.
581 2675 670 2712 xvii.
689 2687 712 2723 9
731 2675 749 2723 ξ
769 2688 817 2722 44
836 2676 988 2724 (Migne
1012 2679 1055 2713 P.
1081 2679 1126 2714 L.
1151 2676 1283 2715 lxxxii.
1309 2679 1409 2725 629).
1561 2690 1615 2724 11,
1638 2689 1680 2717 12

190 2726 603 2771 eyrediunturflumina
620 2726 714 2761 etc.:
742 2737 774 2762 v.
792 2724 886 2762 Gen.
904 2725 943 2762 ii.
969 2737 1012 2761 10
1024 2737 1127 2772 seqq.
1292 2728 1334 2762 18
1362 2727 1433 2771 Qui
1449 2726 1569 2771 leyitie
1584 2729 1679 2766 eta:

190 2772 303 2820 Verg.
328 2774 408 2810 Ecl.
433 2772 489 2808 iii.
514 2783 572 2818 92,
601 2783 660 2818 93.
823 2783 870 2809 20
889 2775 1076 2819 peruigil:
1120 2785 1153 2810 v.
1175 2773 1345 2811 Macrob.
1373 2777 1447 2811 Sat.
1473 2774 1498 2810 i.
1525 2785 1573 2812 20
1598 2774 1617 2822 §
1645 2786 1678 2822 3.

191 2822 247 2864 26,
267 2830 311 2865 27
338 2823 436 2857 Ama
458 2822 647 2857 scientiam
671 2822 743 2858 etc.
762 2833 771 2858 ε
799 2820 958 2858 Hieron.
976 2823 1049 2867 Ep.
1067 2833 1175 2858 cxxv.
1193 2833 1224 2858 c.
1243 2832 1280 2858 11
1306 2822 1454 2869 (Migne
1471 2823 1512 2859 P.
1526 2824 1569 2859 L.
1587 2823 1681 2860 xxii.

194 2868 322 2914 1078);
346 2868 450 2906 idem
473 2868 571 2905 citat
595 2869 759 2905 Ioannes
783 2871 916 2905 noster
939 2868 981 2905 in
1006 2871 1080 2915 Ep.
1102 2880 1167 2916 143
1193 2869 1243 2906 ad
1262 2869 1471 2908 Henricum
1494 2869 1679 2908 comitem

189 2916 423 2964 Campaniae
442 2922 531 2963 (130
541 2917 582 2964 Β)
599 2929 608 2963 ;
635 2917 683 2953 cf.
703 2918 871 2964 Metaloy.
891 2916 916 2954 i.
934 2927 981 2963 24
1000 2917 1151 2965 (856A).

302 2998 367 3032 134
