1846 3262
134 247 236 282 on».
253 235 324 298 ιν]
658 237 1099 284 Poman'rIcvs

136 369 244 429 Cap.
265 384 307 424 4.
342 371 473 426 Quod
498 371 691 415 nullum
719 371 903 415 uitium
926 371 1065 428 peius
1092 369 1322 420 auaritia,
1343 383 1424 413 ‘nec
1454 366 1615 412 amavi

247 456 374 498 posse
397 441 482 498 qui
505 446 735 498 suspectus
759 445 818 485 est
839 441 1077 485 auaritiae
1089 459 1107 491 ;
1137 443 1178 484 et
1204 439 1258 483 de
1285 438 1468 496 duplici
1483 430 1625 494 fonte

252 511 560 563 liberalitatis,
590 516 629 556 et
669 515 773 555 uter
812 511 871 555 sit
903 511 1059 568 potior
1069 530 1089 562 ,-
1134 514 1174 554 et
1215 509 1270 554 de
1311 508 1527 553 Considio
1576 511 1616 551 et

100 672 121 707 5
198 661 294 706 Nec
331 666 495 715 tamen,
532 663 616 706 etsi
647 662 941 720 prodigalitas
972 661 1184 704 uideatur
1215 661 1263 703 in
1297 659 1440 717 culpa,
1471 659 1617 702 locum

140 732 336 776 arbitror
373 733 593 776 auaritiae
630 731 982 789 relinquendum.
1062 730 1251 774 Nullum
1291 729 1410 773 enim
1453 729 1619 772 uitium

139 801 337 846 deterius
372 806 451 854 est,
486 802 660 845 nullum
701 800 1022 852 detestabilius,
1056 799 1319 858 praesertim
1352 799 1402 842 in
1436 799 1507 842 his
1542 797 1620 855 qui

138 872 442 930 principatum
462 875 544 915 aut
563 871 878 930 magistratum
899 871 1094 928 aliquem
1115 870 1164 913 in
1179 884 1228 913 re
1247 869 1427 927 publica
1444 870 1620 926 gerunt.

141 941 246 985 Non
277 942 397 985 enim
426 956 497 985 res
526 942 625 999 ipsa
655 941 732 985 sed
762 941 898 985 etiam
928 940 1080 998 opinio
1110 940 1207 983 eius
1236 939 1424 982 uitanda
1454 941 1545 991 est3
1575 940 1622 981 et

82 1029 126 1056 ιο
143 1012 324 1056 omnino
344 1012 616 1070 impossibile
640 1016 709 1055 est
735 1014 789 1054 ut
816 1010 960 1054 fidelis
986 1009 1197 1054 uideatur
1216 1009 1351 1053 alicui
1372 1012 1453 1052 aut
1472 1022 1622 1051 amore

142 1082 308 1144 dignus
337 1082 416 1140 qui
446 1097 502 1125 ex
531 1082 693 1125 merito
722 1081 842 1138 apud
871 1095 1033 1138 graues
1060 1082 1106 1124 et
1132 1080 1472 1136 circumspectos
1501 1078 1623 1121 uiros

142 1152 363 1196 auaritiae
394 1152 691 1209 suspicionem
727 1150 927 1194 incurrit.
989 1149 1104 1194 Cum
1139 1164 1247 1192 uero
1278 1149 1377 1192 laus
1412 1152 1459 1192 et
1493 1148 1625 1191 fauor

141 1222 366 1266 humanus
393 1222 520 1279 quasi
550 1236 578 1264 a
607 1221 775 1279 duplici
807 1220 933 1264 fonte
960 1219 1240 1278 proueniant,
1267 1233 1427 1276 operae
1454 1217 1625 1261 scilicet

143 1295 190 1336 et
217 1292 443 1350 pecuniae,
467 1291 643 1335 facilior
673 1294 741 1334 est
770 1290 879 1334 haec
903 1289 1166 1347 praesertim
1191 1288 1414 1346 locupleti,
1441 1287 1519 1331 sed
1544 1286 1626 1330 illa

84 1366 126 1413 '¹5
142 1362 311 1406 lautior
330 1365 376 1405 et
395 1361 672 1419 splendidior
697 1364 743 1405 et
770 1361 950 1419 dignior
978 1360 1077 1403 uiro
1104 1358 1215 1403 forti
1240 1362 1287 1402 et
1312 1358 1443 1402 claro.
1504 1357 1624 1400 Nam

144 1433 223 1491 qui
242 1433 430 1476 uirtutis
450 1447 585 1490 opera
612 1434 658 1475 et
676 1430 902 1475 industria
922 1430 1127 1473 liberales
1147 1431 1293 1480 erunt,
1313 1443 1401 1486 quo
1420 1427 1626 1484 pluribus

143 1502 410 1562 profuerint,
430 1517 482 1546 eo
500 1502 651 1560 plures
671 1501 729 1545 ad
748 1500 1117 1545 benefaciendum
1137 1499 1368 1543 habebunt
1387 1498 1626 1540 adiutores.

146 1573 319 1618 Deinde
339 1572 647 1617 benefaciendi
672 1571 992 1616 consuetudine
1018 1570 1267 1628 paratiores
1291 1572 1425 1612 erunt
1448 1570 1495 1611 et
1514 1570 1627 1610 tam-

147 1658 283 1702 quam
310 1643 643 1687 exercitatiores
666 1642 725 1686 ad
751 1642 863 1685 bene
893 1642 949 1685 de
979 1640 1135 1684 multis
1163 1638 1516 1697 promerendum.
1577 1636 1628 1680 Si

88 1728 133 1754 ¹0
150 1717 303 1758 tamen
329 1713 466 1757 archa
484 1715 752 1770 suppeteret,
772 1711 911 1755 nichil
937 1710 1174 1770 gloriosius
1195 1713 1263 1753 est
1285 1724 1337 1752 ea
1357 1707 1629 1751 liberalitate

150 1799 264 1842 quae
283 1783 488 1828 consistit
502 1784 551 1826 in
566 1783 717 1836 donis;
747 1782 942 1826 maxime
962 1797 1063 1825 cum
1083 1784 1129 1824 et
1146 1780 1361 1831 Socrates,
1377 1782 1431 1822 ut
1450 1778 1629 1827 dicitur,

148 1855 455 1913 interrogatus
470 1868 689 1911 quaenam
710 1856 826 1897 esset
846 1851 1100 1896 substantia
1118 1849 1436 1894 beatitudinis:
1467 1847 1630 1906 Dignis

151 1924 330 1976 donare,
361 1923 603 1982 respondit.
665 1923 761 1981 Ego
796 1923 976 1980 quidem
1011 1921 1285 1966 Socraticam
1316 1918 1630 1962 diffinitionem

153 1994 216 2039 sic
247 1993 633 2051 interpretandam
672 1993 869 2036 arbitror
899 1995 952 2036 ut
987 1991 1187 2049 dignitas
1227 1990 1275 2032 in
1314 1988 1629 2046 accipientium

91 2078 134 2114 ¹5
151 2063 415 2108 necessitate
442 2063 650 2107 credatur
674 2077 768 2105 esse
794 2062 867 2105 uel
892 2061 1079 2104 meritis.
1147 2059 1246 2102 Illis
1266 2059 1385 2102 enim
1406 2058 1483 2115 qui
1504 2071 1631 2114 prae-

152 2136 414 2178 meruerunt
433 2133 600 2176 donare
619 2133 788 2175 iustum
816 2134 896 2183 est,
918 2134 964 2174 et
984 2131 1048 2174 eis
1068 2129 1147 2187 qui
1167 2129 1373 2186 indigent
1393 2126 1633 2170 subuenire

153 2204 303 2262 pium;
332 2204 399 2247 ita
418 2206 569 2246 tamen
589 2205 642 2245 ut
668 2201 715 2244 id
743 2201 1008 2259 respiciatur
1030 2200 1079 2243 in
1099 2198 1289 2257 singulis
1310 2196 1429 2254 quod
1449 2196 1497 2238 in
1518 2195 1634 2238 facie

154 2273 372 2331 sapientis
406 2272 502 2316 sine
536 2272 698 2315 rubore
732 2274 777 2314 et
807 2273 917 2314 nota
947 2270 1098 2314 ualeat
1129 2268 1369 2318 denudari;
1411 2265 1634 2322 siquidem

154 2343 325 2387 imitari
363 2342 574 2386 debemus
613 2356 715 2384 eum
755 2341 833 2398 qui
873 2340 1010 2384 solem
1045 2354 1176 2383 suum
1211 2337 1323 2381 facit
1357 2335 1466 2380 oriri
1500 2349 1635 2392 super

95 2431 139 2464 30
156 2413 296 2457 bonos
322 2415 369 2456 et
396 2412 538 2455 malos
564 2414 611 2455 et
636 2411 756 2468 pluit
783 2425 916 2468 super
941 2410 1083 2453 iustos
1107 2411 1154 2452 et
1178 2408 1380 2451 iniustos
1443 2405 1495 2450 Si
1515 2405 1634 2448 enim

155 2497 397 2542 pauperem
424 2481 688 2525 histrionem
715 2481 947 2524 uideamus
973 2483 1053 2523 aut
1079 2479 1279 2528 mimum,
1302 2491 1394 2520 non
1423 2475 1635 2518 debemus

155 2554 618 2619 W7
643 2561 938 2599 benfaciendum
956 2559 981 2596 S
1117 2570 1165 2597 20
1187 2559 1410 2606 subpeteret
1428 2557 1460 2591 A
1589 2566 1634 2602 23

155 2614 383 2649 socraticam
399 2611 552 2657 quldem
568 2610 616 2646 A¹

206 2693 248 2720 21
277 2684 439 2719 Socrates
470 2683 564 2719 etc.:
605 2681 710 2717 Idem
745 2679 912 2717 Socratis
942 2678 1090 2715 dictum
1121 2676 1241 2714 refert
1269 2675 1465 2712 Walterus
1492 2673 1638 2720 Butley

158 2733 202 2767 de
223 2732 308 2766 Vita
324 2736 356 2766 et
372 2730 537 2766 Moribus
550 2730 851 2775 Philosophorum
869 2727 941 2773 (ed.
959 2726 1090 2763 Colon.
1108 2734 1197 2770 1472
1215 2723 1281 2761 fol.
1302 2723 1377 2769 26),
1395 2734 1478 2765 nec,
1497 2724 1541 2758 ut
1558 2721 1637 2757 alia

157 2778 386 2822 huiusmodi,
413 2789 460 2815 ex
483 2779 698 2814 Polior-atico
725 2787 764 2812 se
794 2774 1045 2821 desumpsisse
1073 2773 1233 2810 fatetur.
1281 2770 1338 2808 De
1367 2768 1558 2808 sententia
1587 2769 1637 2806 cf.

158 2826 270 2863 Publ.
294 2825 376 2872 Syr.
394 2827 490 2862 Sent.
507 2825 552 2862 B.
572 2835 615 2862 12
644 2824 716 2869 (ed.
733 2823 864 2870 Meyer
888 2835 925 2869 p.
943 2826 1004 2867 21)
1028 2823 1251 2866 Beneficium
1276 2821 1397 2855 dando
1417 2819 1551 2863 accepit
1573 2818 1639 2864 qui

160 2877 270 2921 diyno
285 2876 393 2910 dedit.
526 2883 573 2918 29
597 2874 661 2919 qui
675 2873 783 2908 solem
804 2884 913 2908 suum
929 2871 1023 2908 etc.:
1049 2869 1164 2906 Matt.
1180 2880 1214 2904 v.
1229 2875 1287 2914 45.
1412 2877 1460 2913 30
1483 2867 1525 2902 Si
1541 2866 1639 2901 enim

163 2924 262 2960 etc.:
290 2921 339 2958 cf.
359 2932 472 2969 supra
488 2919 514 2958 i.
533 2922 555 2958 8
572 2921 661 2966 (406
671 2929 705 2964 c,
724 2919 783 2966 n).

203 2994 285 3014 ms
299 2994 321 3013 u
887 2990 906 3017 1
927 2978 944 3018 i
1465 2989 1528 3022 ²4¹

1628 245 1755 287 ⁷19²

1648 2004 1674 2034 c
