<?xml version="1.0" encoding="UTF-8"?>
<!DOCTYPE html PUBLIC "-//W3C//DTD XHTML 1.0 Transitional//EN"
    "http://www.w3.org/TR/xhtml1/DTD/xhtml1-transitional.dtd">
<html xmlns="http://www.w3.org/1999/xhtml" xml:lang="en" lang="en">
 <head>
  <title>
</title>
<meta http-equiv="Content-Type" content="text/html;charset=utf-8" />
  <meta name='ocr-system' content='tesseract 3.04.00' />
  <meta name='ocr-capabilities' content='ocr_page ocr_carea ocr_par ocr_line ocrx_word'/>
</head>
<body>
  <div class='ocr_page' id='page_1' title='image "./ioannissaresberi02johnuoft_0360.png"; bbox 0 0 1846 3262; ppageno 0'>
   <div class='ocr_carea' id='block_1_1' title="bbox 70 204 1687 267">
    <p class='ocr_par' dir='ltr' id='par_1_1' title="bbox 70 204 1687 267">
     <span class='ocr_line' id='line_1_1' title="bbox 70 204 1687 267; baseline -0.006 -8"><span class='ocrx_word' id='word_1_1' title='bbox 70 219 152 259; x_wconf 89' lang='grc'>779</span> <span class='ocrx_word' id='word_1_2' title='bbox 171 221 201 250; x_wconf 80' lang='lat' dir='ltr'>a</span> <span class='ocrx_word' id='word_1_3' title='bbox 547 207 808 252; x_wconf 86' lang='lat' dir='ltr'><strong>IOANNIS</strong></span> <span class='ocrx_word' id='word_1_4' title='bbox 848 206 1365 251; x_wconf 84' lang='lat' dir='ltr'>SARESBERIENSIS</span> <span class='ocrx_word' id='word_1_5' title='bbox 1448 204 1578 267; x_wconf 70' lang='lat' dir='ltr'><strong>[LIB.</strong></span> <span class='ocrx_word' id='word_1_6' title='bbox 1595 217 1687 251; x_wconf 78' lang='lat' dir='ltr'>VIII</span> 
     </span>
    </p>
   </div>
   <div class='ocr_carea' id='block_1_2' title="bbox 134 327 1755 2479">
    <p class='ocr_par' dir='ltr' id='par_1_2' title="bbox 134 327 1755 2479">
     <span class='ocr_line' id='line_1_2' title="bbox 214 327 1688 386; baseline -0.001 -14"><span class='ocrx_word' id='word_1_7' title='bbox 214 328 475 372; x_wconf 89' lang='lat' dir='ltr'>muliercula</span> <span class='ocrx_word' id='word_1_8' title='bbox 504 331 558 371; x_wconf 91' lang='lat' dir='ltr'>ut</span> <span class='ocrx_word' id='word_1_9' title='bbox 586 343 667 386; x_wconf 93' lang='lat' dir='ltr'>pro</span> <span class='ocrx_word' id='word_1_10' title='bbox 698 343 751 371; x_wconf 88' lang='lat' dir='ltr'>ea</span> <span class='ocrx_word' id='word_1_11' title='bbox 775 327 967 385; x_wconf 79' lang='lat' dir='ltr'>principi</span> <span class='ocrx_word' id='word_1_12' title='bbox 997 327 1290 372; x_wconf 69' lang='lat' dir='ltr'>intercederet</span> <span class='ocrx_word' id='word_1_13' title='bbox 1319 331 1365 371; x_wconf 91' lang='lat' dir='ltr'>et</span> <span class='ocrx_word' id='word_1_14' title='bbox 1393 331 1562 372; x_wconf 86' lang='lat' dir='ltr'>cartam</span> <span class='ocrx_word' id='word_1_15' title='bbox 1593 327 1688 371; x_wconf 89' lang='lat' dir='ltr'>eius</span> 
     </span>
     <span class='ocr_line' id='line_1_3' title="bbox 213 395 1688 456; baseline -0.002 -13"><span class='ocrx_word' id='word_1_16' title='bbox 213 395 518 456; x_wconf 77' lang='lat' dir='ltr'>accipiens&#39;sic</span> <span class='ocrx_word' id='word_1_17' title='bbox 538 398 717 455; x_wconf 87' lang='lat' dir='ltr'>scripsit</span> <span class='ocrx_word' id='word_1_18' title='bbox 738 397 956 455; x_wconf 85' lang='lat' dir='ltr'>principi:</span> <span class='ocrx_word' id='word_1_19' title='bbox 988 397 1262 455; x_wconf 86' lang='lat' dir='ltr'>Paupercula</span> <span class='ocrx_word' id='word_1_20' title='bbox 1287 397 1395 442; x_wconf 91' lang='lat' dir='ltr'>haec</span> <span class='ocrx_word' id='word_1_21' title='bbox 1422 398 1606 442; x_wconf 75' lang='lat' dir='ltr'>accessit</span> <span class='ocrx_word' id='word_1_22' title='bbox 1631 397 1688 440; x_wconf 88' lang='lat' dir='ltr'>ad</span> 
     </span>
     <span class='ocr_line' id='line_1_4' title="bbox 213 466 1688 525; baseline 0 -14"><span class='ocrx_word' id='word_1_23' title='bbox 213 482 284 511; x_wconf 90' lang='lat' dir='ltr'>me</span> <span class='ocrx_word' id='word_1_24' title='bbox 319 468 469 511; x_wconf 89' lang='lat' dir='ltr'>dicens</span> <span class='ocrx_word' id='word_1_25' title='bbox 502 482 631 524; x_wconf 90' lang='lat' dir='ltr'>posse</span> <span class='ocrx_word' id='word_1_26' title='bbox 664 482 735 511; x_wconf 91' lang='lat' dir='ltr'>me</span> <span class='ocrx_word' id='word_1_27' title='bbox 775 467 895 524; x_wconf 91' lang='lat' dir='ltr'>apud</span> <span class='ocrx_word' id='word_1_28' title='bbox 934 470 1003 520; x_wconf 89' lang='lat' dir='ltr'>te;</span> <span class='ocrx_word' id='word_1_29' title='bbox 1047 467 1085 510; x_wconf 90' lang='lat' dir='ltr'>si</span> <span class='ocrx_word' id='word_1_30' title='bbox 1125 482 1230 525; x_wconf 90' lang='lat' dir='ltr'>ergo</span> <span class='ocrx_word' id='word_1_31' title='bbox 1269 481 1461 524; x_wconf 88' lang='lat' dir='ltr'>possum,</span> <span class='ocrx_word' id='word_1_32' title='bbox 1495 466 1688 511; x_wconf 86' lang='lat' dir='ltr'>ostende.</span> 
     </span>
     <span class='ocr_line' id='line_1_5' title="bbox 214 536 1688 594; baseline -0.001 -14"><span class='ocrx_word' id='word_1_33' title='bbox 214 537 273 580; x_wconf 90' lang='lat' dir='ltr'>Et</span> <span class='ocrx_word' id='word_1_34' title='bbox 293 537 417 580; x_wconf 91' lang='lat' dir='ltr'>dedit</span> <span class='ocrx_word' id='word_1_35' title='bbox 436 536 614 579; x_wconf 89' lang='lat' dir='ltr'>mulieri</span> <span class='ocrx_word' id='word_1_36' title='bbox 638 539 832 590; x_wconf 83' lang='lat' dir='ltr'>cartam3</span> <span class='ocrx_word' id='word_1_37' title='bbox 863 551 975 593; x_wconf 91' lang='lat' dir='ltr'>quae</span> <span class='ocrx_word' id='word_1_38' title='bbox 996 536 1150 580; x_wconf 90' lang='lat' dir='ltr'>abiens</span> <span class='ocrx_word' id='word_1_39' title='bbox 1170 536 1294 580; x_wconf 91' lang='lat' dir='ltr'>dedit</span> <span class='ocrx_word' id='word_1_40' title='bbox 1315 537 1546 594; x_wconf 88' lang='lat' dir='ltr'>epistolam</span> <span class='ocrx_word' id='word_1_41' title='bbox 1566 536 1688 594; x_wconf 89' lang='lat' dir='ltr'>prin-</span> 
     </span>
     <span class='ocr_line' id='line_1_6' title="bbox 212 605 1727 664; baseline 0 -15"><span class='ocrx_word' id='word_1_42' title='bbox 212 607 322 664; x_wconf 84' lang='lat' dir='ltr'>cipi3</span> <span class='ocrx_word' id='word_1_43' title='bbox 352 606 590 664; x_wconf 84' lang='lat' dir='ltr'>legensque</span> <span class='ocrx_word' id='word_1_44' title='bbox 617 620 714 649; x_wconf 87' lang='lat' dir='ltr'>eam</span> <span class='ocrx_word' id='word_1_45' title='bbox 745 606 950 664; x_wconf 89' lang='lat' dir='ltr'>princeps</span> <span class='ocrx_word' id='word_1_46' title='bbox 977 605 1203 663; x_wconf 81' lang='lat' dir='ltr'>rescripsit</span> <span class='ocrx_word' id='word_1_47' title='bbox 1228 606 1360 650; x_wconf 88' lang='lat' dir='ltr'>haec:</span> <span class='ocrx_word' id='word_1_48' title='bbox 1390 606 1577 663; x_wconf 86' lang='lat' dir='ltr'>Propter</span> <span class='ocrx_word' id='word_1_49' title='bbox 1595 620 1688 659; x_wconf 88' lang='lat' dir='ltr'>uos,</span> <span class='ocrx_word' id='word_1_50' title='bbox 1706 621 1727 658; x_wconf 71' lang='lat'>³</span> 
     </span>
     <span class='ocr_line' id='line_1_7' title="bbox 213 675 1689 733; baseline 0 -14"><span class='ocrx_word' id='word_1_51' title='bbox 213 690 240 719; x_wconf 94' lang='lat' dir='ltr'>o</span> <span class='ocrx_word' id='word_1_52' title='bbox 269 679 398 733; x_wconf 87' lang='lat' dir='ltr'>pater</span> <span class='ocrx_word' id='word_1_53' title='bbox 427 678 592 727; x_wconf 90' lang='lat' dir='ltr'>sancte,</span> <span class='ocrx_word' id='word_1_54' title='bbox 620 675 744 719; x_wconf 92' lang='lat' dir='ltr'>uolui</span> <span class='ocrx_word' id='word_1_55' title='bbox 775 675 974 719; x_wconf 90' lang='lat' dir='ltr'>misereri</span> <span class='ocrx_word' id='word_1_56' title='bbox 1006 675 1303 727; x_wconf 80' lang='lat' dir='ltr'>mulierculae,</span> <span class='ocrx_word' id='word_1_57' title='bbox 1333 676 1410 719; x_wconf 90' lang='lat' dir='ltr'>sed</span> <span class='ocrx_word' id='word_1_58' title='bbox 1441 691 1532 719; x_wconf 90' lang='lat' dir='ltr'>non</span> <span class='ocrx_word' id='word_1_59' title='bbox 1561 675 1689 733; x_wconf 88' lang='lat' dir='ltr'>potui</span> 
     </span>
     <span class='ocr_line' id='line_1_8' title="bbox 166 745 1690 803; baseline -0.001 -14"><span class='ocrx_word' id='word_1_60' title='bbox 166 752 194 790; x_wconf 90' lang='lat' dir='ltr'>b</span> <span class='ocrx_word' id='word_1_61' title='bbox 214 760 295 803; x_wconf 88' lang='lat' dir='ltr'>pro</span> <span class='ocrx_word' id='word_1_62' title='bbox 322 760 373 789; x_wconf 90' lang='lat' dir='ltr'>eo</span> <span class='ocrx_word' id='word_1_63' title='bbox 401 745 519 803; x_wconf 92' lang='lat' dir='ltr'>quod</span> <span class='ocrx_word' id='word_1_64' title='bbox 547 745 731 789; x_wconf 92' lang='lat' dir='ltr'>tributis</span> <span class='ocrx_word' id='word_1_65' title='bbox 761 745 970 789; x_wconf 89' lang='lat' dir='ltr'>subiacet.</span> <span class='ocrx_word' id='word_1_66' title='bbox 1030 745 1222 790; x_wconf 86' lang='lat' dir='ltr'>Sanctus</span> <span class='ocrx_word' id='word_1_67' title='bbox 1245 760 1352 789; x_wconf 91' lang='lat' dir='ltr'>uero</span> <span class='ocrx_word' id='word_1_68' title='bbox 1372 745 1599 803; x_wconf 85' lang='lat' dir='ltr'>rescripsit</span> <span class='ocrx_word' id='word_1_69' title='bbox 1625 745 1690 789; x_wconf 86' lang='lat' dir='ltr'>ei:</span> 
     </span>
     <span class='ocr_line' id='line_1_9' title="bbox 214 814 1690 872; baseline 0.001 -14"><span class='ocrx_word' id='word_1_70' title='bbox 214 815 444 872; x_wconf 86' lang='lat' dir='ltr'>Siquidem</span> <span class='ocrx_word' id='word_1_71' title='bbox 473 815 628 858; x_wconf 91' lang='lat' dir='ltr'>uolens</span> <span class='ocrx_word' id='word_1_72' title='bbox 654 830 744 858; x_wconf 91' lang='lat' dir='ltr'>non</span> <span class='ocrx_word' id='word_1_73' title='bbox 764 815 963 872; x_wconf 87' lang='lat' dir='ltr'>potuisti,</span> <span class='ocrx_word' id='word_1_74' title='bbox 983 815 1095 858; x_wconf 90' lang='lat' dir='ltr'>bene</span> <span class='ocrx_word' id='word_1_75' title='bbox 1115 818 1356 872; x_wconf 87' lang='lat' dir='ltr'>utcumque</span> <span class='ocrx_word' id='word_1_76' title='bbox 1375 830 1422 859; x_wconf 90' lang='lat' dir='ltr'>se</span> <span class='ocrx_word' id='word_1_77' title='bbox 1442 830 1512 859; x_wconf 87' lang='lat' dir='ltr'>res</span> <span class='ocrx_word' id='word_1_78' title='bbox 1531 814 1690 867; x_wconf 49' lang='lat' dir='ltr'>haben</span> 
     </span>
     <span class='ocr_line' id='line_1_10' title="bbox 213 883 1689 943; baseline 0 -16"><span class='ocrx_word' id='word_1_79' title='bbox 213 885 252 928; x_wconf 81' lang='lat' dir='ltr'>si—</span> <span class='ocrx_word' id='word_1_80' title='bbox 278 887 429 927; x_wconf 90' lang='lat' dir='ltr'>autem</span> <span class='ocrx_word' id='word_1_81' title='bbox 456 888 615 942; x_wconf 86' lang='lat' dir='ltr'>potens</span> <span class='ocrx_word' id='word_1_82' title='bbox 643 884 841 937; x_wconf 88' lang='lat' dir='ltr'>noluisti,</span> <span class='ocrx_word' id='word_1_83' title='bbox 862 885 995 928; x_wconf 87' lang='lat' dir='ltr'>ducet</span> <span class='ocrx_word' id='word_1_84' title='bbox 1018 888 1064 927; x_wconf 92' lang='lat' dir='ltr'>te</span> <span class='ocrx_word' id='word_1_85' title='bbox 1084 883 1292 928; x_wconf 84' lang='lat' dir='ltr'>Christus</span> <span class='ocrx_word' id='word_1_86' title='bbox 1313 884 1370 928; x_wconf 87' lang='lat' dir='ltr'>ad</span> <span class='ocrx_word' id='word_1_87' title='bbox 1390 884 1689 943; x_wconf 88' lang='lat' dir='ltr'>indigentium</span> 
     </span>
     <span class='ocr_line' id='line_1_11' title="bbox 212 953 1751 1012; baseline 0 -14"><span class='ocrx_word' id='word_1_88' title='bbox 212 955 396 998; x_wconf 89' lang='lat' dir='ltr'>chorum</span> <span class='ocrx_word' id='word_1_89' title='bbox 417 957 471 997; x_wconf 90' lang='lat' dir='ltr'>ut</span> <span class='ocrx_word' id='word_1_90' title='bbox 497 954 676 1011; x_wconf 88' lang='lat' dir='ltr'>quando</span> <span class='ocrx_word' id='word_1_91' title='bbox 701 953 825 997; x_wconf 89' lang='lat' dir='ltr'>uoles</span> <span class='ocrx_word' id='word_1_92' title='bbox 851 969 942 997; x_wconf 91' lang='lat' dir='ltr'>non</span> <span class='ocrx_word' id='word_1_93' title='bbox 965 954 1117 1011; x_wconf 89' lang='lat' dir='ltr'>possis.</span> <span class='ocrx_word' id='word_1_94' title='bbox 1178 953 1267 998; x_wconf 83' lang='lat' dir='ltr'>Sed</span> <span class='ocrx_word' id='word_1_95' title='bbox 1287 968 1455 1012; x_wconf 87' lang='lat' dir='ltr'>organo</span> <span class='ocrx_word' id='word_1_96' title='bbox 1469 963 1555 997; x_wconf 69' lang='lat' dir='ltr'>&#39;suo</span> <span class='ocrx_word' id='word_1_97' title='bbox 1575 968 1689 1011; x_wconf 83' lang='lat' dir='ltr'>quae</span> <span class='ocrx_word' id='word_1_98' title='bbox 1709 973 1751 998; x_wconf 85' lang='lat'>10</span> 
     </span>
     <span class='ocr_line' id='line_1_12' title="bbox 214 1023 1690 1081; baseline -0.001 -14"><span class='ocrx_word' id='word_1_99' title='bbox 214 1038 387 1081; x_wconf 88' lang='lat' dir='ltr'>semper</span> <span class='ocrx_word' id='word_1_100' title='bbox 417 1023 567 1068; x_wconf 89' lang='lat' dir='ltr'>electis</span> <span class='ocrx_word' id='word_1_101' title='bbox 596 1024 724 1067; x_wconf 88' lang='lat' dir='ltr'>adest</span> <span class='ocrx_word' id='word_1_102' title='bbox 753 1024 932 1067; x_wconf 88' lang='lat' dir='ltr'>Veritas</span> <span class='ocrx_word' id='word_1_103' title='bbox 960 1034 1242 1081; x_wconf 79' lang='lat' dir='ltr'>nequaquam</span> <span class='ocrx_word' id='word_1_104' title='bbox 1274 1024 1432 1068; x_wconf 84' lang='lat' dir='ltr'>defuit.</span> <span class='ocrx_word' id='word_1_105' title='bbox 1492 1023 1612 1066; x_wconf 91' lang='lat' dir='ltr'>Nam</span> <span class='ocrx_word' id='word_1_106' title='bbox 1642 1024 1690 1066; x_wconf 91' lang='lat' dir='ltr'>in</span> 
     </span>
     <span class='ocr_line' id='line_1_13' title="bbox 213 1093 1690 1152; baseline 0.001 -16"><span class='ocrx_word' id='word_1_107' title='bbox 213 1094 340 1137; x_wconf 90' lang='lat' dir='ltr'>breui</span> <span class='ocrx_word' id='word_1_108' title='bbox 382 1093 587 1151; x_wconf 88' lang='lat' dir='ltr'>princeps</span> <span class='ocrx_word' id='word_1_109' title='bbox 631 1093 761 1147; x_wconf 89' lang='lat' dir='ltr'>idem,</span> <span class='ocrx_word' id='word_1_110' title='bbox 807 1093 1029 1151; x_wconf 90' lang='lat' dir='ltr'>imperiali</span> <span class='ocrx_word' id='word_1_111' title='bbox 1078 1094 1387 1152; x_wconf 82' lang='lat' dir='ltr'>indignatione</span> <span class='ocrx_word' id='word_1_112' title='bbox 1432 1096 1690 1152; x_wconf 86' lang='lat' dir='ltr'>temptatus,</span> 
     </span>
     <span class='ocr_line' id='line_1_14' title="bbox 213 1163 1692 1222; baseline 0 -15"><span class='ocrx_word' id='word_1_113' title='bbox 213 1163 375 1207; x_wconf 89' lang='lat' dir='ltr'>ductus</span> <span class='ocrx_word' id='word_1_114' title='bbox 400 1166 467 1207; x_wconf 92' lang='lat' dir='ltr'>est</span> <span class='ocrx_word' id='word_1_115' title='bbox 495 1163 675 1207; x_wconf 88' lang='lat' dir='ltr'>uinctus</span> <span class='ocrx_word' id='word_1_116' title='bbox 701 1164 820 1206; x_wconf 91' lang='lat' dir='ltr'>inter</span> <span class='ocrx_word' id='word_1_117' title='bbox 846 1163 1049 1221; x_wconf 88' lang='lat' dir='ltr'>captiuos</span> <span class='ocrx_word' id='word_1_118' title='bbox 1074 1163 1147 1207; x_wconf 90' lang='lat' dir='ltr'>uel</span> <span class='ocrx_word' id='word_1_119' title='bbox 1170 1178 1286 1222; x_wconf 90' lang='lat' dir='ltr'>pena</span> <span class='ocrx_word' id='word_1_120' title='bbox 1306 1178 1388 1207; x_wconf 90' lang='lat' dir='ltr'>sua</span> <span class='ocrx_word' id='word_1_121' title='bbox 1412 1163 1692 1207; x_wconf 75' lang='lat' dir='ltr'>satisfaciens</span> 
     </span>
     <span class='ocr_line' id='line_1_15' title="bbox 213 1233 1690 1291; baseline 0.001 -15"><span class='ocrx_word' id='word_1_122' title='bbox 213 1234 379 1277; x_wconf 90' lang='lat' dir='ltr'>iniuste</span> <span class='ocrx_word' id='word_1_123' title='bbox 418 1233 650 1291; x_wconf 85' lang='lat' dir='ltr'>oppressis.</span> <span class='ocrx_word' id='word_1_124' title='bbox 730 1234 944 1277; x_wconf 88' lang='lat' dir='ltr'>Oratione</span> <span class='ocrx_word' id='word_1_125' title='bbox 984 1236 1136 1277; x_wconf 88' lang='lat' dir='ltr'>tamen</span> <span class='ocrx_word' id='word_1_126' title='bbox 1176 1233 1332 1277; x_wconf 90' lang='lat' dir='ltr'>Basilii</span> <span class='ocrx_word' id='word_1_127' title='bbox 1371 1236 1474 1291; x_wconf 89' lang='lat' dir='ltr'>post</span> <span class='ocrx_word' id='word_1_128' title='bbox 1512 1236 1690 1277; x_wconf 85' lang='lat' dir='ltr'>sextum</span> 
     </span>
     <span class='ocr_line' id='line_1_16' title="bbox 214 1302 1750 1361; baseline 0.001 -15"><span class='ocrx_word' id='word_1_129' title='bbox 214 1303 331 1347; x_wconf 92' lang='lat' dir='ltr'>diem</span> <span class='ocrx_word' id='word_1_130' title='bbox 367 1302 422 1347; x_wconf 90' lang='lat' dir='ltr'>de</span> <span class='ocrx_word' id='word_1_131' title='bbox 457 1303 723 1347; x_wconf 87' lang='lat' dir='ltr'>abductione</span> <span class='ocrx_word' id='word_1_132' title='bbox 758 1304 973 1347; x_wconf 87' lang='lat' dir='ltr'>liberatus</span> <span class='ocrx_word' id='word_1_133' title='bbox 1008 1306 1087 1355; x_wconf 88' lang='lat' dir='ltr'>est,</span> <span class='ocrx_word' id='word_1_134' title='bbox 1117 1303 1409 1347; x_wconf 86' lang='lat' dir='ltr'>descendente</span> <span class='ocrx_word' id='word_1_135' title='bbox 1443 1303 1571 1361; x_wconf 89' lang='lat' dir='ltr'>signo</span> <span class='ocrx_word' id='word_1_136' title='bbox 1605 1303 1689 1346; x_wconf 90' lang='lat' dir='ltr'>im·</span> <span class='ocrx_word' id='word_1_137' title='bbox 1709 1321 1750 1357; x_wconf 82' lang='lat'>15</span> 
     </span>
     <span class='ocr_line' id='line_1_17' title="bbox 212 1372 1690 1431; baseline 0 -15"><span class='ocrx_word' id='word_1_138' title='bbox 212 1373 382 1430; x_wconf 89' lang='lat' dir='ltr'>periali,</span> <span class='ocrx_word' id='word_1_139' title='bbox 421 1372 537 1416; x_wconf 87' lang='lat' dir='ltr'>sicut</span> <span class='ocrx_word' id='word_1_140' title='bbox 576 1373 649 1416; x_wconf 89' lang='lat' dir='ltr'>uir</span> <span class='ocrx_word' id='word_1_141' title='bbox 691 1376 871 1416; x_wconf 88' lang='lat' dir='ltr'>sanctus</span> <span class='ocrx_word' id='word_1_142' title='bbox 911 1375 1160 1431; x_wconf 88' lang='lat' dir='ltr'>optauerat.</span> <span class='ocrx_word' id='word_1_143' title='bbox 1238 1373 1397 1430; x_wconf 91' lang='lat' dir='ltr'>Itaque</span> <span class='ocrx_word' id='word_1_144' title='bbox 1436 1377 1482 1416; x_wconf 92' lang='lat' dir='ltr'>et</span> <span class='ocrx_word' id='word_1_145' title='bbox 1521 1373 1690 1416; x_wconf 86' lang='lat' dir='ltr'>tiranni</span> 
     </span>
     <span class='ocr_line' id='line_1_18' title="bbox 134 1442 1691 1500; baseline 0.001 -15"><span class='ocrx_word' id='word_1_146' title='bbox 134 1455 137 1458; x_wconf 69' lang='grc'>“</span> <span class='ocrx_word' id='word_1_147' title='bbox 212 1443 392 1487; x_wconf 87' lang='lat' dir='ltr'>nomine</span> <span class='ocrx_word' id='word_1_148' title='bbox 438 1457 519 1486; x_wconf 85' lang='lat' dir='ltr'>rex</span> <span class='ocrx_word' id='word_1_149' title='bbox 564 1445 610 1486; x_wconf 89' lang='lat' dir='ltr'>et</span> <span class='ocrx_word' id='word_1_150' title='bbox 656 1457 680 1487; x_wconf 90' lang='lat' dir='ltr'>e</span> <span class='ocrx_word' id='word_1_151' title='bbox 726 1457 938 1487; x_wconf 92' lang='lat' dir='ltr'>conuerso</span> <span class='ocrx_word' id='word_1_152' title='bbox 983 1443 1208 1486; x_wconf 90' lang='lat' dir='ltr'>interdum</span> <span class='ocrx_word' id='word_1_153' title='bbox 1255 1443 1469 1500; x_wconf 86' lang='lat' dir='ltr'>principis</span> <span class='ocrx_word' id='word_1_154' title='bbox 1511 1442 1691 1487; x_wconf 89' lang='lat' dir='ltr'>nomine</span> 
     </span>
     <span class='ocr_line' id='line_1_19' title="bbox 213 1511 1692 1570; baseline 0 -14"><span class='ocrx_word' id='word_1_155' title='bbox 213 1513 420 1556; x_wconf 83' lang='lat' dir='ltr'>tirannus</span> <span class='ocrx_word' id='word_1_156' title='bbox 460 1512 713 1570; x_wconf 84' lang='lat' dir='ltr'>appellatur</span> <span class='ocrx_word' id='word_1_157' title='bbox 752 1513 882 1556; x_wconf 84' lang='lat' dir='ltr'>iuxta</span> <span class='ocrx_word' id='word_1_158' title='bbox 921 1512 1058 1555; x_wconf 91' lang='lat' dir='ltr'>illud:</span> <span class='ocrx_word' id='word_1_159' title='bbox 1109 1512 1335 1569; x_wconf 91' lang='lat' dir='ltr'>Principes</span> <span class='ocrx_word' id='word_1_160' title='bbox 1373 1512 1443 1555; x_wconf 89' lang='lat' dir='ltr'>tui</span> <span class='ocrx_word' id='word_1_161' title='bbox 1478 1511 1692 1565; x_wconf 88' lang='lat' dir='ltr'>infideles,</span> 
     </span>
     <span class='ocr_line' id='line_1_20' title="bbox 213 1581 1691 1639; baseline -0.001 -13"><span class='ocrx_word' id='word_1_162' title='bbox 213 1582 320 1626; x_wconf 84' lang='lat' dir='ltr'>socii</span> <span class='ocrx_word' id='word_1_163' title='bbox 356 1582 520 1625; x_wconf 85' lang='lat' dir='ltr'>furum.</span> <span class='ocrx_word' id='word_1_164' title='bbox 595 1581 655 1626; x_wconf 89' lang='lat' dir='ltr'>Et</span> <span class='ocrx_word' id='word_1_165' title='bbox 693 1582 824 1625; x_wconf 86' lang='lat' dir='ltr'>alibi:</span> <span class='ocrx_word' id='word_1_166' title='bbox 874 1582 1100 1639; x_wconf 89' lang='lat' dir='ltr'>Principes</span> <span class='ocrx_word' id='word_1_167' title='bbox 1139 1581 1418 1625; x_wconf 86' lang='lat' dir='ltr'>sacerdotum</span> <span class='ocrx_word' id='word_1_168' title='bbox 1457 1582 1691 1625; x_wconf 89' lang='lat' dir='ltr'>consilium</span> 
     </span>
     <span class='ocr_line' id='line_1_21' title="bbox 172 1650 1755 1710; baseline -0.003 -16"><span class='ocrx_word' id='word_1_169' title='bbox 172 1669 197 1699; x_wconf 82' lang='lat' dir='ltr'>c</span> <span class='ocrx_word' id='word_1_170' title='bbox 214 1651 416 1696; x_wconf 83' lang='lat' dir='ltr'>fecerunt</span> <span class='ocrx_word' id='word_1_171' title='bbox 443 1654 496 1695; x_wconf 91' lang='lat' dir='ltr'>ut</span> <span class='ocrx_word' id='word_1_172' title='bbox 520 1650 670 1694; x_wconf 89' lang='lat' dir='ltr'>Iesum</span> <span class='ocrx_word' id='word_1_173' title='bbox 697 1651 798 1695; x_wconf 92' lang='lat' dir='ltr'>dolo</span> <span class='ocrx_word' id='word_1_174' title='bbox 820 1654 1026 1695; x_wconf 88' lang='lat' dir='ltr'>tenerent</span> <span class='ocrx_word' id='word_1_175' title='bbox 1055 1654 1102 1695; x_wconf 88' lang='lat' dir='ltr'>et</span> <span class='ocrx_word' id='word_1_176' title='bbox 1127 1650 1399 1704; x_wconf 90' lang='lat' dir='ltr'>occiderent;</span> <span class='ocrx_word' id='word_1_177' title='bbox 1429 1652 1507 1709; x_wconf 90' lang='lat' dir='ltr'>qui</span> <span class='ocrx_word' id='word_1_178' title='bbox 1533 1652 1691 1710; x_wconf 89' lang='lat' dir='ltr'>utique</span> <span class='ocrx_word' id='word_1_179' title='bbox 1710 1666 1755 1691; x_wconf 64' lang='grc' dir='ltr'>πο</span> 
     </span>
     <span class='ocr_line' id='line_1_22' title="bbox 214 1719 1692 1778; baseline 0.001 -14"><span class='ocrx_word' id='word_1_180' title='bbox 214 1722 333 1765; x_wconf 90' lang='lat' dir='ltr'>iusto</span> <span class='ocrx_word' id='word_1_181' title='bbox 353 1720 465 1778; x_wconf 91' lang='lat' dir='ltr'>legis</span> <span class='ocrx_word' id='word_1_182' title='bbox 491 1720 655 1764; x_wconf 88' lang='lat' dir='ltr'>iudicio</span> <span class='ocrx_word' id='word_1_183' title='bbox 682 1721 898 1764; x_wconf 88' lang='lat' dir='ltr'>debuerat</span> <span class='ocrx_word' id='word_1_184' title='bbox 923 1721 1116 1765; x_wconf 89' lang='lat' dir='ltr'>liberari.</span> <span class='ocrx_word' id='word_1_185' title='bbox 1174 1719 1293 1763; x_wconf 85' lang='lat' dir='ltr'>Nam</span> <span class='ocrx_word' id='word_1_186' title='bbox 1314 1724 1360 1764; x_wconf 90' lang='lat' dir='ltr'>et</span> <span class='ocrx_word' id='word_1_187' title='bbox 1378 1721 1427 1764; x_wconf 90' lang='lat' dir='ltr'>in</span> <span class='ocrx_word' id='word_1_188' title='bbox 1446 1722 1692 1766; x_wconf 86' lang='lat' dir='ltr'>sacerdotio</span> 
     </span>
     <span class='ocr_line' id='line_1_23' title="bbox 214 1790 1693 1849; baseline 0.001 -15"><span class='ocrx_word' id='word_1_189' title='bbox 214 1791 510 1834; x_wconf 87' lang='lat' dir='ltr'>inueniuntur</span> <span class='ocrx_word' id='word_1_190' title='bbox 549 1805 684 1847; x_wconf 87' lang='lat' dir='ltr'>quam</span> <span class='ocrx_word' id='word_1_191' title='bbox 723 1791 884 1848; x_wconf 91' lang='lat' dir='ltr'>plures,</span> <span class='ocrx_word' id='word_1_192' title='bbox 915 1790 963 1834; x_wconf 89' lang='lat' dir='ltr'>id</span> <span class='ocrx_word' id='word_1_193' title='bbox 1003 1793 1101 1834; x_wconf 90' lang='lat' dir='ltr'>tota</span> <span class='ocrx_word' id='word_1_194' title='bbox 1140 1793 1323 1849; x_wconf 83' lang='lat' dir='ltr'>agentes</span> <span class='ocrx_word' id='word_1_195' title='bbox 1364 1791 1607 1835; x_wconf 89' lang='lat' dir='ltr'>ambitione</span> <span class='ocrx_word' id='word_1_196' title='bbox 1646 1795 1693 1836; x_wconf 86' lang='lat' dir='ltr'>et</span> 
     </span>
     <span class='ocr_line' id='line_1_24' title="bbox 213 1860 1694 1919; baseline 0.002 -16"><span class='ocrx_word' id='word_1_197' title='bbox 213 1860 419 1904; x_wconf 90' lang='lat' dir='ltr'>omnibus</span> <span class='ocrx_word' id='word_1_198' title='bbox 440 1860 613 1904; x_wconf 90' lang='lat' dir='ltr'>artibus</span> <span class='ocrx_word' id='word_1_199' title='bbox 633 1861 740 1913; x_wconf 88' lang='lat' dir='ltr'>eius,</span> <span class='ocrx_word' id='word_1_200' title='bbox 760 1863 813 1904; x_wconf 90' lang='lat' dir='ltr'>ut</span> <span class='ocrx_word' id='word_1_201' title='bbox 840 1860 924 1904; x_wconf 90' lang='lat' dir='ltr'>sub</span> <span class='ocrx_word' id='word_1_202' title='bbox 950 1863 1188 1918; x_wconf 82' lang='lat' dir='ltr'>praetextu</span> <span class='ocrx_word' id='word_1_203' title='bbox 1215 1861 1346 1905; x_wconf 91' lang='lat' dir='ltr'>officii</span> <span class='ocrx_word' id='word_1_204' title='bbox 1374 1875 1500 1904; x_wconf 89' lang='lat' dir='ltr'>suam</span> <span class='ocrx_word' id='word_1_205' title='bbox 1520 1862 1694 1919; x_wconf 85' lang='lat' dir='ltr'>possint</span> 
     </span>
     <span class='ocr_line' id='line_1_25' title="bbox 212 1930 1691 1989; baseline 0.001 -15"><span class='ocrx_word' id='word_1_206' title='bbox 212 1930 484 1974; x_wconf 86' lang='lat' dir='ltr'>tirannidem</span> <span class='ocrx_word' id='word_1_207' title='bbox 505 1945 719 1974; x_wconf 83' lang='lat' dir='ltr'>exercere.</span> <span class='ocrx_word' id='word_1_208' title='bbox 779 1930 931 1974; x_wconf 87' lang='lat' dir='ltr'>Habet</span> <span class='ocrx_word' id='word_1_209' title='bbox 950 1930 1068 1974; x_wconf 91' lang='lat' dir='ltr'>enim</span> <span class='ocrx_word' id='word_1_210' title='bbox 1089 1933 1135 1974; x_wconf 88' lang='lat' dir='ltr'>et</span> <span class='ocrx_word' id='word_1_211' title='bbox 1161 1945 1231 1974; x_wconf 90' lang='lat' dir='ltr'>res</span> <span class='ocrx_word' id='word_1_212' title='bbox 1254 1931 1433 1989; x_wconf 89' lang='lat' dir='ltr'>publica</span> <span class='ocrx_word' id='word_1_213' title='bbox 1452 1931 1691 1989; x_wconf 89' lang='lat' dir='ltr'>impiorum</span> 
     </span>
     <span class='ocr_line' id='line_1_26' title="bbox 213 2001 1753 2060; baseline -0.002 -16"><span class='ocrx_word' id='word_1_214' title='bbox 213 2003 349 2058; x_wconf 83' lang='lat' dir='ltr'>caput</span> <span class='ocrx_word' id='word_1_215' title='bbox 369 2003 415 2044; x_wconf 89' lang='lat' dir='ltr'>et</span> <span class='ocrx_word' id='word_1_216' title='bbox 434 2001 633 2044; x_wconf 86' lang='lat' dir='ltr'>membra</span> <span class='ocrx_word' id='word_1_217' title='bbox 653 2016 745 2052; x_wconf 89' lang='lat' dir='ltr'>sua,</span> <span class='ocrx_word' id='word_1_218' title='bbox 761 2004 807 2044; x_wconf 91' lang='lat' dir='ltr'>et</span> <span class='ocrx_word' id='word_1_219' title='bbox 828 2001 954 2058; x_wconf 87' lang='lat' dir='ltr'>quasi</span> <span class='ocrx_word' id='word_1_220' title='bbox 975 2001 1182 2044; x_wconf 90' lang='lat' dir='ltr'>ciuilibus</span> <span class='ocrx_word' id='word_1_221' title='bbox 1202 2001 1425 2045; x_wconf 90' lang='lat' dir='ltr'>institutis</span> <span class='ocrx_word' id='word_1_222' title='bbox 1443 2001 1691 2060; x_wconf 81' lang='lat' dir='ltr'>legittimae</span> <span class='ocrx_word' id='word_1_223' title='bbox 1711 2017 1753 2053; x_wconf 79' lang='lat'>²5</span> 
     </span>
     <span class='ocr_line' id='line_1_27' title="bbox 213 2070 1693 2130; baseline 0.003 -17"><span class='ocrx_word' id='word_1_224' title='bbox 213 2071 278 2114; x_wconf 87' lang='lat' dir='ltr'>rei</span> <span class='ocrx_word' id='word_1_225' title='bbox 327 2070 530 2127; x_wconf 88' lang='lat' dir='ltr'>publicae</span> <span class='ocrx_word' id='word_1_226' title='bbox 579 2071 743 2114; x_wconf 90' lang='lat' dir='ltr'>nititur</span> <span class='ocrx_word' id='word_1_227' title='bbox 792 2085 886 2114; x_wconf 89' lang='lat' dir='ltr'>esse</span> <span class='ocrx_word' id='word_1_228' title='bbox 935 2070 1186 2115; x_wconf 80' lang='lat' dir='ltr'>conformis.</span> <span class='ocrx_word' id='word_1_229' title='bbox 1245 2070 1395 2129; x_wconf 82' lang='lat' dir='ltr'>Caput</span> <span class='ocrx_word' id='word_1_230' title='bbox 1443 2087 1549 2130; x_wconf 89' lang='lat' dir='ltr'>ergo</span> <span class='ocrx_word' id='word_1_231' title='bbox 1597 2073 1693 2118; x_wconf 90' lang='lat' dir='ltr'>eius</span> 
     </span>
     <span class='ocr_line' id='line_1_28' title="bbox 213 2139 1693 2198; baseline 0.003 -16"><span class='ocrx_word' id='word_1_232' title='bbox 213 2140 421 2183; x_wconf 85' lang='lat' dir='ltr'>tirannus</span> <span class='ocrx_word' id='word_1_233' title='bbox 445 2144 513 2184; x_wconf 89' lang='lat' dir='ltr'>est</span> <span class='ocrx_word' id='word_1_234' title='bbox 532 2139 682 2198; x_wconf 88' lang='lat' dir='ltr'>imago</span> <span class='ocrx_word' id='word_1_235' title='bbox 702 2140 894 2192; x_wconf 85' lang='lat' dir='ltr'>diaboli3</span> <span class='ocrx_word' id='word_1_236' title='bbox 926 2141 1077 2184; x_wconf 87' lang='lat' dir='ltr'>anima</span> <span class='ocrx_word' id='word_1_237' title='bbox 1096 2141 1281 2185; x_wconf 87' lang='lat' dir='ltr'>heretici</span> <span class='ocrx_word' id='word_1_238' title='bbox 1301 2142 1538 2186; x_wconf 86' lang='lat' dir='ltr'>scismatici</span> <span class='ocrx_word' id='word_1_239' title='bbox 1559 2144 1693 2187; x_wconf 86' lang='lat' dir='ltr'>sacri-</span> 
     </span>
     <span class='ocr_line' id='line_1_29' title="bbox 213 2210 1693 2270; baseline 0.004 -18"><span class='ocrx_word' id='word_1_240' title='bbox 213 2210 302 2267; x_wconf 86' lang='lat' dir='ltr'>legi</span> <span class='ocrx_word' id='word_1_241' title='bbox 351 2210 601 2254; x_wconf 86' lang='lat' dir='ltr'>sacerdotes</span> <span class='ocrx_word' id='word_1_242' title='bbox 647 2214 705 2264; x_wconf 91' lang='lat' dir='ltr'>et,</span> <span class='ocrx_word' id='word_1_243' title='bbox 751 2213 806 2254; x_wconf 88' lang='lat' dir='ltr'>ut</span> <span class='ocrx_word' id='word_1_244' title='bbox 853 2210 992 2255; x_wconf 90' lang='lat' dir='ltr'>uerbo</span> <span class='ocrx_word' id='word_1_245' title='bbox 1039 2210 1270 2255; x_wconf 86' lang='lat' dir='ltr'>Plutarchi</span> <span class='ocrx_word' id='word_1_246' title='bbox 1319 2215 1435 2264; x_wconf 89' lang='lat' dir='ltr'>utar,</span> <span class='ocrx_word' id='word_1_247' title='bbox 1477 2212 1693 2270; x_wconf 84' lang='lat' dir='ltr'>praefecti</span> 
     </span>
     <span class='ocr_line' id='line_1_30' title="bbox 214 2280 1693 2339; baseline 0.003 -17"><span class='ocrx_word' id='word_1_248' title='bbox 214 2280 456 2338; x_wconf 89' lang='lat' dir='ltr'>religionis,</span> <span class='ocrx_word' id='word_1_249' title='bbox 497 2280 814 2338; x_wconf 88' lang='lat' dir='ltr'>impugnantes</span> <span class='ocrx_word' id='word_1_250' title='bbox 863 2280 1007 2339; x_wconf 88' lang='lat' dir='ltr'>legem</span> <span class='ocrx_word' id='word_1_251' title='bbox 1056 2281 1268 2334; x_wconf 87' lang='lat' dir='ltr'>Domini;</span> <span class='ocrx_word' id='word_1_252' title='bbox 1327 2296 1403 2326; x_wconf 90' lang='lat' dir='ltr'>cor</span> <span class='ocrx_word' id='word_1_253' title='bbox 1450 2283 1693 2327; x_wconf 86' lang='lat' dir='ltr'>consiliarii</span> 
     </span>
     <span class='ocr_line' id='line_1_31' title="bbox 214 2350 1755 2410; baseline 0.004 -18"><span class='ocrx_word' id='word_1_254' title='bbox 214 2350 357 2407; x_wconf 89' lang='lat' dir='ltr'>impii,</span> <span class='ocrx_word' id='word_1_255' title='bbox 376 2351 502 2407; x_wconf 90' lang='lat' dir='ltr'>quasi</span> <span class='ocrx_word' id='word_1_256' title='bbox 519 2354 701 2394; x_wconf 84' lang='lat' dir='ltr'>senatus</span> <span class='ocrx_word' id='word_1_257' title='bbox 717 2350 972 2408; x_wconf 89' lang='lat' dir='ltr'>iniquitatis</span> <span class='ocrx_word' id='word_1_258' title='bbox 990 2368 1001 2404; x_wconf 93' lang='lat'>;</span> <span class='ocrx_word' id='word_1_259' title='bbox 1039 2351 1168 2403; x_wconf 83' lang='lat' dir='ltr'>oculi,</span> <span class='ocrx_word' id='word_1_260' title='bbox 1183 2365 1326 2404; x_wconf 89' lang='lat' dir='ltr'>aures,</span> <span class='ocrx_word' id='word_1_261' title='bbox 1345 2352 1513 2410; x_wconf 83' lang='lat' dir='ltr'>lingua,</span> <span class='ocrx_word' id='word_1_262' title='bbox 1531 2367 1694 2398; x_wconf 89' lang='lat' dir='ltr'>manus</span> <span class='ocrx_word' id='word_1_263' title='bbox 1711 2368 1755 2404; x_wconf 76' lang='lat'>30</span> 
     </span>
     <span class='ocr_line' id='line_1_32' title="bbox 169 2419 1693 2479; baseline 0.003 -17"><span class='ocrx_word' id='word_1_264' title='bbox 169 2425 198 2466; x_wconf 89' lang='lat' dir='ltr'>d</span> <span class='ocrx_word' id='word_1_265' title='bbox 215 2420 409 2471; x_wconf 87' lang='lat' dir='ltr'>inermis,</span> <span class='ocrx_word' id='word_1_266' title='bbox 437 2420 605 2464; x_wconf 89' lang='lat' dir='ltr'>iudices</span> <span class='ocrx_word' id='word_1_267' title='bbox 630 2423 676 2463; x_wconf 93' lang='lat' dir='ltr'>et</span> <span class='ocrx_word' id='word_1_268' title='bbox 702 2420 834 2479; x_wconf 89' lang='lat' dir='ltr'>leges,</span> <span class='ocrx_word' id='word_1_269' title='bbox 858 2419 1065 2464; x_wconf 89' lang='lat' dir='ltr'>officiales</span> <span class='ocrx_word' id='word_1_270' title='bbox 1092 2421 1278 2475; x_wconf 81' lang='lat' dir='ltr'>iniusti3</span> <span class='ocrx_word' id='word_1_271' title='bbox 1320 2436 1479 2466; x_wconf 86' lang='lat' dir='ltr'>manus</span> <span class='ocrx_word' id='word_1_272' title='bbox 1505 2425 1693 2474; x_wconf 82' lang='lat' dir='ltr'>armata,</span> 
     </span>
    </p>
   </div>
   <div class='ocr_carea' id='block_1_3' title="bbox 213 2545 1693 2643">
    <p class='ocr_par' dir='ltr' id='par_1_3' title="bbox 213 2545 1693 2643">
     <span class='ocr_line' id='line_1_33' title="bbox 218 2545 1693 2596; baseline 0.003 -14"><span class='ocrx_word' id='word_1_273' title='bbox 218 2547 262 2583; x_wconf 90' lang='lat'>16</span> <span class='ocrx_word' id='word_1_274' title='bbox 286 2545 485 2583; x_wconf 83' lang='lat' dir='ltr'>obtauerat</span> <span class='ocrx_word' id='word_1_275' title='bbox 501 2547 527 2583; x_wconf 84' lang='lat' dir='ltr'>S</span> <span class='ocrx_word' id='word_1_276' title='bbox 698 2548 740 2584; x_wconf 83' lang='lat'>18</span> <span class='ocrx_word' id='word_1_277' title='bbox 766 2546 959 2593; x_wconf 85' lang='lat' dir='ltr'>apellatur</span> <span class='ocrx_word' id='word_1_278' title='bbox 975 2546 1000 2583; x_wconf 88' lang='lat' dir='ltr'>S</span> <span class='ocrx_word' id='word_1_279' title='bbox 1177 2556 1220 2594; x_wconf 82' lang='lat'>25</span> <span class='ocrx_word' id='word_1_280' title='bbox 1247 2546 1421 2595; x_wconf 86' lang='lat' dir='ltr'>legitime</span> <span class='ocrx_word' id='word_1_281' title='bbox 1437 2547 1471 2584; x_wconf 81' lang='lat' dir='ltr'>A</span> <span class='ocrx_word' id='word_1_282' title='bbox 1645 2558 1693 2596; x_wconf 88' lang='lat'>29</span> 
     </span>
     <span class='ocr_line' id='line_1_34' title="bbox 213 2593 1579 2643; baseline 0.002 -13"><span class='ocrx_word' id='word_1_283' title='bbox 213 2593 425 2641; x_wconf 85' lang='lat' dir='ltr'>religionis]</span> <span class='ocrx_word' id='word_1_284' title='bbox 445 2593 647 2642; x_wconf 82' lang='lat' dir='ltr'>regionum</span> <span class='ocrx_word' id='word_1_285' title='bbox 665 2594 829 2632; x_wconf 85' lang='lat' dir='ltr'>CBASM</span> <span class='ocrx_word' id='word_1_286' title='bbox 844 2608 852 2631; x_wconf 93' lang='lat'><strong>:</strong></span> <span class='ocrx_word' id='word_1_287' title='bbox 884 2593 1082 2642; x_wconf 81' lang='lat' dir='ltr'>religionis</span> <span class='ocrx_word' id='word_1_288' title='bbox 1098 2606 1144 2631; x_wconf 79' lang='lat' dir='ltr'>ex</span> <span class='ocrx_word' id='word_1_289' title='bbox 1159 2596 1222 2632; x_wconf 85' lang='lat' dir='ltr'>lib.</span> <span class='ocrx_word' id='word_1_290' title='bbox 1239 2608 1271 2635; x_wconf 84' lang='lat' dir='ltr'>v.</span> <span class='ocrx_word' id='word_1_291' title='bbox 1289 2608 1367 2643; x_wconf 79' lang='lat' dir='ltr'>cap.</span> <span class='ocrx_word' id='word_1_292' title='bbox 1387 2605 1408 2632; x_wconf 92' lang='lat'>2</span> <span class='ocrx_word' id='word_1_293' title='bbox 1425 2597 1579 2633; x_wconf 71' lang='lat' dir='ltr'>restitui.</span> 
     </span>
    </p>
   </div>
   <div class='ocr_carea' id='block_1_4' title="bbox 214 2713 1693 2904">
    <p class='ocr_par' dir='ltr' id='par_1_4' title="bbox 214 2713 1693 2904">
     <span class='ocr_line' id='line_1_35' title="bbox 266 2713 1693 2761; baseline 0.004 -13"><span class='ocrx_word' id='word_1_294' title='bbox 266 2713 309 2749; x_wconf 90' lang='lat'>18</span> <span class='ocrx_word' id='word_1_295' title='bbox 334 2713 525 2759; x_wconf 78' lang='lat' dir='ltr'>Principes</span> <span class='ocrx_word' id='word_1_296' title='bbox 541 2715 599 2749; x_wconf 78' lang='lat' dir='ltr'>tui</span> <span class='ocrx_word' id='word_1_297' title='bbox 615 2715 687 2751; x_wconf 89' lang='lat' dir='ltr'>etc.</span> <span class='ocrx_word' id='word_1_298' title='bbox 703 2726 712 2751; x_wconf 76' lang='grc' dir='ltr'>ε</span> <span class='ocrx_word' id='word_1_299' title='bbox 740 2713 812 2750; x_wconf 86' lang='lat' dir='ltr'>Isa.</span> <span class='ocrx_word' id='word_1_300' title='bbox 830 2714 855 2751; x_wconf 92' lang='lat' dir='ltr'>i.</span> <span class='ocrx_word' id='word_1_301' title='bbox 875 2724 932 2760; x_wconf 87' lang='lat'>23.</span> <span class='ocrx_word' id='word_1_302' title='bbox 1080 2724 1123 2760; x_wconf 89' lang='lat'>19</span> <span class='ocrx_word' id='word_1_303' title='bbox 1147 2715 1339 2761; x_wconf 74' lang='lat' dir='ltr'>Principes</span> <span class='ocrx_word' id='word_1_304' title='bbox 1359 2717 1584 2752; x_wconf 78' lang='lat' dir='ltr'>sacerdotum</span> <span class='ocrx_word' id='word_1_305' title='bbox 1599 2717 1693 2754; x_wconf 66' lang='lat' dir='ltr'>eta:</span> 
     </span>
     <span class='ocr_line' id='line_1_36' title="bbox 215 2758 1691 2809; baseline 0.004 -14"><span class='ocrx_word' id='word_1_306' title='bbox 215 2758 328 2796; x_wconf 85' lang='lat' dir='ltr'>Matt.</span> <span class='ocrx_word' id='word_1_307' title='bbox 347 2760 446 2796; x_wconf 85' lang='lat' dir='ltr'>xxvi.</span> <span class='ocrx_word' id='word_1_308' title='bbox 465 2771 498 2806; x_wconf 87' lang='lat'>3,</span> <span class='ocrx_word' id='word_1_309' title='bbox 515 2771 549 2805; x_wconf 90' lang='lat'>4.</span> <span class='ocrx_word' id='word_1_310' title='bbox 752 2764 796 2799; x_wconf 85' lang='lat'>28</span> <span class='ocrx_word' id='word_1_311' title='bbox 822 2763 1037 2798; x_wconf 80' lang='lat' dir='ltr'>Plutarchi:</span> <span class='ocrx_word' id='word_1_312' title='bbox 1062 2774 1112 2799; x_wconf 88' lang='lat' dir='ltr'>sc.</span> <span class='ocrx_word' id='word_1_313' title='bbox 1131 2762 1173 2798; x_wconf 91' lang='lat' dir='ltr'>in</span> <span class='ocrx_word' id='word_1_314' title='bbox 1191 2762 1440 2800; x_wconf 87' lang='lat' dir='ltr'>Institutione</span> <span class='ocrx_word' id='word_1_315' title='bbox 1457 2763 1634 2809; x_wconf 74' lang='lat' dir='ltr'>Traiani3</span> <span class='ocrx_word' id='word_1_316' title='bbox 1658 2776 1691 2802; x_wconf 85' lang='lat' dir='ltr'>v.</span> 
     </span>
     <span class='ocr_line' id='line_1_37' title="bbox 215 2807 1692 2859; baseline 0.004 -16"><span class='ocrx_word' id='word_1_317' title='bbox 215 2818 330 2854; x_wconf 84' lang='lat' dir='ltr'>supra</span> <span class='ocrx_word' id='word_1_318' title='bbox 346 2819 377 2844; x_wconf 89' lang='lat' dir='ltr'>v.</span> <span class='ocrx_word' id='word_1_319' title='bbox 398 2819 419 2844; x_wconf 90' lang='lat'>2</span> <span class='ocrx_word' id='word_1_320' title='bbox 439 2811 524 2855; x_wconf 85' lang='lat'>(540</span> <span class='ocrx_word' id='word_1_321' title='bbox 535 2807 589 2854; x_wconf 86' lang='lat' dir='ltr'>B).</span> <span class='ocrx_word' id='word_1_322' title='bbox 638 2808 720 2846; x_wconf 87' lang='lat' dir='ltr'>Hoc</span> <span class='ocrx_word' id='word_1_323' title='bbox 737 2808 822 2846; x_wconf 92' lang='lat' dir='ltr'>loco</span> <span class='ocrx_word' id='word_1_324' title='bbox 845 2809 988 2846; x_wconf 87' lang='lat' dir='ltr'>codicis</span> <span class='ocrx_word' id='word_1_325' title='bbox 1010 2809 1212 2856; x_wconf 79' lang='lat' dir='ltr'>archetypi</span> <span class='ocrx_word' id='word_1_326' title='bbox 1235 2810 1409 2857; x_wconf 87' lang='lat' dir='ltr'>scriptor,</span> <span class='ocrx_word' id='word_1_327' title='bbox 1428 2810 1524 2848; x_wconf 77' lang='lat' dir='ltr'>Dan.</span> <span class='ocrx_word' id='word_1_328' title='bbox 1542 2811 1599 2849; x_wconf 86' lang='lat' dir='ltr'>iii.</span> <span class='ocrx_word' id='word_1_329' title='bbox 1615 2821 1649 2856; x_wconf 84' lang='lat'>2,</span> <span class='ocrx_word' id='word_1_330' title='bbox 1670 2822 1692 2859; x_wconf 88' lang='grc'><strong><em>3</em></strong></span> 
     </span>
     <span class='ocr_line' id='line_1_38' title="bbox 214 2854 1404 2904; baseline 0.004 -14"><span class='ocrx_word' id='word_1_331' title='bbox 214 2854 341 2891; x_wconf 85' lang='lat' dir='ltr'>forsan</span> <span class='ocrx_word' id='word_1_332' title='bbox 358 2867 513 2900; x_wconf 88' lang='lat' dir='ltr'>memor,</span> <span class='ocrx_word' id='word_1_333' title='bbox 531 2858 720 2902; x_wconf 71' lang='lat' dir='ltr'>reqionum</span> <span class='ocrx_word' id='word_1_334' title='bbox 736 2867 807 2904; x_wconf 88' lang='lat' dir='ltr'>pro</span> <span class='ocrx_word' id='word_1_335' title='bbox 824 2859 1013 2904; x_wconf 60' lang='lat' dir='ltr'>religionis</span> <span class='ocrx_word' id='word_1_336' title='bbox 1028 2856 1224 2904; x_wconf 80' lang='lat' dir='ltr'>scripsisse</span> <span class='ocrx_word' id='word_1_337' title='bbox 1241 2857 1404 2896; x_wconf 86' lang='lat' dir='ltr'>videtur.</span> 
     </span>
    </p>
   </div>
   <div class='ocr_carea' id='block_1_5' title="bbox 327 2929 393 2971">
    <p class='ocr_par' dir='ltr' id='par_1_5' title="bbox 327 2929 393 2971">
     <span class='ocr_line' id='line_1_39' title="bbox 327 2929 393 2971; baseline 0.015 -1"><span class='ocrx_word' id='word_1_338' title='bbox 327 2929 393 2971; x_wconf 74' lang='lat'>348</span> 
     </span>
    </p>
   </div>
  </div>
 </body>
</html>
