1846 3262
133 229 234 264 041³.
248 218 361 280 xxv]
657 217 1105 263 POLICRATICVS
1564 265 1566 267 ¹
1643 217 1726 266 627
1746 217 1776 254 b

132 342 286 388 fuerit.
345 342 442 386 Nec
467 342 691 385 lubricum
717 342 900 400 linguae
920 342 978 385 ad
1004 356 1167 399 penam
1195 340 1328 384 facile
1354 339 1627 384 trahendum
1645 343 1675 380 b

133 417 227 467 est3
256 428 529 472 quamquam
557 412 678 456 enim
705 413 934 456 temerarii
960 427 1078 470 pena
1106 412 1200 455 sint
1230 411 1370 470 digni,
1399 414 1554 454 tamen
1584 414 1631 453 et

131 484 225 528 illis
254 484 528 543 parcendum
559 489 628 528 est
660 483 698 527 si
734 499 824 527 non
857 483 948 527 tale
978 483 1039 527 sit
1069 483 1283 526 delictum
1313 481 1434 539 quod
1463 481 1538 524 uel
1574 495 1631 524 ex

132 556 358 614 scriptura
372 555 485 613 legis
502 555 743 598 descendat
758 554 832 598 uel
853 553 973 612 quod
994 554 1052 597 ad
1073 553 1329 611 exemplum
1348 552 1462 611 legis
1482 552 1630 595 uindi-

94 642 114 677 5
133 626 327 670 candum
368 629 447 670 est.
507 626 773 681 Audiuntur
813 628 860 668 et
898 625 1109 667 mulieres
1143 624 1192 666 in
1227 623 1345 667 10880
1379 622 1631 666 maiestatis

133 697 419 755 quaestione;
468 712 575 739 nam
615 696 970 740 coniurationem
1012 694 1159 752 Sergii
1204 693 1469 738 Cathelinae
1510 693 1632 736 Iulia

132 768 296 811 mulier
330 768 506 811 detexit
535 770 582 811 et
612 767 815 810 Marcum
846 766 1045 809 Tullium
1075 765 1302 809 consulem
1332 765 1382 807 in
1413 764 1630 808 iudicium

133 839 231 883 eius
264 839 495 883 instruxit.
557 838 811 882 Tormentis
846 837 1029 894 quidem
1060 836 1282 880 subdendi
1322 839 1441 887 sunt,
1474 836 1512 879 si
1547 836 1632 879 1100

134 909 253 954 ratio
283 909 564 953 necessitatis
594 912 676 952 aut
707 908 925 951 utilitatis
959 907 1157 957 inducat,
1191 906 1269 964 qui
1302 906 1502 950 criminis
1535 906 1631 949 eius

74 998 118 1023 10
134 980 200 1024 rei
220 995 316 1024 esse
334 980 582 1024 creduntur
600 994 703 1023 cum
723 979 814 1022 illis
836 993 1028 1036 quorum
1049 977 1235 1021 consilio
1255 981 1391 1034 atque
1411 977 1634 1020 instinctu

133 1051 193 1095 ad
227 1051 556 1095 accusationem
587 1050 675 1093 uisi
704 1052 813 1093 sunt
842 1048 1089 1100 accessisse,
1104 1051 1158 1091 ut
1187 1047 1246 1090 ab
1275 1047 1484 1091 omnibus
1513 1062 1632 1090 com-

131 1122 281 1166 missis
319 1121 507 1165 consciis
546 1121 750 1164 uindicta
788 1119 932 1178 possit
970 1118 1185 1162 instituta
1217 1118 1450 1175 reportari.
1512 1118 1633 1161 Sunt

131 1194 285 1236 autem
310 1191 508 1250 plurima
532 1206 647 1249 quae
674 1190 925 1234 maiestatis
952 1188 1204 1232 informant
1230 1188 1411 1239 crimen,
1431 1191 1485 1231 ut
1512 1188 1550 1231 si
1575 1188 1631 1232 de

131 1265 278 1307 morte
304 1262 521 1320 principis
541 1264 764 1305 tractetur
786 1263 868 1305 aut
887 1260 1252 1318 magistratuum,
1272 1262 1354 1302 aut
1378 1274 1505 1302 arma
1529 1260 1629 1316 quis
1648 1270 1674 1299 e

73 1355 115 1391 ¹5
132 1336 291 1378 contra
315 1332 513 1391 patriam
536 1332 697 1376 tulerit
722 1334 805 1375 aut
828 1331 985 1375 relicto
1009 1330 1211 1388 principe
1238 1329 1294 1373 de
1313 1329 1493 1387 publico
1513 1330 1630 1373 bello

133 1403 388 1463 profugerit
427 1406 509 1447 aut
547 1403 823 1447 concitatum
867 1402 918 1445 in
964 1401 1231 1445 seditionem
1277 1400 1495 1443 aduersus
1534 1415 1629 1443 rem

131 1474 358 1534 publicam
378 1474 691 1518 sollicitauerit
710 1473 940 1531 populum,
960 1472 1146 1515 0111118110
1169 1485 1306 1529 opera
1329 1470 1490 1514 doloue
1510 1471 1630 1514 malo

131 1546 284 1590 hostes
298 1544 454 1604 populi
474 1544 629 1602 reique
655 1544 861 1602 publicae
884 1546 1137 1587 commeatu
1157 1542 1295 1585 armis
1316 1541 1420 1584 telis
1439 1540 1631 1598 pecunia

133 1631 282 1675 quaue
307 1617 399 1660 alia
421 1631 470 1659 re
496 1615 776 1659 adiuuantur
802 1614 876 1658 uel
901 1628 959 1657 ex
985 1613 1142 1656 amicis
1165 1613 1317 1656 hostes
1338 1612 1404 1655 rei
1423 1611 1629 1670 publicae

73 1706 119 1732 ao
133 1688 264 1740 fiunt,
282 1688 467 1732 cuiusue
486 1686 589 1730 dolo
607 1686 727 1730 malo
741 1700 878 1744 opera
892 1684 1065 1728 factum
1081 1684 1169 1728 erit
1184 1699 1273 1742 quo
1288 1683 1433 1741 magis
1452 1682 1631 1726 obsides

131 1758 324 1818 pecunia
354 1758 520 1801 dentur
549 1757 767 1800 aduersus
797 1771 892 1799 rem
922 1755 1162 1813 publicam,
1192 1769 1282 1812 quo
1310 1754 1462 1797 minus
1492 1754 1630 1796 etiam

131 1844 243 1888 gens
277 1832 518 1873 extraneae
553 1827 750 1886 regionis
784 1826 850 1870 rei
885 1826 1091 1884 publicae
1125 1825 1429 1883 obtemperet3
1472 1824 1632 1868 fecerit

132 1901 244 1944 item
264 1900 343 1958 qui
368 1898 624 1943 confessum
647 1898 696 1941 in
723 1897 891 1941 iudicio
917 1912 1046 1940 reum
1066 1900 1253 1954 propter
1271 1896 1356 1939 hoc
1377 1896 1425 1938 in
1445 1895 1632 1938 uincula

133 1971 384 2016 oonieetum
400 1969 623 2022 emiserim
644 1969 715 2012 et
702 1983 751 2011 111
766 1968 887 2011 1111110
902 1968 1085 2011 modum
1100 1967 1298 2046 plurima
1312 1981 1427 2024 quae
1442 1966 1628 2023 longum

73 2057 118 2095 15
134 2043 217 2085 aut
238 2039 513 2098 impossibile
540 2042 610 2082 est
635 2053 857 2082 enarrare.
917 2037 1024 2092 Sed,
1042 2037 1150 2095 quia
1175 2036 1369 2080 formam
1394 2036 1629 2079 fidelitatis
1644 2040 1674 2081 d

133 2111 184 2155 in
223 2126 276 2155 eo
309 2125 418 2169 prae
452 2109 613 2154 ceteris
642 2108 814 2152 seruari
844 2111 1035 2166 oportet,
1064 2122 1208 2166 pauca
1239 2110 1348 2150 sunt
1377 2121 1435 2150 ex
1465 2106 1630 2163 quibus

133 2182 244 2240 quid
275 2195 367 2225 non
401 2180 535 2224 liceat
568 2179 925 2223 commodissime
956 2178 1107 2236 colligi
1141 2181 1302 2257 potest.
1376 2177 1629 2220 Necessarii

132 2267 328 2310 namque
347 2250 624 2295 contrarium
644 2249 920 2308 impossibile
946 2252 1027 2301 est,
1047 2252 1094 2292 et
1114 2249 1156 2292 ei
1184 2248 1304 2306 quod
1327 2250 1507 2305 oportet
1530 2247 1630 2290 fieri

133 2323 231 2368 sola
262 2322 423 2366 illicita
457 2320 785 2365 contradicunt.
847 2319 1005 2377 Exigit
1035 2322 1188 2362 autem
1218 2317 1453 2361 fidelitatis
1483 2316 1632 2360 forma

75 2410 118 2445 30
135 2408 251 2452 (11180
261 2391 510 2436 necessario
522 2390 628 2433 fidei
640 2393 748 2433 sunt
760 2390 942 2440 inserta,
954 2389 1188 2440 incolume,
1198 2391 1365 2439 tutum,
1377 2388 1631 2438 honestum,

135 2464 262 2516 utile,
290 2462 435 2513 facile,
464 2460 686 2519 possibile.
747 2461 819 2504 Ne
847 2460 921 2503 cui
950 2459 1171 2502 fidelitate
1204 2462 1414 2502 tenemur
1442 2458 1631 2509 astricti,

139 2573 183 2609 17
203 2567 289 2609 post
304 2561 392 2598 dolo
409 2572 478 2597 om.
496 2572 546 2597 ue
563 2558 638 2595 A²S
786 2559 829 2596 18
855 2559 1031 2595 comeatu
1049 2556 1074 2593 S
1212 2566 1258 2602 27
1284 2556 1551 2594 comodissime
1572 2556 1630 2593 As
1671 2566 1674 2567 ⁷

187 2643 205 2681 5
232 2635 337 2669 Anda
330 2635 456 2668 ’untur
470 2634 569 2668 etc.:
597 2643 629 2667 v.
646 2629 733 2677 Dig.
750 2629 869 2666 xlviii.
888 2639 923 2674 4.
948 2630 982 2665 8.
1176 2629 1198 2664 8
1228 2629 1432 2664 Tormenti-3
1447 2630 1546 2665 etc.:
1573 2627 1630 2665 De

136 2681 340 2720 tormentis
356 2679 568 2716 maiestatis
585 2691 698 2715 causa
714 2677 943 2714 adhibendis
959 2689 991 2712 v.
1005 2675 1125 2713 Cod.
1113 2688 1167 2712 lx.
1186 2678 1219 2713 8.
1238 2686 1273 2721 4,
1291 2678 1326 2719 6,
1341 2685 1374 2720 7,
1390 2677 1423 2712 8.
1574 2686 1626 2719 12,

141 2741 184 2776 13
201 2731 298 2766 Sunt
312 2734 434 2765 autem
445 2729 615 2774 plurima
633 2729 732 2763 etc.:
756 2738 791 2763 v.
809 2725 898 2772 Dig.
916 2724 1037 2761 xlviii.
1055 2736 1090 2770 4.
1114 2735 1144 2768 1,
1162 2735 1197 2769 2,
1208 2735 1242 2769 4.
1359 2733 1403 2768 27
1422 2725 1632 2760 Necessaria·

137 2781 236 2816 01,οΑ
261 2776 542 2823 Propositiones
557 2777 704 2812 Necesse
724 2779 776 2810 est
798 2786 871 2810 esse
895 2776 936 2811 et
960 2774 1187 2819 Impossibile
1210 2778 1262 2808 est
1285 2785 1359 2809 esse
1382 2772 1430 2810 de
1455 2772 1628 2809 subiecto

137 2826 272 2864 eodem
288 2823 404 2860 simul
417 2836 505 2861 vere
521 2823 599 2860 dici
615 2824 827 2869 nequeunt,
843 2821 940 2858 falso
957 2825 1090 2858 autem
1133 2823 1279 2857 ossunt.
1426 2831 1473 2867 29
1497 2822 1614 2867 Exiyi
1614 2827 1630 2856 t

139 2877 237 2912 eto.-
262 2885 295 2910 ν.
313 2872 373 2920 ΕΡ
374 2871 528 2909 istolam
548 2870 721 2908 Fulberti
736 2869 985 2908 Carnotensis
1005 2881 1066 2916 ap.
1125 2871 1198 2907 rat.
1217 2871 1357 2906 Dea-et.
1375 2868 1426 2905 ΙΙ.
1444 2868 1537 2906 xxii.
1558 2879 1576 2917 5
1596 2881 1629 2906 0.

143 2924 187 2960 18
206 2920 455 2970 (Friedberg
443 2932 471 2957 1.
490 2920 591 2967 887).

1475 2980 1518 3016 75
