1846 3262
103 232 180 275 777
199 234 230 264 a
579 222 783 268 IOANN
785 222 845 267 IS
886 221 1404 267 SARESBERIENSIS
1509 220 1621 282 [ΜΒ.
1636 232 1728 266 vnI

247 358 505 402 compagem
526 343 690 401 quietis
711 346 757 386 et
781 342 915 401 pacis,
936 356 1024 400 qua
1043 342 1183 386 nichil
1202 341 1425 386 salubrius
1445 346 1524 394 est,
1544 342 1730 386 molitur

248 414 521 471 extinguere.
581 412 812 470 Siquidem
841 412 949 455 haec
977 411 1164 455 flumina
1191 411 1424 455 caritatem
1455 412 1728 470 extinguunt

247 483 318 526 his
338 483 500 540 quibus
522 481 620 525 uita
639 484 842 539 negatur.
903 481 961 524 In
976 481 1046 524 his
1063 481 1279 524 Tantalus
1299 481 1474 525 laborat
1493 481 1541 524 in
1561 480 1729 526 fabulis

247 553 361 596 citra
400 552 667 604 satietatem,
698 554 745 594 et
777 565 921 595 sermo
955 551 1242 608 propheticus
1276 551 1535 609 degentium
1573 551 1622 595 in
1656 552 1728 596 his

246 622 376 679 aquis
419 622 620 679 increpat
659 621 794 664 sitim.
855 621 1070 665 Sitientes
1117 635 1222 678 ergo
1267 620 1325 664 ad
1373 636 1512 679 aquas
1560 621 1729 666 inuitat
1747 632 1767 668 5

246 691 484 749 oppositas,
515 706 629 748 quae
661 706 689 734 a
719 691 882 748 spiritu
914 690 1156 748 profluunt,
1177 690 1343 748 absque
1380 691 1728 737 commutatione

246 761 389 819 gratis
419 764 677 819 accepturos
713 776 741 804 a
775 760 925 819 gratia
957 761 1115 803 uinum
1156 763 1201 804 et
1232 760 1310 804 lac.
1372 760 1532 814 Quare,
1564 761 1726 818 inquit,

246 831 501 889 appenditis
531 834 768 888 argentum
799 845 890 873 non
921 830 970 872 in
999 830 1202 888 panibus,
1223 833 1270 874 et
1299 830 1495 874 laborem
1524 834 1726 874 uestrum

248 915 339 944 non
379 901 428 943 in
471 900 741 944 saturitate?
818 900 987 943 Audite
1030 899 1263 943 audientes
1305 915 1376 944 me
1421 902 1468 943 et
1512 900 1729 944 comedite

203 973 233 1012 b
251 971 428 1024 bonum,
445 973 491 1014 et
517 969 813 1014 delectabitur
839 970 887 1012 in
909 969 1205 1013 crassitudine
1231 969 1382 1012 anima
1400 962 1563 1013 uestra.
1623 969 1728 1014 Non
1747 985 1790 1011 10

249 1040 406 1098 utique
436 1040 484 1083 in
514 1040 592 1084 illa
621 1040 670 1083 in
700 1055 789 1097 qua
818 1039 1156 1083 delectationem
1186 1053 1277 1082 non
1307 1040 1442 1084 habet
1470 1040 1622 1084 anima
1650 1040 1729 1084 sed

246 1125 373 1163 car03
412 1111 461 1153 in
491 1111 570 1154 illa
599 1111 647 1153 in
675 1125 764 1168 qua
787 1109 1089 1154 recalcitrauit
1118 1109 1306 1153 dilectus
1335 1109 1618 1162 incrassatus,
1644 1110 1726 1153 im-

246 1180 504 1238 pinguatus,
536 1180 765 1231 dilatatus,
798 1180 875 1224 sed
907 1179 956 1223 in
988 1194 1078 1236 qua
1112 1179 1390 1223 benedicitur
1422 1180 1554 1231 filius,
1588 1183 1642 1224 ut
1678 1180 1728 1224 in

247 1265 346 1293 rore
381 1250 738 1307 superuenientis
776 1250 951 1308 gratiae
986 1253 1032 1293 et
1071 1249 1343 1308 pinguedine
1382 1249 1511 1293 liberi
1550 1250 1729 1294 arbitrii

246 1320 527 1363 uoluntatem
576 1320 662 1364 Dei
711 1320 956 1378 prudenter
1000 1319 1236 1376 intelligat,
1280 1322 1487 1377 potenter
1530 1320 1728 1377 impleat,
1748 1332 1789 1368 15

246 1389 408 1433 toleret
456 1389 690 1446 patienter.
763 1389 863 1433 Hae
911 1389 1065 1447 itaque
1106 1388 1438 1446 impinguantes
1482 1392 1528 1432 et
1577 1389 1728 1434 dulces

247 1473 390 1516 aquae
415 1461 523 1502 sunt
548 1462 596 1502 et
622 1473 737 1516 quae
761 1458 871 1502 alias
898 1473 1051 1502 omnes
1074 1461 1339 1515 temperant,
1359 1458 1465 1515 quia
1491 1458 1562 1502 his
1586 1458 1726 1503 salsu-

246 1529 397 1587 ginem
432 1543 585 1572 earum
620 1529 852 1572 absorbuit
886 1528 1060 1586 lignum
1092 1527 1234 1572 crucis
1269 1530 1315 1571 et
1349 1527 1602 1572 dulcorauit
1641 1543 1727 1581 eas,

246 1601 294 1642 et
308 1598 554 1656 sapientiae
568 1598 742 1642 celestis
758 1598 926 1642 infusio
943 1598 1119 1641 easdem
1139 1597 1188 1640 in
1207 1597 1398 1641 salutem
1413 1598 1665 1642 animarum
1680 1602 1727 1643 et

245 1667 501 1711 satietatem
541 1667 649 1712 fecit
689 1682 782 1711 esse
820 1667 1050 1725 potabiles.
1111 1666 1211 1710 Hae
1242 1681 1417 1724 quoque
1451 1667 1646 1712 liberant
1679 1670 1726 1712 et
1745 1678 1789 1703 ²0

245 1737 387 1780 totius
426 1737 667 1781 tirannidis
706 1737 935 1781 incursum
975 1736 1228 1794 impediunt
1269 1736 1350 1780 aut
1395 1740 1607 1794 premunt
1644 1743 1727 1782 aut

246 1807 455 1864 puniunt.
527 1806 632 1850 Non
672 1821 778 1865 ergo
809 1820 954 1850 uanae
993 1806 1113 1850 uires
1152 1805 1230 1850 sed
1269 1806 1437 1850 ueritas
1476 1806 1640 1852 liberat
1676 1807 1726 1851 in

246 1876 474 1933 aequitate
488 1876 751 1930 consistens;
771 1879 831 1930 et,
843 1876 947 1920 licet
959 1875 1138 1920 uanitas
1153 1876 1390 1934 promittat
1404 1876 1727 1931 liberationem,

158 1997 160 1999 ,
246 1960 352 1989 uere
386 1946 516 1989 liberi
547 1960 829 2004 nequaquam
864 1949 971 1990 sunt
1005 1946 1093 1990 nisi
1128 1960 1239 2003 quos
1274 1945 1416 1990 Filius
1454 1946 1727 1992 liberauerit.

205 2022 231 2052 c
248 2014 315 2058 Tu
347 2019 536 2059 naturae
567 2016 740 2073 gratiae
770 2018 817 2059 et
845 2015 1013 2073 gloriae
1043 2015 1269 2074 distingue
1296 2015 1562 2070 libertatem,
1587 2019 1633 2061 et
1658 2017 1726 2061 in-
1745 2031 1787 2068 25

246 2086 400 2129 uenies
445 2086 617 2129 nullam
663 2100 818 2130 earum
861 2085 916 2129 de
965 2086 1169 2129 uanitate
1215 2086 1484 2144 contingere,
1521 2100 1603 2131 nec
1641 2087 1727 2131 tibi

247 2155 444 2199 conditio
463 2156 607 2214 magis
627 2156 802 2199 seruilis
822 2159 1023 2199 occurret
1043 2170 1178 2213 quam
1197 2156 1379 2200 tiranni.
1438 2156 1488 2200 Si
1508 2157 1628 2201 enim
1647 2157 1727 2201 ubi

246 2294 514 2352 deprimitur
534 2310 665 2352 quem
685 2295 872 2353 spiritus
891 2310 1083 2353 nequam
1104 2295 1318 2354 exagitat.

246 2408 267 2445 7
294 2367 520 2446 acceptu-12¹³
536 2400 593 2436 A:
617 2402 846 2447 accepturus
864 2398 888 2436 S
1036 2410 1079 2446 14
1104 2399 1419 2447 super-uenientes
1435 2400 1469 2437 A

295 2482 316 2507 2
341 2472 429 2508 haec
437 2473 604 2517 flumina
622 2474 719 2509 etc.:
745 2484 778 2508 v.
796 2471 904 2508 Cant.
926 2470 1002 2509 viii.
1021 2480 1054 2517 7.
1227 2482 1249 2518 3
1279 2473 1482 2510 Tantalum
1509 2472 1587 2520 qui,
1608 2475 1653 2511 ut
1669 2473 1726 2512 ait

246 2517 410 2562 Ovidius,
430 2521 556 2556 Amor.
576 2518 616 2556 ii.
635 2530 667 2556 2.
687 2529 734 2565 43
751 2522 894 2566 quaerit
909 2532 1025 2566 aquas
1039 2521 1081 2556 in
1098 2521 1204 2567 aquis
1227 2525 1260 2556 et
1278 2532 1394 2567 poma
1407 2523 1566 2567 fugacia
1591 2527 1726 2568 captat.

247 2575 266 2612 5
293 2568 463 2603 sitientes
482 2569 575 2604 etc.:
600 2579 635 2604 v.
654 2567 725 2603 Isa.
742 2566 791 2604 lv.
812 2577 843 2611 1,
860 2577 892 2604 2.
1106 2578 1149 2604 12
1173 2569 1420 2605 recalcitrauit
1436 2571 1508 2606 etc.
1525 2582 1534 2606 ε
1559 2581 1591 2606 v.
1611 2568 1724 2607 Deut.

247 2614 364 2650 xxxii.
387 2623 441 2662 15.
637 2625 690 2661 13,
714 2625 756 2660 14
780 2617 823 2651 in
838 2627 920 2651 rore
935 2617 1032 2652 etc.:
1058 2627 1090 2651 v.
1109 2614 1202 2652 Gen.
1222 2615 1335 2652 xxvii.
1355 2626 1411 2662 39.
1605 2626 1660 2663 17,
1682 2619 1726 2654 18

245 2663 468 2708 salsuyinem
492 2663 588 2699 etc.:
616 2674 650 2699 v.
677 2661 794 2699 Exod.
823 2673 881 2698 xv.
908 2672 964 2709 25.
1016 2662 1182 2711 Lignum
1207 2675 1282 2710 quo
1306 2663 1449 2701 iniecto
1475 2663 1607 2701 dulces
1631 2663 1727 2702 fecit

245 2720 364 2754 aquas
391 2709 540 2755 Moyses
569 2721 722 2747 crucem
748 2709 963 2757 significare
988 2710 1102 2748 docet
1128 2710 1221 2758 Aug.
1245 2713 1386 2755 Quaest.
1409 2713 1451 2747 in
1477 2713 1587 2758 Περὶ.
1613 2710 1654 2750 ii.
1680 2721 1724 2760 57

248 2756 398 2802 (Migne
415 2759 454 2794 P.
475 2759 517 2795 L.
537 2758 661 2794 xxxiv.
679 2757 778 2803 616).
970 2769 1015 2795 22
1041 2761 1178 2795 ueritas
1194 2760 1342 2795 liberat:
1367 2771 1398 2796 v.
1418 2759 1549 2796 Ioann.
1569 2758 1646 2796 viii.
1665 2771 1725 2806 32.

249 2812 295 2848 24
319 2817 402 2840 uere
418 2806 524 2841 liberi
540 2807 613 2842 etc.
631 2817 641 2843 :
669 2817 699 2842 v.
723 2806 852 2842 Ioann.
873 2804 950 2843 viii.
972 2808 1027 2852 36.
1220 2815 1278 2852 27,
1296 2807 1341 2843 28
1366 2807 1430 2843 ubi
1445 2807 1610 2854 Spiritus
1625 2809 1723 2845 ete:

248 2861 269 2887 2
288 2850 368 2888 Cor.
389 2851 442 2889 iii.
467 2862 519 2897 17.
755 2864 800 2899 29
823 2866 928 2908 quem
944 2856 1099 2901 spiritus
1113 2866 1267 2903 nequam
1283 2856 1464 2901 eoeayitat:
1489 2856 1533 2892 ut
1550 2853 1642 2892 Saul
1659 2855 1726 2903 qui

245 2900 431 2944 tyrannus
448 2903 553 2947 erat3
580 2912 612 2938 v.
636 2911 651 2939 1
672 2899 764 2948 Reg.
784 2912 855 2937 xvi.
879 2911 931 2947 14.

354 2962 425 2996 344
