1846 3262
84 205 170 254 632
190 209 217 245 e
559 201 822 247 IOANNIS
863 200 1387 246 SARESBERIENSIS
1538 199 1649 263 [ΜΒ.
1666 213 1719 246 VI

229 328 452 370 exornant
486 327 533 368 et
564 323 762 367 familias
797 322 1158 366 numerosissime
1197 326 1471 380 comparant.
1547 323 1637 368 Sed
1671 323 1721 366 in

229 396 330 439 istis
359 395 578 446 omnibus,
598 395 647 437 in
676 396 807 438 tanta
834 392 1065 437 affluentia
1091 407 1243 436 rerum
1270 393 1409 437 nichil
1434 396 1503 438 est
1523 396 1721 452 praeter-

230 481 366 524 quam
401 466 609 510 dominus
643 465 737 523 ipse
777 464 1049 522 pudendum.
1123 463 1218 507 Nec
1258 464 1426 507 iniuria
1437 478 1448 518 ;
1492 465 1724 509 cumulata

231 537 352 581 enim
388 536 557 580 habent
596 550 711 593 quae
751 535 904 578 sedulo
944 534 1190 592 percolunt,
1231 534 1318 592 ipsi
1358 537 1511 578 autem
1551 534 1722 579 sordidi

229 607 399 651 indocti
419 607 666 665 incultique
686 606 976 650 circumeunt.
1035 605 1185 663 Igitur
1204 605 1306 649 illas
1332 605 1513 663 species,
1534 605 1583 648 in
1610 619 1723 663 quas
1742 620 1762 656 ⁵

229 677 503 736 patrimonia
522 692 604 721 sua
623 676 935 734 profuderunt,
956 675 1264 719 amenissimas
1291 678 1338 719 et
1365 675 1724 720 extructissimas

231 751 278 792 et
298 744 606 792 ornatissimas
622 746 940 804 deprehendas,
960 746 1094 790 uillas
1115 746 1285 790 emulas
1305 746 1488 790 urbium
1508 745 1725 798 conditas,

230 819 386 863 domos
405 818 504 862 uice
530 817 801 875 templorum
829 819 1081 872 exornatas,
1109 816 1307 861 familias
1338 817 1726 862 numerosissimas

231 892 279 934 et
307 889 647 939 calamistratas,
677 887 909 945 opiparam
939 887 1273 944 supellectilem,
1303 888 1455 932 omnia
1482 887 1726 939 affluentia,

185 962 215 1003 d
232 960 383 1004 omnia
403 958 646 1018 opulentia,
665 958 817 1002 omnia
835 960 996 1001 ornata
1018 960 1197 1015 praeter
1220 958 1369 1016 ipsum
1393 958 1626 1002 dominum
1647 957 1726 1016 qui
1746 975 1790 1001 ιο

233 1031 355 1074 solus
375 1029 556 1074 Tantali
584 1029 683 1074 uice
709 1028 758 1071 in
785 1028 878 1072 suis
908 1028 1083 1072 diuitiis
1110 1029 1240 1086 inops
1271 1044 1406 1087 egens
1434 1044 1606 1087 pauper
1634 1043 1727 1072 non

233 1101 415 1158 quidem
434 1100 649 1144 fluentem
679 1099 807 1142 illum
838 1098 1087 1156 fugitiuum
1117 1102 1271 1157 captat
1300 1101 1347 1143 et
1377 1098 1551 1144 fallacis
1578 1099 1727 1144 undae

234 1171 359 1215 sitim
399 1170 477 1214 sed
516 1185 651 1214 uerae
690 1169 997 1221 beatitudinis,
1037 1169 1085 1213 id
1131 1173 1201 1214 est
1248 1170 1468 1214 secundae
1508 1170 1632 1214 uit'ae
1679 1173 1727 1215 et

233 1241 502 1300 prudentiae
537 1240 933 1292 fortunatissimae,
969 1240 1069 1284 sitit
1104 1243 1151 1284 et
1191 1241 1343 1285 esurit.
1416 1241 1594 1299 Quippe
1634 1255 1725 1285 non

234 1311 450 1370 intelligit
469 1326 609 1369 aeque
629 1310 794 1355 diuites
824 1311 1016 1368 spectari
1046 1311 1187 1355 solere
1217 1315 1270 1355 ut
1296 1327 1433 1370 equos
1460 1326 1723 1356 mercamur.
1746 1326 1788 1362 15

234 1382 394 1440 Neque
413 1382 533 1425 enim
554 1382 602 1425 in
622 1381 821 1425 emendis
836 1382 962 1439 equis
983 1381 1147 1426 faleras
1167 1382 1500 1427 consideramus
1520 1384 1567 1426 et
1586 1382 1727 1426 baltei

233 1452 450 1511 polimina
479 1452 740 1510 inspicimus
767 1454 813 1495 et
843 1452 1154 1496 ornatissimae
1184 1453 1370 1497 ceruicis
1403 1453 1589 1497 diuitias
1623 1468 1727 1498 con—

233 1522 515 1580 templamur,
557 1522 596 1566 si
637 1537 694 1566 ex
739 1537 850 1566 auro
894 1524 941 1566 et
991 1525 1181 1581 argento
1221 1526 1268 1567 et
1312 1523 1502 1581 gemmis
1541 1523 1728 1568 monilia

233 1593 387 1637 uariae
414 1607 551 1651 gazae
577 1592 843 1651 dependent,
864 1593 902 1636 si
929 1592 1062 1651 plena
1087 1593 1199 1637 artis
1226 1596 1491 1637 ornamenta
1514 1594 1653 1653 capiti
1680 1597 1727 1639 et

232 1662 346 1707 collo
384 1662 712 1716 circumiacent,
751 1663 790 1706 si
831 1662 962 1707 frena
994 1663 1152 1716 celata,
1186 1664 1224 1707 si
1265 1664 1447 1722 epiphia
1482 1663 1650 1718 fucata,
1685 1665 1724 1709 si
1745 1683 1791 1708 20

234 1733 414 1792 singula
439 1736 600 1778 aurata
625 1736 756 1786 sunt3
791 1733 869 1777 sed
897 1733 998 1777 istis
1023 1734 1230 1778 omnibus
1264 1735 1442 1778 exuuiis
1462 1735 1659 1779 amolitis
1679 1738 1727 1780 et

87 1807 169 1856 633
189 1814 220 1844 a
235 1803 398 1848 amotis
418 1818 583 1861 equum
597 1803 745 1861 ipsum
765 1803 938 1848 nudum
958 1806 1005 1849 et
1024 1803 1168 1848 solum
1181 1819 1341 1862 corpus
1356 1805 1452 1849 eius
1468 1808 1514 1849 et
1525 1805 1728 1850 animum

236 1874 602 1932 contemplamur,
634 1875 688 1918 ut
719 1873 779 1917 sit
814 1874 873 1917 ad
911 1874 1104 1932 speciem
1136 1875 1364 1931 honestus,
1395 1875 1455 1919 ad
1493 1891 1728 1920 cursuram

236 1946 426 2003 uegetus
455 1947 502 1988 et
526 1943 586 1987 ad
615 1946 848 1988 uecturam
874 1944 1078 1999 ualidus;
1122 1945 1213 1989 iam
1240 1946 1438 2004 primum
1465 1947 1514 1990 in
1543 1962 1727 2007 corpore

237 2014 276 2059 si
301 2015 363 2058 sit
1745 2033 1789 2069 ²⁵

414 2075 628 2131 argutum
659 2076 807 2131 caput,
838 2073 988 2118 breuis
1019 2074 1161 2127 aluus,
1191 2074 1413 2134 obesaque
1443 2079 1586 2134 terga,

414 2132 705 2189 luxuriatque
735 2132 879 2177 thoris
908 2133 1159 2177 animosum
1188 2137 1345 2193 pectus
1374 2135 1599 2191 honestis3

238 2226 471 2283 praeterea
505 2224 544 2268 si
579 2224 747 2282 duplex
782 2225 936 2283 agitur
970 2240 1050 2284 per
1085 2226 1260 2271 lumbos
1295 2227 1426 2285 spina
1458 2228 1578 2284 (uolo
1608 2230 1728 2274 enim

238 2309 330 2338 non
364 2294 496 2338 modo
531 2294 783 2352 perniciter,
813 2309 972 2340 uerum
1004 2297 1143 2340 etiam
1173 2297 1450 2355 permolliter
1478 2300 1728 2358 peruehat).

240 2364 462 2409 Similiter
487 2364 630 2424 igitur
670 2367 716 2409 et
750 2365 798 2409 in
834 2365 1091 2412 hominibus
1127 2368 1482 2426 contemplandis
1516 2370 1610 2414 noli
1649 2371 1729 2418 illa
1747 2381 1792 2417 30

240 2434 388 2478 aliena
430 2435 640 2480 estimare
679 2436 758 2481 sed
797 2436 945 2496 ipsum
984 2437 1211 2482 hominem
1250 2438 1431 2496 penitus
1474 2442 1729 2499 considera3

240 2504 400 2562 ipsum,
431 2508 484 2548 ut
523 2520 673 2549 meum
714 2505 955 2558 Socratem,
995 2522 1238 2566 pauperem
1288 2513 1486 2568 expecta.
1567 2512 1731 2559 Aliena

243 2628 262 2666 5
290 2618 490 2658 circueunt
507 2621 542 2656 A
606 2620 715 2669 quas]
733 2633 806 2668 que
825 2620 948 2658 CBAS
963 2635 972 2659 :
999 2634 1096 2669 quae
1114 2622 1155 2660 M
1279 2634 1292 2660 1
1305 2635 1332 2667 1,
1354 2635 1394 2661 12
1414 2624 1571 2672 quidem
1586 2640 1663 2666 non
1681 2629 1730 2666 Α1

246 2669 290 2704 16
313 2667 462 2705 balthei
479 2668 512 2705 A
620 2680 669 2705 20
693 2669 847 2707 fuccata
863 2669 962 2707 CSM
1060 2681 1102 2709 21
1130 2671 1210 2718 sed]
1230 2671 1262 2709 si
1279 2671 1378 2709 CBA
1475 2676 1522 2712 26
1547 2677 1675 2725 capud
1691 2679 1722 2714 A

242 2717 288 2752 28
314 2727 383 2764 per
398 2716 547 2754 lumbos
564 2716 694 2766 agitur
709 2717 756 2754 Αι
901 2729 950 2765 30
972 2718 1210 2766 hominibus]
1228 2721 1409 2759 omnibus
1425 2721 1466 2760 S¹

290 2837 313 2872 4
337 2829 498 2864 sordidi:
523 2829 667 2865 horridi
682 2828 798 2876 Apul.
964 2840 1008 2876 14
1032 2832 1111 2867 sitit
1127 2837 1160 2867 et
1175 2835 1310 2871 esurit:
1335 2837 1449 2871 esurit
1470 2840 1503 2871 et
1518 2836 1599 2871 sitit
1612 2834 1728 2883 Apul.

242 2884 290 2913 20
306 2876 475 2922 epiphia:
500 2876 525 2913 i.
539 2887 571 2914 e.
588 2876 786 2925 ephippia.
868 2879 915 2917 26
932 2884 1104 2926 aryutum
1120 2881 1192 2918 stc.
1208 2893 1217 2918 z
1243 2881 1355 2930 Verg.
1377 2883 1503 2930 Geory.
1522 2882 1578 2920 iii.
1596 2885 1653 2929 80,
1671 2884 1730 2923 81.

355 2948 399 2992 84
