1846 3262
117 238 220 272 ou.
236 225 372 287 xxxv]
644 225 1087 272 POLICRATICVS
1616 227 1695 269 816
1714 230 1740 268 e

116 347 266 392 simile
299 348 419 406 quod
453 348 495 392 ei
526 347 830 392 fabricauerat
860 348 995 400 Deus,
1027 348 1288 392 innocenter
1324 348 1500 392 locutus
1534 351 1603 392 est

119 418 347 477 magnalia
377 418 489 471 Dei3
531 419 609 462 sed
648 434 706 462 ex
745 433 834 476 quo
866 418 1014 462 factus
1052 418 1282 462 uerbosior
1317 433 1399 477 per
1436 418 1602 462 ostium
1618 419 1648 460 d

120 488 393 532 curiositatis
423 488 611 533 eductus
644 489 847 533 exercuit
879 503 981 532 cum
1010 491 1281 546 temptatore
1319 489 1447 532 uerbi
1485 503 1603 532 com-

121 558 346 610 mercium,
365 559 493 616 quasi
514 559 573 602 ab
603 559 799 602 infantia
817 558 1070 602 adolescens
1089 562 1300 616 concepto
1319 559 1463 603 calore
1482 558 1604 602 intu-

82 645 104 685 ‚⁵
122 628 240 672 muit
251 631 298 672 et
317 629 653 687 praeuaricatus
668 629 943 679 mandatum,
964 628 1091 672 cuius
1114 629 1316 673 custodia
1338 629 1396 672 ad
1414 629 1605 686 gloriam

122 698 275 742 fuerat
292 699 544 757 profutura,
563 702 800 757 corruptus
820 701 889 742 est
907 702 960 742 ut
980 713 1037 742 ex
1055 701 1165 742 tunc
1179 699 1374 742 mirabili
1390 702 1436 742 et
1454 699 1605 742 inuin-

120 768 244 813 cibili
263 768 361 827 lege
379 769 648 813 conditionis
668 769 863 812 inflictae
889 768 975 812 sibi
1001 769 1109 812 unio
1129 769 1375 813 reluctetur
1392 769 1539 812 carnis
1559 772 1606 812 et

122 838 310 897 spiritus
327 843 382 883 ut
400 840 527 882 nulla
550 840 725 883 ratione
754 838 958 896 componi
987 838 1172 896 pofflnt,
1202 838 1290 882 nisi
1317 839 1439 882 illius
1456 838 1607 897 gratia

122 909 372 953 intercedat
401 909 478 968 qui
509 909 618 954 fecit
646 913 838 966 utraque
864 923 1005 952 unum
1029 912 1076 952 et
1094 923 1273 952 carnem
1291 909 1340 951 in
1364 909 1606 952 electorum

64 994 108 1020 ιο
122 979 212 1023 fine
231 979 368 1023 faciet
386 995 415 1023 a
434 980 597 1038 spiritu
616 979 856 1023 absorberi.
916 979 967 1022 Si
987 978 1137 1022 uerbis
1155 979 1393 1037 gentilium
1412 980 1482 1022 uti
1502 979 1608 1023 licet

124 1049 395 1101 Christiano,
415 1050 492 1108 qui
512 1050 618 1094 solis
638 1050 789 1093 electis
809 1049 1015 1092 diuinum
1042 1052 1089 1092 et
1109 1049 1205 1092 Deo
1229 1049 1409 1106 placem
1434 1064 1515 1107 per
1539 1050 1606 1092 in-

122 1119 401 1163 habitantem
423 1120 617 1178 gratiam
636 1134 731 1163 esse
750 1119 893 1163 credit
912 1118 1155 1176 ingenium,
1177 1119 1262 1162 etsi
1280 1134 1361 1162 nec
1374 1120 1512 1162 uerba
1526 1134 1607 1163 nec

123 1203 280 1233 sensus
328 1189 506 1233 credam
543 1189 783 1248 gentilium
827 1188 1078 1247 fugiendos,
1119 1188 1361 1232 dummodo
1401 1189 1607 1232 uitentur

121 1273 306 1310 errores,
324 1259 408 1303 hoc
427 1259 575 1317 ipsum
594 1259 751 1302 diuina
764 1259 1005 1316 prudentia
1023 1258 1071 1301 in
1092 1258 1260 1302 Eneide
1275 1273 1357 1302 sua
1375 1259 1460 1302 sub
1479 1259 1605 1302 inuo—
1622 1265 1694 1316 817
1713 1277 1744 1304 a

64 1345 80 1370 ι
87 1346 107 1381 5
124 1328 250 1373 lucro
285 1329 437 1373 fictitii
477 1329 715 1373 commenti
745 1329 944 1372 innuisse
967 1329 1094 1372 uisus
1123 1332 1192 1372 est
1221 1329 1360 1380 Maro,
1389 1329 1498 1372 dum
1527 1344 1608 1372 sex
1636 1343 1637 1346 ’

125 1401 298 1443 etatmn
345 1398 514 1457 gradus
561 1413 642 1442 sex
689 1398 907 1442 librorum
955 1398 1320 1442 distinctionibus
1364 1399 1610 1456 prudenter

123 1469 357 1528 expressit.
431 1469 606 1523 Quibus
645 1469 914 1513 conditionis
952 1469 1188 1521 humanae,
1228 1468 1336 1512 dum
1377 1469 1610 1512 Odisseam

122 1539 342 1591 imitatur,
357 1542 507 1583 ortum
527 1539 777 1596 exprimere
792 1539 918 1582 uisus
932 1541 1002 1582 est
1017 1542 1063 1582 et
1082 1553 1347 1597 processum,
1362 1539 1611 1596 ipsumque,

124 1624 260 1668 quem
293 1609 444 1653 educit
474 1612 521 1653 et
551 1609 775 1667 prouehit,
806 1609 1015 1666 producit
1050 1612 1096 1652 et
1135 1607 1317 1652 deducit
1349 1609 1408 1652 ad
1442 1609 1609 1653 Manes.

63 1693 111 1718 20
126 1678 248 1723 Nam
268 1679 426 1730 Encas,
444 1679 522 1736 qui
542 1679 607 1722 ibi
627 1679 817 1737 fingitur
836 1679 1024 1730 animus,
1045 1678 1108 1722 sic
1129 1678 1277 1722 dictus
1306 1692 1358 1722 eo
1393 1679 1512 1736 quod
1542 1682 1612 1722 est

126 1749 324 1808 corporis
346 1749 599 1801 habitator;
629 1764 768 1793 e‘nmoe
792 1749 924 1800 enim,
943 1752 997 1792 ut
1016 1748 1170 1792 Grecis
1195 1748 1354 1806 placet,
1380 1749 1612 1792 habitator

126 1822 209 1870 est,
227 1820 383 1863 demas
400 1834 561 1877 corpus
588 1822 634 1862 et
657 1819 715 1862 ab
741 1819 813 1862 his
832 1819 1114 1876 componitur
1143 1818 1289 1862 Encas
1312 1822 1366 1862 ut
1389 1819 1611 1877 significet

127 1889 324 1932 animam
345 1889 472 1946 quasi
492 1888 640 1932 carnis
659 1888 842 1947 tugurio
868 1888 1160 1931 habitantem.
1221 1888 1296 1931 Sic
1326 1889 1462 1932 etiam
1492 1888 1612 1946 Nep·

128 1962 291 2002 tunum
331 1958 619 2016 ennosigeum
660 1973 712 2002 eo
751 1958 871 2015 quod
906 1958 1091 2016 Sigeum
1126 1957 1361 2001 inhabitet.
1433 1958 1611 2000 Primus

127 2062 150 2089 2
173 2051 344 2089 hostium
361 2052 387 2088 S
527 2062 552 2096 4
577 2050 822 2088 adholescens
837 2050 871 2086 A
1015 2059 1036 2095 7
1062 2050 1152 2087 unio
1168 2050 1295 2086 carnis
1310 2049 1522 2087 reluctetur
1538 2049 1584 2085 Αι
1599 2060 1610 2086 z

125 2099 339 2137 reluctetur
354 2099 480 2136 carnis
492 2098 585 2135 unio
598 2099 647 2134 A‘
755 2109 798 2144 13
822 2097 1032 2146 gentilium
1050 2098 1202 2134 credam
1219 2097 1253 2133 A
1353 2107 1392 2144 ις
1419 2098 1455 2133 vi
1468 2098 1608 2134 CBAM

128 2149 175 2187 16
197 2147 238 2184 vi
253 2146 350 2184 CBA
494 2149 538 2184 18
562 2146 760 2184 imittatur
782 2146 808 2183 S
951 2156 998 2191 24
1022 2145 1308 2193 ethnossigeum
1325 2144 1491 2182 CBASM

179 2239 251 2274 1‚2
276 2228 797 2274 mammutium:
822 2226 1130 2274 v.Act.App.ii.
1151 2237 1209 2264 11.
1398 2237 1423 2272 9
1447 2228 1614 2274 quifect‘t

305 2287 448 2314 unum:
474 2275 570 2323 Eph.
598 2275 640 2314 ii.
668 2286 723 2320 14.
845 2287 990 2311 carnem
1016 2279 1112 2312 etc.:
1138 2274 1189 2313 cf.
1211 2274 1313 2321 quod
1338 2274 1394 2311 ait
1419 2275 1612 2311 Maximus

127 2325 261 2362 Theol.
284 2335 348 2370 ap.
373 2324 428 2361 Io.
453 2323 555 2361 Scot.
578 2326 622 2359 de
646 2325 727 2359 Div.
753 2324 839 2359 Nat.
858 2335 891 2359 v.
909 2324 931 2359 8
950 2322 1098 2369 (Migne
1114 2324 1156 2359 P.
1172 2324 1217 2359 L.
1233 2322 1347 2359 cxxii.
1365 2324 1473 2369 878);
1498 2335 1613 2369 quem

127 2374 262 2410 tamen
285 2372 426 2408 librum
450 2371 493 2408 in
519 2371 694 2408 manibus
717 2370 893 2407 habuisse
918 2370 1102 2406 Ioannem
1125 2382 1205 2407 non
1230 2370 1354 2407 credo.
1500 2381 1545 2415 14
1569 2373 1613 2406 in

128 2422 271 2457 Eneide
294 2433 364 2456 aaa
386 2423 482 2457 etc.:
517 2418 698 2465 Sequitur
722 2418 886 2455 Ioannes
914 2417 1148 2454 Bernardum
1177 2417 1408 2460 Silvestrem,
1434 2418 1482 2456 de
1507 2418 1614 2455 cuius

129 2468 358 2505 Commento
373 2478 486 2515 super
501 2479 565 2504 sex
582 2467 699 2503 libros
713 2466 900 2503 Aeneidos
915 2465 955 2501 in
974 2465 1056 2502 cod.
1070 2465 1188 2503 Paris.
1202 2465 1318 2511 (Bibl.
1329 2464 1417 2501 Nat.
1436 2467 1551 2510 16246
1564 2469 1611 2511 1),

129 2527 245 2563 quem
261 2515 344 2563 ipsc
360 2515 524 2563 inspexi,
542 2514 699 2551 invento
715 2526 748 2550 v.
764 2513 915 2555 Cousin,
928 2515 1077 2558 Fraqm.
1089 2514 1222 2560 philos.
1242 2514 1391 2560 (philos.
1410 2514 1533 2557 schol.)
1551 2514 1613 2551 ed.

132 2565 235 2609 1840,
249 2575 313 2611 pp.
324 2565 394 2610 358
410 2575 514 2609 seqq.
545 2563 604 2599 Cf.
615 2561 731 2598 Dant.
747 2563 894 2599 Gannico
905 2561 957 2597 iv.
971 2563 1016 2598 26
1030 2574 1039 2605 ;
1065 2573 1099 2598 v.
1113 2560 1363 2608 Gomparetti,
1383 2562 1536 2607 Viryilio
1553 2563 1616 2598 nel

131 2613 248 2648 modio
259 2623 325 2648 euo
338 2610 364 2648 i.
377 2623 441 2657 pp.
458 2612 525 2658 156
537 2621 639 2656 seqq.
739 2619 792 2654 17,
811 2611 853 2646 18
873 2611 961 2645 dum
980 2611 1166 2645 odisseam
1184 2610 1373 2645 imitatur:
1398 2621 1431 2645 v.
1449 2609 1614 2646 Macrob.

130 2661 207 2696 δατ.
225 2671 257 2695 v.
280 2669 302 2695 2
328 2658 347 2706 ξ
370 2661 404 2695 6.
549 2669 596 2694 20
620 2659 744 2694 Encas
767 2659 864 2694 etc.:
891 2669 922 2692 v,
941 2657 1055 2694 Bern.
1074 2655 1189 2693 Silv.:
1213 2657 1364 2692 Dicitur
1378 2658 1475 2692 enim
1492 2659 1617 2694 Encas

130 2709 238 2755 quasi
261 2718 374 2742 annos
396 2708 521 2742 denum
543 2707 569 2742 i.
594 2707 781 2744 habitator
802 2707 974 2751 corporis.
1023 2706 1152 2740 Ennos
1175 2706 1272 2739 enim
1302 2716 1401 2749 grece
1431 2705 1618 2741 habitator

131 2757 271 2792 dicitur
292 2755 509 2800 simpliciter
518 2754 582 2801 (‘.’).
645 2754 744 2788 Vnde
773 2759 975 2799 neptunum
997 2757 1101 2788 uocat
1124 2753 1318 2788 quenalis
1334 2754 1567 2797 ennosiqeum
1587 2755 1614 2789 i.

132 2805 369 2839 habitatorem
396 2803 510 2847 daei:
548 2803 672 2837 demas
696 2812 782 2836 uero
809 2802 850 2835 id
878 2805 929 2836 est
956 2801 1148 2836 uinculum
1173 2801 1312 2836 dicitur
1340 2802 1502 2846 emporis
1528 2803 1615 2846 quia

133 2853 253 2887 animi
269 2861 392 2886 eumer
402 2855 462 2885 est.
513 2848 568 2886 Cf.
583 2849 718 2885 Ioann.
733 2847 841 2884 Balb.
852 2848 900 2885 de
915 2848 1034 2884 Ianua
1045 2847 1128 2894 (qui
1146 2847 1205 2885 ob.
1220 2858 1256 2885 a.
1277 2848 1383 2894 1298)
1406 2849 1616 2885 Catholicon

135 2910 164 2936 s.
174 2911 209 2937 v.
225 2899 474 2944 ennosigaeum
617 2906 660 2934 21
687 2907 819 2933 ennos:
844 2895 953 2943 quasi
969 2895 1018 2932 ab
1034 2897 1165 2932 ἐνναίω.

1438 2970 1504 3006 ⁴1⁵
