1846 3262
39 225 130 274 679
153 234 184 265 a
517 223 781 269 10ANNrs
824 223 1346 268 SARESBERIENSIS
1425 279 1428 281 ,
1494 221 1606 285 [mn.
1619 201 1693 268 5111

197 348 426 392 contrahit
476 363 611 406 quam
658 348 867 393 uirtutes.
945 347 1197 405 Interroga,
1238 348 1401 406 inquit,
1440 348 1693 393 sacerdotes

197 419 354 476 legem,
375 422 421 462 et
441 419 512 462 dic
533 419 622 462 eis:
655 418 705 462 Si
730 433 833 462 caro
854 421 1010 462 sancta
1030 417 1103 461 uel
1124 433 1206 462 uas
1227 422 1433 462 sanctum
1453 418 1695 477 contigerit

198 489 388 533 alicuius
418 489 751 538 uestimentum,
782 487 821 531 si
851 488 1103 532 sanctificat
1133 503 1235 532 eum
1267 504 1325 532 ex
1355 504 1407 533 eo
1438 488 1558 547 quod
1587 503 1694 533 con-

199 560 370 617 tingitie
431 559 502 611 Et,
522 574 624 602 cum
645 558 868 602 dixissent
895 559 1146 603 sacerdotes
1175 559 1282 616 quia
1309 574 1400 603 non
1431 559 1695 611 sanctificat,

199 629 319 672 dixit
338 629 395 671 ad
416 644 490 672 eos
505 643 684 671 rursum
702 644 712 671 ε
741 627 791 671 Si
812 628 1102 672 immunditia
1116 629 1358 687 contigerit
1373 629 1696 672 uestimentum
1715 643 1734 677 5

199 699 370 750 mundi,
402 702 557 742 utrum
594 698 769 756 polluat
809 700 943 743 eum?
1018 699 1078 743 Et
1117 699 1334 743 dixerunt
1374 699 1481 757 quia
1520 698 1697 757 polluit.

200 769 496 812 Tolerabilius
513 784 619 826 ergo
640 772 709 813 est
729 784 800 813 me
821 784 963 812 unum
984 770 1179 828 propriis
1194 770 1397 814 consumi
1416 770 1544 813 uitiis
1560 783 1696 827 quam

200 840 249 882 in
279 839 446 883 multos
474 839 692 882 uitiorum
723 839 918 883 diffundi
949 844 1132 898 pestem.
1192 841 1266 884 Ad
1297 841 1406 884 haec
1437 840 1475 884 si
1506 852 1698 899 persona

201 913 318 953 esset
347 925 667 967 usquequaque
694 910 947 964 laudabilis,
968 911 1006 954 si
1037 927 1127 955 non
1158 927 1299 955 essem
1327 911 1477 955 curiae
1504 910 1697 954 nexibus

203 981 417 1039 illigatus,
431 996 502 1024 me
524 980 722 1024 Micheas
743 981 980 1026 durissime
1001 982 1180 1040 repellit
1202 982 1260 1025 ab
1281 981 1422 1033 aditu,
1434 996 1526 1025 non
1547 981 1697 1025 ferens
1718 995 1760 1020 10

155 1054 184 1093 b
204 1051 330 1108 Syon
363 1051 561 1094 edificari
596 1051 645 1093 in
677 1051 974 1110 sanguinibus
1009 1055 1056 1096 et
1091 1052 1337 1096 Ierusalem
1372 1051 1421 1095 in
1455 1051 1699 1109 iniquitate
1740 1075 1742 1078 ·

203 1122 458 1180 principum
494 1136 690 1166 suorum.
754 1122 841 1166 Hic
871 1125 952 1166 aut
982 1123 1108 1166 nulla
1139 1126 1207 1167 est
1238 1126 1320 1166 aut
1349 1122 1578 1181 compulsa
1618 1124 1700 1166 aut

202 1193 418 1236 simulata
457 1192 625 1236 electio.
699 1192 831 1236 Hanc
865 1208 1041 1251 quoque
1077 1197 1254 1252 partem
1294 1196 1507 1251 protensa
1546 1192 1699 1251 dispu-

202 1263 375 1307 tatione
415 1262 714 1320 prosequitur.
791 1263 1022 1307 Postremo
1055 1279 1102 1308 se
1142 1263 1397 1322 promoueri
1440 1278 1531 1307 non
1570 1277 1699 1321 posse

202 1334 299 1377 sine
330 1333 581 1391 suspicione
612 1333 880 1377 simoniacae
910 1334 1165 1391 prauitatis,
1195 1349 1297 1378 cum
1333 1334 1391 1378 ob
1427 1333 1510 1378 hoc
1544 1333 1616 1377 ius
1652 1336 1699 1377 et
1720 1346 1759 1381 Ῐ5

203 1404 521 1447 auctoritatem
549 1403 686 1461 sigilli
715 1407 796 1447 aut
823 1404 979 1447 cimilii
1007 1407 1089 1448 aut
1116 1405 1269 1448 scrinii
1290 1404 1448 1448 emisse
1475 1403 1698 1455 uideatur,

204 1474 310 1518 licet
350 1474 442 1516 alia
471 1477 622 1517 mente
652 1474 709 1517 ad
745 1474 1010 1532 obsequium
1050 1475 1301 1532 potestatis,
1332 1475 1449 1518 sicut
1488 1489 1700 1532 praesens

203 1547 400 1588 testatur
439 1544 534 1587 dies
575 1559 665 1602 qua
705 1544 906 1588 delatum
954 1545 1169 1588 honorem
1210 1545 1395 1602 respuit,
1435 1547 1552 1588 teste
1592 1559 1698 1589 con·

204 1615 393 1659 scientia
412 1614 657 1665 accesserit,
678 1615 893 1658 affectans
913 1618 966 1658 ut
986 1630 1067 1673 per
1087 1615 1170 1659 hoc
1191 1615 1287 1659 sine
1307 1630 1442 1659 onere
1461 1616 1701 1659 sortiretur

204 1685 433 1729 honorem.
493 1684 774 1742 Apostolicas
814 1700 992 1742 quoque
1033 1685 1285 1729 sanctiones
1317 1685 1505 1744 replicat
1545 1689 1591 1730 et
1630 1701 1698 1729 re·-
1718 1701 1762 1726 20

205 1755 353 1798 uoluit
383 1755 546 1812 quibus
576 1754 750 1812 pridem
782 1758 1008 1799 statutum
1039 1758 1108 1799 est
1137 1758 1191 1799 ut
1220 1771 1249 1799 a
1288 1756 1426 1799 sacris
1465 1755 1700 1800 ordinibus

205 1828 252 1868 et
272 1825 394 1868 omni
422 1825 716 1883 promotionis
741 1840 818 1883 spe
846 1829 1086 1869 arceantur
1112 1826 1190 1883 qui
1221 1826 1461 1870 cuiuslibet
1487 1826 1701 1870 secularis

207 1895 357 1939 curiae
374 1898 531 1938 emunt
543 1895 688 1939 officia
700 1900 781 1939 aut
795 1895 872 1953 qui
885 1896 998 1939 uiles
1010 1899 1092 1939 aut
1104 1896 1289 1940 seruiles
1301 1897 1701 1941 obsecundationes

163 1976 189 2007 c
207 1965 486 2023 principibus
506 1969 740 2023 praestant
758 1969 839 2009 aut
860 1981 1050 2023 quorum
1071 1966 1229 2010 electio
1249 1982 1340 2010 non
1361 1969 1430 2010 est
1449 1982 1477 2010 a
1503 1966 1620 2010 clero
1650 1966 1700 2009 in

207 2035 391 2079 ecclesia
406 2039 452 2079 et
468 2035 563 2079 sine
577 2036 993 2093 praenominatione
1006 2036 1221 2094 cuiusque
1233 2037 1487 2080 mundanae
1502 2039 1698 2094 potesta·
1719 2052 1736 2076 2
1741 2053 1760 2087 5

206 2106 267 2149 tis
287 2106 497 2149 canonice
517 2106 764 2160 celebrata3
786 2121 908 2164 quos,
925 2106 963 2150 si
984 2107 1117 2150 aliter
1130 2107 1259 2151 electi
1280 2107 1466 2161 fuerint,
1478 2107 1563 2151 sub
1581 2107 1698 2165 peri—

205 2176 307 2219 culo
338 2177 640 2220 anathematis
670 2177 941 2220 uniuersalis
974 2177 1172 2220 Ecclesia
1198 2177 1408 2235 prohibet
1437 2178 1700 2221 consecrari.

207 2246 335 2288 Vnus
370 2245 626 2303 principum
666 2249 924 2290 nostrorum
960 2247 1172 2303 (nominis
1208 2247 1429 2305 siquidem
1464 2248 1701 2292 immemor

206 2316 325 2373 sum)
355 2316 403 2358 in
437 2331 572 2360 causa
602 2316 738 2360 simili
770 2317 1001 2375 egregium
1033 2316 1210 2361 facinus
1241 2318 1384 2376 egisse
1414 2321 1700 2363 memoratur.

208 2386 432 2430 Henricus
472 2385 564 2429 fuit
599 2402 658 2430 an
699 2387 954 2431 Rodbertus
994 2402 1085 2431 non
1124 2387 1319 2431 multum
1359 2387 1511 2432 refert.
1584 2387 1700 2433 Cum
1718 2400 1764 2434 30

212 2504 226 2529 1
256 2493 427 2530 contrait
446 2491 505 2529 BS
668 2503 689 2529 2
717 2503 805 2529 caro
822 2491 970 2538 sancta]
990 2494 1233 2529 sacrosancta
1251 2492 1292 2528 M
1457 2501 1474 2539 5
1501 2492 1620 2530 dixit]
1638 2492 1716 2539 die·

209 2540 250 2576 M
351 2552 389 2577 11
420 2540 505 2577 sion
522 2540 596 2576 A¹s
681 2541 914 2578 iherusalem
933 2540 957 2576 S
1059 2549 1100 2587 15
1127 2540 1371 2587 symoniacae
1389 2539 1429 2575 M
1503 2539 1568 2586 ob]
1587 2541 1636 2578 ab
1653 2541 1703 2577 Αι

212 2591 255 2626 16
281 2588 433 2636 cimilii]
452 2589 576 2625 emilii
593 2588 634 2624 M
731 2599 779 2625 20
803 2589 946 2626 honere
963 2587 1060 2623 B¹A¹
1157 2598 1204 2634 30
1221 2588 1408 2625 Robertus
1426 2588 1562 2625 BASM

259 2688 275 2714 1
304 2679 493 2724 Interroya
512 2679 611 2714 etc.:
637 2689 671 2713 v.
690 2676 787 2724 Agg.
805 2675 845 2712 ii.
868 2686 996 2721 12-14.
1160 2686 1205 2712 10
1230 2679 1443 2722 nonferens
1459 2678 1559 2714 eta:
1587 2675 1702 2724 Greg.

209 2724 298 2762 Naz.
319 2728 376 2763 Or.
396 2725 437 2762 ii.
458 2725 475 2773 ξ
497 2728 541 2772 58
562 2727 607 2772 (v.
625 2724 731 2761 infra
755 2724 804 2761 ad
827 2726 899 2761 680
916 2725 958 2770 B)
987 2725 1006 2759 ὁ
1029 2723 1122 2760 θεῖος
1140 2725 1292 2770 Μιχαίας
1310 2726 1350 2760 οὗ
1367 2725 1488 2772 φέρων
1508 2725 1705 2771 οἰκοδομου-

209 2775 314 2819 μένην
331 2776 418 2808 Enim
435 2776 534 2810 κ.τ.λ.
684 2783 723 2810 11
753 2774 850 2816 syon
867 2774 939 2809 etc.
957 2784 965 2808 ε
992 2784 1024 2808 v.
1043 2771 1160 2808 Mich.
1179 2770 1235 2808 iii.
1259 2783 1314 2809 10.
1460 2783 1505 2818 23
1529 2774 1622 2808 uiles
1637 2778 1704 2808 aut

207 2822 359 2857 seruiles
375 2822 716 2857 obsecundationes:
752 2821 800 2857 cf.
820 2819 910 2856 Cod.
929 2819 1022 2857 Iust.
1039 2831 1075 2855 x.
1094 2830 1151 2866 31.
1169 2830 1226 2865 34.
1356 2830 1404 2866 30
1427 2821 1614 2856 Henricus
1620 2822 1705 2866 fuit

209 2881 261 2904 an
273 2870 495 2905 Rodbertus:
512 2869 570 2905 Ad
581 2868 680 2905 filios
691 2867 881 2906 Willelmi
896 2867 1172 2914 Conquestoris,
1186 2867 1334 2904 scilicet
1346 2867 1555 2905 Robertum
1565 2869 1704 2906 ducem

209 2915 520 2953 Normannorum
539 2919 579 2955 et
596 2916 807 2957 Henricum
826 2915 844 2952 I
860 2915 1075 2964 Anglorum
1091 2927 1239 2963 regem,
1257 2916 1444 2964 respicere
1461 2916 1621 2954 videtur.

324 2984 387 3016 168
