<?xml version="1.0" encoding="UTF-8"?>
<!DOCTYPE html PUBLIC "-//W3C//DTD XHTML 1.0 Transitional//EN"
    "http://www.w3.org/TR/xhtml1/DTD/xhtml1-transitional.dtd">
<html xmlns="http://www.w3.org/1999/xhtml" xml:lang="en" lang="en">
 <head>
  <title>
</title>
<meta http-equiv="Content-Type" content="text/html;charset=utf-8" />
  <meta name='ocr-system' content='tesseract 3.04.00' />
  <meta name='ocr-capabilities' content='ocr_page ocr_carea ocr_par ocr_line ocrx_word'/>
</head>
<body>
  <div class='ocr_page' id='page_1' title='image "./ioannissaresberi02johnuoft_0140.png"; bbox 0 0 1846 3262; ppageno 0'>
   <div class='ocr_carea' id='block_1_1' title="bbox 71 209 1716 272">
    <p class='ocr_par' dir='ltr' id='par_1_1' title="bbox 71 209 1716 272">
     <span class='ocr_line' id='line_1_1' title="bbox 71 209 1716 272; baseline 0.005 -20"><span class='ocrx_word' id='word_1_1' title='bbox 71 212 157 262; x_wconf 87' lang='lat'><strong>656</strong></span> <span class='ocrx_word' id='word_1_2' title='bbox 176 209 207 252; x_wconf 84' lang='lat' dir='ltr'><strong>d</strong></span> <span class='ocrx_word' id='word_1_3' title='bbox 562 211 826 257; x_wconf 87' lang='lat' dir='ltr'>IOANNIS</span> <span class='ocrx_word' id='word_1_4' title='bbox 858 211 1381 258; x_wconf 85' lang='lat' dir='ltr'>SARESBERIENSIS</span> <span class='ocrx_word' id='word_1_5' title='bbox 1515 215 1630 272; x_wconf 73' lang='grc' dir='ltr'><strong>[ΜΒ.</strong></span> <span class='ocrx_word' id='word_1_6' title='bbox 1641 225 1716 260; x_wconf 79' lang='lat' dir='ltr'><strong>VII</strong></span> 
     </span>
    </p>
   </div>
   <div class='ocr_carea' id='block_1_2' title="bbox 221 333 1784 1082">
    <p class='ocr_par' dir='ltr' id='par_1_2' title="bbox 221 333 1784 1082">
     <span class='ocr_line' id='line_1_2' title="bbox 221 333 1717 392; baseline 0.002 -15"><span class='ocrx_word' id='word_1_7' title='bbox 221 334 457 392; x_wconf 88' lang='lat' dir='ltr'><strong>praeuisus</strong></span> <span class='ocrx_word' id='word_1_8' title='bbox 486 348 627 386; x_wconf 85' lang='lat' dir='ltr'><strong>casus,</strong></span> <span class='ocrx_word' id='word_1_9' title='bbox 655 333 741 377; x_wconf 91' lang='lat' dir='ltr'><strong>etsi</strong></span> <span class='ocrx_word' id='word_1_10' title='bbox 770 347 952 376; x_wconf 88' lang='lat' dir='ltr'><strong>amarus</strong></span> <span class='ocrx_word' id='word_1_11' title='bbox 983 333 1054 384; x_wconf 87' lang='lat' dir='ltr'><strong>sit,</strong></span> <span class='ocrx_word' id='word_1_12' title='bbox 1082 334 1261 391; x_wconf 87' lang='lat' dir='ltr'><strong>proficit</strong></span> <span class='ocrx_word' id='word_1_13' title='bbox 1289 334 1347 378; x_wconf 89' lang='lat' dir='ltr'><strong>ad</strong></span> <span class='ocrx_word' id='word_1_14' title='bbox 1377 335 1630 390; x_wconf 84' lang='lat' dir='ltr'><strong>cautelam3</strong></span> <span class='ocrx_word' id='word_1_15' title='bbox 1669 338 1717 380; x_wconf 92' lang='lat' dir='ltr'><strong>et</strong></span> 
     </span>
     <span class='ocr_line' id='line_1_3' title="bbox 223 403 1717 466; baseline 0.002 -19"><span class='ocrx_word' id='word_1_16' title='bbox 223 420 311 462; x_wconf 91' lang='lat' dir='ltr'><strong>quo</strong></span> <span class='ocrx_word' id='word_1_17' title='bbox 332 404 599 448; x_wconf 80' lang='lat' dir='ltr'><strong>familiarior</strong></span> <span class='ocrx_word' id='word_1_18' title='bbox 623 403 715 447; x_wconf 86' lang='lat' dir='ltr'><strong>fuit</strong></span> <span class='ocrx_word' id='word_1_19' title='bbox 734 418 836 447; x_wconf 87' lang='lat' dir='ltr'><strong>cum</strong></span> <span class='ocrx_word' id='word_1_20' title='bbox 857 403 1036 447; x_wconf 88' lang='lat' dir='ltr'><strong>labente</strong></span> <span class='ocrx_word' id='word_1_21' title='bbox 1056 404 1256 457; x_wconf 87' lang='lat' dir='ltr'><strong>societas,</strong></span> <span class='ocrx_word' id='word_1_22' title='bbox 1276 419 1328 448; x_wconf 92' lang='lat' dir='ltr'><strong>eo</strong></span> <span class='ocrx_word' id='word_1_23' title='bbox 1347 420 1476 450; x_wconf 89' lang='lat' dir='ltr'><strong>casus</strong></span> <span class='ocrx_word' id='word_1_24' title='bbox 1495 421 1717 466; x_wconf 87' lang='lat' dir='ltr'><strong>quemque</strong></span> 
     </span>
     <span class='ocr_line' id='line_1_4' title="bbox 222 473 1718 535; baseline 0.002 -17"><span class='ocrx_word' id='word_1_25' title='bbox 222 475 368 533; x_wconf 89' lang='lat' dir='ltr'><strong>magis</strong></span> <span class='ocrx_word' id='word_1_26' title='bbox 388 475 636 528; x_wconf 83' lang='lat' dir='ltr'><strong>absterret3</strong></span> <span class='ocrx_word' id='word_1_27' title='bbox 667 474 889 532; x_wconf 83' lang='lat' dir='ltr'><strong>siquidem</strong></span> <span class='ocrx_word' id='word_1_28' title='bbox 910 473 1129 532; x_wconf 88' lang='lat' dir='ltr'><strong>exemplis</strong></span> <span class='ocrx_word' id='word_1_29' title='bbox 1160 489 1293 533; x_wconf 82' lang='lat' dir='ltr'>saepe</span> <span class='ocrx_word' id='word_1_30' title='bbox 1317 476 1462 534; x_wconf 87' lang='lat' dir='ltr'><strong>magis</strong></span> <span class='ocrx_word' id='word_1_31' title='bbox 1483 476 1718 535; x_wconf 89' lang='lat' dir='ltr'><strong>proficitur</strong></span> 
     </span>
     <span class='ocr_line' id='line_1_5' title="bbox 223 543 1717 603; baseline 0.002 -15"><span class='ocrx_word' id='word_1_32' title='bbox 223 560 359 603; x_wconf 86' lang='lat' dir='ltr'><strong>quam</strong></span> <span class='ocrx_word' id='word_1_33' title='bbox 379 545 639 603; x_wconf 88' lang='lat' dir='ltr'><strong>praeceptis.</strong></span> <span class='ocrx_word' id='word_1_34' title='bbox 701 544 824 587; x_wconf 89' lang='lat' dir='ltr'><strong>Mala</strong></span> <span class='ocrx_word' id='word_1_35' title='bbox 845 543 964 588; x_wconf 85' lang='lat' dir='ltr'><strong>enim</strong></span> <span class='ocrx_word' id='word_1_36' title='bbox 987 543 1196 587; x_wconf 85' lang='lat' dir='ltr'><strong>nitantur</strong></span> <span class='ocrx_word' id='word_1_37' title='bbox 1217 544 1396 589; x_wconf 79' lang='lat' dir='ltr'><strong>facilius</strong></span> <span class='ocrx_word' id='word_1_38' title='bbox 1423 560 1512 603; x_wconf 93' lang='lat' dir='ltr'><strong>quo</strong></span> <span class='ocrx_word' id='word_1_39' title='bbox 1539 546 1717 591; x_wconf 79' lang='lat' dir='ltr'><strong>fidelius</strong></span> 
     </span>
     <span class='ocr_line' id='line_1_6' title="bbox 222 614 1756 673; baseline 0.003 -16"><span class='ocrx_word' id='word_1_40' title='bbox 222 615 511 673; x_wconf 85' lang='lat' dir='ltr'><strong>praecognita</strong></span> <span class='ocrx_word' id='word_1_41' title='bbox 551 614 735 658; x_wconf 88' lang='lat' dir='ltr'><strong>fuerint.</strong></span> <span class='ocrx_word' id='word_1_42' title='bbox 811 614 904 657; x_wconf 85' lang='lat' dir='ltr'><strong>Vix</strong></span> <span class='ocrx_word' id='word_1_43' title='bbox 944 617 991 658; x_wconf 90' lang='lat' dir='ltr'><strong>et</strong></span> <span class='ocrx_word' id='word_1_44' title='bbox 1032 614 1361 672; x_wconf 89' lang='lat' dir='ltr'><strong>quodammodo</strong></span> <span class='ocrx_word' id='word_1_45' title='bbox 1401 616 1524 660; x_wconf 85' lang='lat' dir='ltr'><strong>solus</strong></span> <span class='ocrx_word' id='word_1_46' title='bbox 1571 617 1718 661; x_wconf 88' lang='lat' dir='ltr'><strong>euasit</strong></span> <span class='ocrx_word' id='word_1_47' title='bbox 1736 635 1756 672; x_wconf 83' lang='lat'><strong>5</strong></span> 
     </span>
     <span class='ocr_line' id='line_1_7' title="bbox 222 684 1719 745; baseline 0.003 -18"><span class='ocrx_word' id='word_1_48' title='bbox 222 685 394 738; x_wconf 82' lang='lat' dir='ltr'><strong>Vlixes,</strong></span> <span class='ocrx_word' id='word_1_49' title='bbox 411 685 492 735; x_wconf 89' lang='lat' dir='ltr'><strong>sed</strong></span> <span class='ocrx_word' id='word_1_50' title='bbox 524 685 583 728; x_wconf 90' lang='lat' dir='ltr'><strong>ad</strong></span> <span class='ocrx_word' id='word_1_51' title='bbox 613 685 924 743; x_wconf 88' lang='lat' dir='ltr'><strong>philosophiae</strong></span> <span class='ocrx_word' id='word_1_52' title='bbox 954 684 1278 729; x_wconf 85' lang='lat' dir='ltr'><strong>iocunditatem</strong></span> <span class='ocrx_word' id='word_1_53' title='bbox 1310 689 1357 730; x_wconf 91' lang='lat' dir='ltr'><strong>et</strong></span> <span class='ocrx_word' id='word_1_54' title='bbox 1387 686 1516 744; x_wconf 81' lang='lat' dir='ltr'><strong>quasi</strong></span> <span class='ocrx_word' id='word_1_55' title='bbox 1546 686 1719 745; x_wconf 86' lang='lat' dir='ltr'><strong>patrias</strong></span> 
     </span>
     <span class='ocr_line' id='line_1_8' title="bbox 222 755 1719 813; baseline 0.001 -15"><span class='ocrx_word' id='word_1_56' title='bbox 222 755 481 813; x_wconf 89' lang='lat' dir='ltr'><strong>uoluptates</strong></span> <span class='ocrx_word' id='word_1_57' title='bbox 501 755 733 813; x_wconf 85' lang='lat' dir='ltr'><strong>pauciores</strong></span> <span class='ocrx_word' id='word_1_58' title='bbox 754 755 969 799; x_wconf 87' lang='lat' dir='ltr'><strong>euadunt.</strong></span> <span class='ocrx_word' id='word_1_59' title='bbox 1030 755 1261 800; x_wconf 83' lang='lat' dir='ltr'><strong>Consonat</strong></span> <span class='ocrx_word' id='word_1_60' title='bbox 1282 756 1334 808; x_wconf 92' lang='lat' dir='ltr'><strong>ei,</strong></span> <span class='ocrx_word' id='word_1_61' title='bbox 1355 756 1394 800; x_wconf 93' lang='lat' dir='ltr'><strong>si</strong></span> <span class='ocrx_word' id='word_1_62' title='bbox 1415 756 1592 801; x_wconf 91' lang='lat' dir='ltr'><strong>liricum</strong></span> <span class='ocrx_word' id='word_1_63' title='bbox 1616 771 1719 802; x_wconf 90' lang='grc'><strong>0011-</strong></span> 
     </span>
     <span class='ocr_line' id='line_1_9' title="bbox 223 824 1720 885; baseline 0.001 -16"><span class='ocrx_word' id='word_1_64' title='bbox 223 825 390 869; x_wconf 87' lang='lat' dir='ltr'><strong>ticente</strong></span> <span class='ocrx_word' id='word_1_65' title='bbox 411 826 496 869; x_wconf 88' lang='lat' dir='ltr'><strong>lira</strong></span> <span class='ocrx_word' id='word_1_66' title='bbox 517 825 719 884; x_wconf 86' lang='lat' dir='ltr'><strong>dignaris</strong></span> <span class='ocrx_word' id='word_1_67' title='bbox 740 826 909 877; x_wconf 90' lang='lat' dir='ltr'><strong>audire,</strong></span> <span class='ocrx_word' id='word_1_68' title='bbox 924 826 1110 870; x_wconf 88' lang='lat' dir='ltr'><strong>Flaccus</strong></span> <span class='ocrx_word' id='word_1_69' title='bbox 1132 824 1243 884; x_wconf 88' lang='lat' dir='ltr'><strong>(aut,</strong></span> <span class='ocrx_word' id='word_1_70' title='bbox 1265 826 1303 870; x_wconf 90' lang='lat' dir='ltr'><strong>si</strong></span> <span class='ocrx_word' id='word_1_71' title='bbox 1324 827 1482 882; x_wconf 85' lang='lat' dir='ltr'><strong>mauis,</strong></span> <span class='ocrx_word' id='word_1_72' title='bbox 1503 827 1720 885; x_wconf 81' lang='lat' dir='ltr'><strong>Gratius),</strong></span> 
     </span>
     <span class='ocr_line' id='line_1_10' title="bbox 224 896 1721 955; baseline 0.003 -17"><span class='ocrx_word' id='word_1_73' title='bbox 224 896 302 954; x_wconf 92' lang='lat' dir='ltr'><strong>qui</strong></span> <span class='ocrx_word' id='word_1_74' title='bbox 323 896 424 954; x_wconf 91' lang='lat' dir='ltr'><strong>plus</strong></span> <span class='ocrx_word' id='word_1_75' title='bbox 440 896 690 940; x_wconf 73' lang='lat' dir='ltr'><strong>honestatis</strong></span> <span class='ocrx_word' id='word_1_76' title='bbox 711 899 757 940; x_wconf 90' lang='lat' dir='ltr'><strong>et</strong></span> <span class='ocrx_word' id='word_1_77' title='bbox 777 897 993 940; x_wconf 88' lang='lat' dir='ltr'><strong>utilitatis</strong></span> <span class='ocrx_word' id='word_1_78' title='bbox 1014 912 1060 940; x_wconf 90' lang='lat' dir='ltr'><strong>se</strong></span> <span class='ocrx_word' id='word_1_79' title='bbox 1081 897 1202 955; x_wconf 92' lang='lat' dir='ltr'><strong>apud</strong></span> <span class='ocrx_word' id='word_1_80' title='bbox 1220 897 1474 942; x_wconf 91' lang='lat' dir='ltr'><strong>Meonidem</strong></span> <span class='ocrx_word' id='word_1_81' title='bbox 1494 897 1721 943; x_wconf 89' lang='lat' dir='ltr'><strong>inuenisse</strong></span> 
     </span>
     <span class='ocr_line' id='line_1_11' title="bbox 222 967 1784 1027; baseline 0.002 -17"><span class='ocrx_word' id='word_1_82' title='bbox 222 967 483 1024; x_wconf 81' lang='lat' dir='ltr'><strong>gratulatur</strong></span> <span class='ocrx_word' id='word_1_83' title='bbox 510 982 646 1025; x_wconf 91' lang='lat' dir='ltr'><strong>quam</strong></span> <span class='ocrx_word' id='word_1_84' title='bbox 672 967 873 1026; x_wconf 88' lang='lat' dir='ltr'><strong>plurium</strong></span> <span class='ocrx_word' id='word_1_85' title='bbox 894 967 1149 1011; x_wconf 86' lang='lat' dir='ltr'><strong>Stoicorum</strong></span> <span class='ocrx_word' id='word_1_86' title='bbox 1177 967 1238 1012; x_wconf 89' lang='lat' dir='ltr'><strong>sit</strong></span> <span class='ocrx_word' id='word_1_87' title='bbox 1264 968 1516 1027; x_wconf 71' lang='lat' dir='ltr'><strong>praeceptis</strong></span> <span class='ocrx_word' id='word_1_88' title='bbox 1540 982 1719 1027; x_wconf 87' lang='lat' dir='ltr'><strong>expres·</strong></span> <span class='ocrx_word' id='word_1_89' title='bbox 1741 986 1784 1012; x_wconf 89' lang='lat'><strong>10</strong></span> 
     </span>
     <span class='ocr_line' id='line_1_12' title="bbox 223 1038 638 1082; baseline -0.002 0"><span class='ocrx_word' id='word_1_90' title='bbox 223 1052 337 1082; x_wconf 88' lang='lat' dir='ltr'><strong>sum.</strong></span> <span class='ocrx_word' id='word_1_91' title='bbox 394 1038 476 1082; x_wconf 89' lang='lat' dir='ltr'><strong>Ait</strong></span> <span class='ocrx_word' id='word_1_92' title='bbox 495 1038 638 1082; x_wconf 89' lang='lat' dir='ltr'><strong>enim:</strong></span> 
     </span>
    </p>
   </div>
   <div class='ocr_carea' id='block_1_3' title="bbox 79 1137 1784 1904">
    <p class='ocr_par' dir='ltr' id='par_1_3' title="bbox 79 1137 1784 1904">
     <span class='ocr_line' id='line_1_13' title="bbox 79 1137 1295 1196; baseline -0.002 -13"><span class='ocrx_word' id='word_1_93' title='bbox 79 1145 160 1194; x_wconf 88' lang='lat'><strong>657</strong></span> <span class='ocrx_word' id='word_1_94' title='bbox 180 1152 213 1184; x_wconf 82' lang='lat' dir='ltr'><strong>a</strong></span> <span class='ocrx_word' id='word_1_95' title='bbox 286 1137 469 1181; x_wconf 86' lang='lat' dir='ltr'><strong>Troiani</strong></span> <span class='ocrx_word' id='word_1_96' title='bbox 498 1138 606 1181; x_wconf 93' lang='lat' dir='ltr'><strong>belli</strong></span> <span class='ocrx_word' id='word_1_97' title='bbox 633 1138 908 1196; x_wconf 71' lang='lat' dir='ltr'><strong>scriptorem,</strong></span> <span class='ocrx_word' id='word_1_98' title='bbox 938 1137 1137 1181; x_wconf 86' lang='lat' dir='ltr'><strong>Maxime</strong></span> <span class='ocrx_word' id='word_1_99' title='bbox 1167 1137 1295 1190; x_wconf 90' lang='lat' dir='ltr'><strong>Lolli,</strong></span> 
     </span>
     <span class='ocr_line' id='line_1_14' title="bbox 286 1196 1390 1255; baseline 0.001 -15"><span class='ocrx_word' id='word_1_100' title='bbox 286 1197 396 1240; x_wconf 92' lang='lat' dir='ltr'><strong>dum</strong></span> <span class='ocrx_word' id='word_1_101' title='bbox 426 1200 479 1240; x_wconf 90' lang='lat' dir='ltr'><strong>tu</strong></span> <span class='ocrx_word' id='word_1_102' title='bbox 509 1197 731 1241; x_wconf 84' lang='lat' dir='ltr'><strong>declamas</strong></span> <span class='ocrx_word' id='word_1_103' title='bbox 761 1197 941 1248; x_wconf 87' lang='lat' dir='ltr'><strong>Romae,</strong></span> <span class='ocrx_word' id='word_1_104' title='bbox 972 1196 1210 1240; x_wconf 86' lang='lat' dir='ltr'><strong>Praeneste</strong></span> <span class='ocrx_word' id='word_1_105' title='bbox 1239 1197 1390 1255; x_wconf 86' lang='lat' dir='ltr'><strong>relegi,</strong></span> 
     </span>
     <span class='ocr_line' id='line_1_15' title="bbox 286 1232 1720 1315; baseline 0.002 -17"><span class='ocrx_word' id='word_1_106' title='bbox 286 1256 364 1314; x_wconf 91' lang='lat' dir='ltr'><strong>qui</strong></span> <span class='ocrx_word' id='word_1_107' title='bbox 395 1256 505 1314; x_wconf 92' lang='lat' dir='ltr'><strong>quid</strong></span> <span class='ocrx_word' id='word_1_108' title='bbox 535 1256 596 1299; x_wconf 88' lang='lat' dir='ltr'><strong>sit</strong></span> <span class='ocrx_word' id='word_1_109' title='bbox 625 1256 844 1314; x_wconf 89' lang='lat' dir='ltr'><strong>pulcrum,</strong></span> <span class='ocrx_word' id='word_1_110' title='bbox 870 1232 979 1313; x_wconf 81' lang='lat' dir='ltr'><strong>qu&#39;id</strong></span> <span class='ocrx_word' id='word_1_111' title='bbox 1009 1258 1158 1313; x_wconf 88' lang='lat' dir='ltr'><strong>turpe,</strong></span> <span class='ocrx_word' id='word_1_112' title='bbox 1181 1256 1290 1313; x_wconf 92' lang='lat' dir='ltr'><strong>quid</strong></span> <span class='ocrx_word' id='word_1_113' title='bbox 1320 1256 1445 1309; x_wconf 88' lang='lat' dir='ltr'><strong>utile,</strong></span> <span class='ocrx_word' id='word_1_114' title='bbox 1473 1255 1584 1315; x_wconf 87' lang='lat' dir='ltr'><strong>quid</strong></span> <span class='ocrx_word' id='word_1_115' title='bbox 1614 1270 1720 1310; x_wconf 89' lang='lat' dir='ltr'><strong>non,</strong></span> 
     </span>
     <span class='ocr_line' id='line_1_16' title="bbox 317 1314 1782 1372; baseline -0.002 -14"><span class='ocrx_word' id='word_1_116' title='bbox 317 1315 484 1359; x_wconf 90' lang='lat' dir='ltr'><strong>ulcrius</strong></span> <span class='ocrx_word' id='word_1_117' title='bbox 514 1317 561 1359; x_wconf 91' lang='lat' dir='ltr'><strong>et</strong></span> <span class='ocrx_word' id='word_1_118' title='bbox 590 1315 750 1360; x_wconf 90' lang='lat' dir='ltr'><strong>melius</strong></span> <span class='ocrx_word' id='word_1_119' title='bbox 781 1314 988 1372; x_wconf 84' lang='lat' dir='ltr'><strong>Crisippo</strong></span> <span class='ocrx_word' id='word_1_120' title='bbox 1019 1318 1065 1358; x_wconf 91' lang='lat' dir='ltr'><strong>et</strong></span> <span class='ocrx_word' id='word_1_121' title='bbox 1095 1314 1291 1359; x_wconf 86' lang='lat' dir='ltr'><strong>Cantore</strong></span> <span class='ocrx_word' id='word_1_122' title='bbox 1321 1315 1444 1361; x_wconf 90' lang='lat' dir='ltr'><strong>dicit.</strong></span> <span class='ocrx_word' id='word_1_123' title='bbox 1741 1329 1782 1366; x_wconf 85' lang='lat'><strong>15</strong></span> 
     </span>
     <span class='ocr_line' id='line_1_17' title="bbox 285 1330 1483 1431; baseline 0.001 -14"><span class='ocrx_word' id='word_1_124' title='bbox 285 1330 472 1427; x_wconf 47' lang='lat' dir='ltr'><strong>gabula,</strong></span> <span class='ocrx_word' id='word_1_125' title='bbox 503 1388 593 1431; x_wconf 89' lang='lat' dir='ltr'><strong>qua</strong></span> <span class='ocrx_word' id='word_1_126' title='bbox 623 1377 808 1431; x_wconf 89' lang='lat' dir='ltr'><strong>propter</strong></span> <span class='ocrx_word' id='word_1_127' title='bbox 838 1373 1012 1417; x_wconf 89' lang='lat' dir='ltr'><strong>Paridis</strong></span> <span class='ocrx_word' id='word_1_128' title='bbox 1042 1377 1256 1417; x_wconf 89' lang='lat' dir='ltr'><strong>narratur</strong></span> <span class='ocrx_word' id='word_1_129' title='bbox 1285 1389 1483 1418; x_wconf 89' lang='lat' dir='ltr'><strong>amorem</strong></span> 
     </span>
     <span class='ocr_line' id='line_1_18' title="bbox 285 1432 1236 1485; baseline 0 -9"><span class='ocrx_word' id='word_1_130' title='bbox 285 1432 446 1476; x_wconf 85' lang='lat' dir='ltr'><strong>Grecia</strong></span> <span class='ocrx_word' id='word_1_131' title='bbox 475 1433 710 1476; x_wconf 89' lang='lat' dir='ltr'><strong>barbariae</strong></span> <span class='ocrx_word' id='word_1_132' title='bbox 739 1433 862 1476; x_wconf 85' lang='lat' dir='ltr'><strong>lento</strong></span> <span class='ocrx_word' id='word_1_133' title='bbox 892 1432 1046 1476; x_wconf 89' lang='lat' dir='ltr'><strong>collisa</strong></span> <span class='ocrx_word' id='word_1_134' title='bbox 1074 1433 1236 1485; x_wconf 88' lang='lat' dir='ltr'><strong>duello,</strong></span> 
     </span>
     <span class='ocr_line' id='line_1_19' title="bbox 284 1491 1484 1550; baseline 0 -15"><span class='ocrx_word' id='word_1_135' title='bbox 284 1492 529 1536; x_wconf 87' lang='lat' dir='ltr'><strong>stultorum</strong></span> <span class='ocrx_word' id='word_1_136' title='bbox 558 1507 716 1550; x_wconf 89' lang='lat' dir='ltr'><strong>regum</strong></span> <span class='ocrx_word' id='word_1_137' title='bbox 745 1494 792 1535; x_wconf 89' lang='lat' dir='ltr'><strong>et</strong></span> <span class='ocrx_word' id='word_1_138' title='bbox 821 1492 1089 1549; x_wconf 89' lang='lat' dir='ltr'><strong>populorum</strong></span> <span class='ocrx_word' id='word_1_139' title='bbox 1119 1491 1321 1535; x_wconf 86' lang='lat' dir='ltr'><strong>continet</strong></span> <span class='ocrx_word' id='word_1_140' title='bbox 1349 1494 1484 1535; x_wconf 86' lang='lat' dir='ltr'><strong>estus.</strong></span> 
     </span>
     <span class='ocr_line' id='line_1_20' title="bbox 285 1550 1306 1608; baseline 0.001 -14"><span class='ocrx_word' id='word_1_141' title='bbox 285 1551 491 1594; x_wconf 89' lang='lat' dir='ltr'><strong>Antenor</strong></span> <span class='ocrx_word' id='word_1_142' title='bbox 519 1551 625 1594; x_wconf 90' lang='lat' dir='ltr'><strong>belli</strong></span> <span class='ocrx_word' id='word_1_143' title='bbox 653 1554 804 1595; x_wconf 88' lang='lat' dir='ltr'><strong>censet</strong></span> <span class='ocrx_word' id='word_1_144' title='bbox 833 1550 1109 1608; x_wconf 87' lang='lat' dir='ltr'><strong>praescidere</strong></span> <span class='ocrx_word' id='word_1_145' title='bbox 1138 1565 1306 1595; x_wconf 89' lang='lat' dir='ltr'><strong>causas.</strong></span> 
     </span>
     <span class='ocr_line' id='line_1_21' title="bbox 288 1609 1784 1669; baseline -0.001 -16"><span class='ocrx_word' id='word_1_146' title='bbox 288 1610 409 1664; x_wconf 79' lang='lat' dir='ltr'><strong>Quid</strong></span> <span class='ocrx_word' id='word_1_147' title='bbox 441 1610 600 1654; x_wconf 55' lang='lat' dir='ltr'><strong>Paris?</strong></span> <span class='ocrx_word' id='word_1_148' title='bbox 639 1613 693 1654; x_wconf 91' lang='lat' dir='ltr'><strong>ut</strong></span> <span class='ocrx_word' id='word_1_149' title='bbox 722 1612 881 1669; x_wconf 84' lang='lat' dir='ltr'><strong>regnet</strong></span> <span class='ocrx_word' id='word_1_150' title='bbox 910 1609 1064 1654; x_wconf 90' lang='lat' dir='ltr'><strong>saluus</strong></span> <span class='ocrx_word' id='word_1_151' title='bbox 1094 1610 1312 1667; x_wconf 88' lang='lat' dir='ltr'><strong>uiuatque</strong></span> <span class='ocrx_word' id='word_1_152' title='bbox 1341 1610 1502 1654; x_wconf 87' lang='lat' dir='ltr'><strong>beatus</strong></span> <span class='ocrx_word' id='word_1_153' title='bbox 1739 1628 1784 1653; x_wconf 63' lang='grc' dir='ltr'><strong>ιο</strong></span> 
     </span>
     <span class='ocr_line' id='line_1_22' title="bbox 286 1672 1412 1785; baseline 0 -14"><span class='ocrx_word' id='word_1_154' title='bbox 286 1672 854 1772; x_wconf 49' lang='lat' dir='ltr'><strong>{Zgilibpgggedssfigsagoelem</strong></span> <span class='ocrx_word' id='word_1_155' title='bbox 884 1730 1021 1785; x_wconf 89' lang='lat' dir='ltr'><strong>atque</strong></span> <span class='ocrx_word' id='word_1_156' title='bbox 1050 1727 1238 1772; x_wconf 86' lang='lat' dir='ltr'><strong>libidine</strong></span> <span class='ocrx_word' id='word_1_157' title='bbox 1267 1730 1315 1771; x_wconf 89' lang='lat' dir='ltr'><strong>et</strong></span> <span class='ocrx_word' id='word_1_158' title='bbox 1343 1728 1412 1771; x_wconf 89' lang='lat' dir='ltr'><strong>ira</strong></span> 
     </span>
     <span class='ocr_line' id='line_1_23' title="bbox 286 1787 1270 1844; baseline 0.001 -14"><span class='ocrx_word' id='word_1_159' title='bbox 286 1787 450 1831; x_wconf 92' lang='lat' dir='ltr'><strong>Iliacos</strong></span> <span class='ocrx_word' id='word_1_160' title='bbox 478 1787 601 1830; x_wconf 89' lang='lat' dir='ltr'><strong>intra</strong></span> <span class='ocrx_word' id='word_1_161' title='bbox 629 1802 781 1830; x_wconf 88' lang='lat' dir='ltr'><strong>muros</strong></span> <span class='ocrx_word' id='word_1_162' title='bbox 811 1790 1022 1844; x_wconf 88' lang='lat' dir='ltr'><strong>peccatur</strong></span> <span class='ocrx_word' id='word_1_163' title='bbox 1050 1789 1097 1830; x_wconf 88' lang='lat' dir='ltr'><strong>et</strong></span> <span class='ocrx_word' id='word_1_164' title='bbox 1126 1790 1270 1831; x_wconf 89' lang='lat' dir='ltr'><strong>extra.</strong></span> 
     </span>
     <span class='ocr_line' id='line_1_24' title="bbox 287 1845 1400 1904; baseline 0.001 -15"><span class='ocrx_word' id='word_1_165' title='bbox 287 1846 512 1904; x_wconf 81' lang='lat' dir='ltr'><strong>Quicquid</strong></span> <span class='ocrx_word' id='word_1_166' title='bbox 541 1846 737 1890; x_wconf 90' lang='lat' dir='ltr'><strong>delirant</strong></span> <span class='ocrx_word' id='word_1_167' title='bbox 766 1860 904 1904; x_wconf 87' lang='lat' dir='ltr'><strong>reges,</strong></span> <span class='ocrx_word' id='word_1_168' title='bbox 934 1846 1196 1904; x_wconf 88' lang='lat' dir='ltr'><strong>plectuntur</strong></span> <span class='ocrx_word' id='word_1_169' title='bbox 1224 1845 1400 1890; x_wconf 83' lang='lat' dir='ltr'><strong>Achiui.</strong></span> 
     </span>
    </p>
   </div>
   <div class='ocr_carea' id='block_1_4' title="bbox 179 1944 1785 2497">
    <p class='ocr_par' dir='ltr' id='par_1_4' title="bbox 228 1944 1782 2074">
     <span class='ocr_line' id='line_1_25' title="bbox 230 1944 1782 2004; baseline 0.001 -16"><span class='ocrx_word' id='word_1_170' title='bbox 230 1944 326 2004; x_wconf 88' lang='lat' dir='ltr'><strong>Ego</strong></span> <span class='ocrx_word' id='word_1_171' title='bbox 355 1947 508 1988; x_wconf 89' lang='lat' dir='ltr'><strong>autem</strong></span> <span class='ocrx_word' id='word_1_172' title='bbox 537 1945 586 1988; x_wconf 90' lang='lat' dir='ltr'><strong>in</strong></span> <span class='ocrx_word' id='word_1_173' title='bbox 616 1945 797 1988; x_wconf 88' lang='lat' dir='ltr'><strong>illorum</strong></span> <span class='ocrx_word' id='word_1_174' title='bbox 838 1945 1109 1988; x_wconf 90' lang='lat' dir='ltr'><strong>sententiam</strong></span> <span class='ocrx_word' id='word_1_175' title='bbox 1139 1944 1353 1989; x_wconf 83' lang='lat' dir='ltr'><strong>facillime</strong></span> <span class='ocrx_word' id='word_1_176' title='bbox 1381 1945 1490 1990; x_wconf 89' lang='lat' dir='ltr'><strong>cedo</strong></span> <span class='ocrx_word' id='word_1_177' title='bbox 1519 1945 1598 2003; x_wconf 90' lang='lat' dir='ltr'><strong>qui</strong></span> <span class='ocrx_word' id='word_1_178' title='bbox 1627 1960 1719 1989; x_wconf 90' lang='lat' dir='ltr'><strong>non</strong></span> <span class='ocrx_word' id='word_1_179' title='bbox 1741 1965 1782 2000; x_wconf 81' lang='lat'><strong>²5</strong></span> 
     </span>
     <span class='ocr_line' id='line_1_26' title="bbox 228 2015 1720 2074; baseline 0.001 -15"><span class='ocrx_word' id='word_1_180' title='bbox 228 2016 418 2059; x_wconf 87' lang='lat' dir='ltr'><strong>credunt</strong></span> <span class='ocrx_word' id='word_1_181' title='bbox 448 2015 545 2059; x_wconf 91' lang='lat' dir='ltr'><strong>sine</strong></span> <span class='ocrx_word' id='word_1_182' title='bbox 574 2015 764 2060; x_wconf 89' lang='lat' dir='ltr'><strong>lectione</strong></span> <span class='ocrx_word' id='word_1_183' title='bbox 795 2018 1030 2060; x_wconf 90' lang='lat' dir='ltr'><strong>auctorum</strong></span> <span class='ocrx_word' id='word_1_184' title='bbox 1061 2030 1190 2074; x_wconf 90' lang='lat' dir='ltr'><strong>posse</strong></span> <span class='ocrx_word' id='word_1_185' title='bbox 1219 2016 1317 2059; x_wconf 89' lang='lat' dir='ltr'><strong>fieri</strong></span> <span class='ocrx_word' id='word_1_186' title='bbox 1348 2015 1575 2060; x_wconf 89' lang='lat' dir='ltr'><strong>hominem</strong></span> <span class='ocrx_word' id='word_1_187' title='bbox 1598 2015 1720 2060; x_wconf 83' lang='lat' dir='ltr'><strong>litte-</strong></span> 
     </span>
    </p>

    <p class='ocr_par' dir='ltr' id='par_1_5' title="bbox 179 2085 1785 2497">
     <span class='ocr_line' id='line_1_27' title="bbox 179 2085 1722 2145; baseline 0 -15"><span class='ocrx_word' id='word_1_188' title='bbox 179 2091 210 2131; x_wconf 82' lang='lat' dir='ltr'><strong>b</strong></span> <span class='ocrx_word' id='word_1_189' title='bbox 230 2089 392 2129; x_wconf 86' lang='lat' dir='ltr'><strong>ratum.</strong></span> <span class='ocrx_word' id='word_1_190' title='bbox 453 2086 730 2129; x_wconf 87' lang='lat' dir='ltr'><strong>Litterarum</strong></span> <span class='ocrx_word' id='word_1_191' title='bbox 755 2089 907 2130; x_wconf 86' lang='lat' dir='ltr'><strong>tamen</strong></span> <span class='ocrx_word' id='word_1_192' title='bbox 937 2086 1066 2144; x_wconf 93' lang='lat' dir='ltr'><strong>copia</strong></span> <span class='ocrx_word' id='word_1_193' title='bbox 1092 2101 1378 2144; x_wconf 88' lang='lat' dir='ltr'><strong>nequaquam</strong></span> <span class='ocrx_word' id='word_1_194' title='bbox 1403 2085 1722 2145; x_wconf 85' lang='lat' dir='ltr'><strong>philosophum</strong></span> 
     </span>
     <span class='ocr_line' id='line_1_28' title="bbox 230 2156 1722 2215; baseline 0.001 -16"><span class='ocrx_word' id='word_1_195' title='bbox 230 2156 342 2200; x_wconf 82' lang='lat' dir='ltr'><strong>facit</strong></span> <span class='ocrx_word' id='word_1_196' title='bbox 359 2171 368 2210; x_wconf 85' lang='lat'><em>3</em></span> <span class='ocrx_word' id='word_1_197' title='bbox 398 2157 548 2215; x_wconf 86' lang='lat' dir='ltr'><strong>gratia</strong></span> <span class='ocrx_word' id='word_1_198' title='bbox 568 2156 789 2213; x_wconf 90' lang='lat' dir='ltr'><strong>siquidem</strong></span> <span class='ocrx_word' id='word_1_199' title='bbox 806 2159 875 2200; x_wconf 90' lang='lat' dir='ltr'><strong>est</strong></span> <span class='ocrx_word' id='word_1_200' title='bbox 895 2171 1010 2213; x_wconf 89' lang='lat' dir='ltr'><strong>quae</strong></span> <span class='ocrx_word' id='word_1_201' title='bbox 1030 2156 1089 2200; x_wconf 91' lang='lat' dir='ltr'><strong>ad</strong></span> <span class='ocrx_word' id='word_1_202' title='bbox 1110 2157 1378 2215; x_wconf 86' lang='lat' dir='ltr'><strong>sapientiam</strong></span> <span class='ocrx_word' id='word_1_203' title='bbox 1394 2156 1489 2200; x_wconf 86' lang='lat' dir='ltr'><strong>sola</strong></span> <span class='ocrx_word' id='word_1_204' title='bbox 1503 2156 1722 2215; x_wconf 85' lang='lat' dir='ltr'><strong>perducit.</strong></span> 
     </span>
     <span class='ocr_line' id='line_1_29' title="bbox 229 2227 1720 2286; baseline 0 -16"><span class='ocrx_word' id='word_1_205' title='bbox 229 2227 286 2270; x_wconf 92' lang='lat' dir='ltr'><strong>In</strong></span> <span class='ocrx_word' id='word_1_206' title='bbox 307 2243 482 2271; x_wconf 90' lang='lat' dir='ltr'><strong>summa</strong></span> <span class='ocrx_word' id='word_1_207' title='bbox 502 2227 723 2285; x_wconf 90' lang='lat' dir='ltr'><strong>siquidem</strong></span> <span class='ocrx_word' id='word_1_208' title='bbox 750 2227 878 2285; x_wconf 90' lang='lat' dir='ltr'><strong>copia</strong></span> <span class='ocrx_word' id='word_1_209' title='bbox 904 2227 1161 2271; x_wconf 89' lang='lat' dir='ltr'><strong>litterarum</strong></span> <span class='ocrx_word' id='word_1_210' title='bbox 1192 2231 1274 2271; x_wconf 89' lang='lat' dir='ltr'><strong>aut</strong></span> <span class='ocrx_word' id='word_1_211' title='bbox 1301 2227 1559 2286; x_wconf 87' lang='lat' dir='ltr'><strong>ignorantia</strong></span> <span class='ocrx_word' id='word_1_212' title='bbox 1582 2227 1720 2271; x_wconf 86' lang='lat' dir='ltr'><strong>inter-</strong></span> 
     </span>
     <span class='ocr_line' id='line_1_30' title="bbox 229 2297 1785 2356; baseline -0.001 -15"><span class='ocrx_word' id='word_1_213' title='bbox 229 2297 338 2341; x_wconf 90' lang='lat' dir='ltr'><strong>dum</strong></span> <span class='ocrx_word' id='word_1_214' title='bbox 365 2301 447 2342; x_wconf 89' lang='lat' dir='ltr'><strong>aut</strong></span> <span class='ocrx_word' id='word_1_215' title='bbox 473 2298 751 2356; x_wconf 85' lang='lat' dir='ltr'><strong>negligentia</strong></span> <span class='ocrx_word' id='word_1_216' title='bbox 779 2298 990 2342; x_wconf 87' lang='lat' dir='ltr'><strong>ueritatis</strong></span> <span class='ocrx_word' id='word_1_217' title='bbox 1018 2301 1102 2352; x_wconf 87' lang='lat' dir='ltr'><strong>est,</strong></span> <span class='ocrx_word' id='word_1_218' title='bbox 1120 2299 1217 2342; x_wconf 91' lang='lat' dir='ltr'><strong>sine</strong></span> <span class='ocrx_word' id='word_1_219' title='bbox 1242 2313 1332 2356; x_wconf 91' lang='lat' dir='ltr'><strong>qua</strong></span> <span class='ocrx_word' id='word_1_220' title='bbox 1358 2297 1632 2356; x_wconf 90' lang='lat' dir='ltr'><strong>impossibile</strong></span> <span class='ocrx_word' id='word_1_221' title='bbox 1654 2301 1723 2342; x_wconf 83' lang='lat' dir='ltr'><strong>est</strong></span> <span class='ocrx_word' id='word_1_222' title='bbox 1741 2314 1785 2349; x_wconf 80' lang='lat'><strong>30</strong></span> 
     </span>
     <span class='ocr_line' id='line_1_31' title="bbox 230 2368 1722 2426; baseline 0.001 -15"><span class='ocrx_word' id='word_1_223' title='bbox 230 2383 500 2426; x_wconf 91' lang='lat' dir='ltr'><strong>quemquam</strong></span> <span class='ocrx_word' id='word_1_224' title='bbox 531 2368 630 2411; x_wconf 90' lang='lat' dir='ltr'><strong>fieri</strong></span> <span class='ocrx_word' id='word_1_225' title='bbox 658 2368 919 2426; x_wconf 89' lang='lat' dir='ltr'><strong>sapientem.</strong></span> <span class='ocrx_word' id='word_1_226' title='bbox 980 2368 1111 2412; x_wconf 90' lang='lat' dir='ltr'><strong>Vnde</strong></span> <span class='ocrx_word' id='word_1_227' title='bbox 1136 2371 1182 2412; x_wconf 91' lang='lat' dir='ltr'><strong>et</strong></span> <span class='ocrx_word' id='word_1_228' title='bbox 1212 2369 1368 2412; x_wconf 90' lang='lat' dir='ltr'><strong>doctor</strong></span> <span class='ocrx_word' id='word_1_229' title='bbox 1392 2369 1467 2412; x_wconf 92' lang='lat' dir='ltr'><strong>ille</strong></span> <span class='ocrx_word' id='word_1_230' title='bbox 1489 2368 1722 2420; x_wconf 89' lang='lat' dir='ltr'><strong>Ecclesiae,</strong></span> 
     </span>
     <span class='ocr_line' id='line_1_32' title="bbox 229 2439 1723 2497; baseline 0.001 -15"><span class='ocrx_word' id='word_1_231' title='bbox 229 2439 357 2482; x_wconf 88' lang='lat' dir='ltr'><strong>cuius</strong></span> <span class='ocrx_word' id='word_1_232' title='bbox 376 2454 507 2483; x_wconf 91' lang='lat' dir='ltr'><strong>nemo</strong></span> <span class='ocrx_word' id='word_1_233' title='bbox 527 2439 639 2483; x_wconf 91' lang='lat' dir='ltr'><strong>satis</strong></span> <span class='ocrx_word' id='word_1_234' title='bbox 666 2454 838 2483; x_wconf 89' lang='lat' dir='ltr'><strong>memor</strong></span> <span class='ocrx_word' id='word_1_235' title='bbox 864 2454 958 2483; x_wconf 88' lang='lat' dir='ltr'><strong>esse</strong></span> <span class='ocrx_word' id='word_1_236' title='bbox 988 2442 1149 2497; x_wconf 89' lang='lat' dir='ltr'><strong>potest,</strong></span> <span class='ocrx_word' id='word_1_237' title='bbox 1169 2439 1454 2497; x_wconf 88' lang='lat' dir='ltr'><strong>Augustinus</strong></span> <span class='ocrx_word' id='word_1_238' title='bbox 1474 2439 1723 2483; x_wconf 88' lang='lat' dir='ltr'><strong>Varronem</strong></span> 
     </span>
    </p>
   </div>
   <div class='ocr_carea' id='block_1_5' title="bbox 230 2568 1724 2761">
    <p class='ocr_par' dir='ltr' id='par_1_6' title="bbox 230 2568 1724 2761">
     <span class='ocr_line' id='line_1_33' title="bbox 230 2568 1724 2625; baseline 0.001 -19"><span class='ocrx_word' id='word_1_239' title='bbox 230 2572 251 2607; x_wconf 92' lang='lat'>8</span> <span class='ocrx_word' id='word_1_240' title='bbox 270 2569 394 2606; x_wconf 84' lang='lat' dir='ltr'><strong>maius</strong></span> <span class='ocrx_word' id='word_1_241' title='bbox 412 2568 437 2606; x_wconf 88' lang='lat' dir='ltr'>S</span> <span class='ocrx_word' id='word_1_242' title='bbox 557 2568 732 2606; x_wconf 84' lang='lat' dir='ltr'><strong>horatius</strong></span> <span class='ocrx_word' id='word_1_243' title='bbox 749 2568 782 2605; x_wconf 89' lang='lat' dir='ltr'>A</span> <span class='ocrx_word' id='word_1_244' title='bbox 946 2579 990 2606; x_wconf 87' lang='lat'><strong>10</strong></span> <span class='ocrx_word' id='word_1_245' title='bbox 1014 2570 1099 2616; x_wconf 83' lang='lat' dir='ltr'><strong>stoy</strong></span> <span class='ocrx_word' id='word_1_246' title='bbox 1101 2580 1233 2605; x_wconf 90' lang='lat' dir='ltr'><strong>corum</strong></span> <span class='ocrx_word' id='word_1_247' title='bbox 1250 2568 1285 2604; x_wconf 81' lang='lat' dir='ltr'>A</span> <span class='ocrx_word' id='word_1_248' title='bbox 1402 2568 1636 2625; x_wconf 81' lang='lat' dir='ltr'><strong>praeceptis]</strong></span> <span class='ocrx_word' id='word_1_249' title='bbox 1655 2579 1724 2616; x_wconf 83' lang='lat' dir='ltr'><strong>pre</strong></span> 
     </span>
     <span class='ocr_line' id='line_1_34' title="bbox 231 2582 1724 2664; baseline 0 -10"><span class='ocrx_word' id='word_1_250' title='bbox 231 2618 367 2655; x_wconf 85' lang='lat' dir='ltr'><strong>ceteris</strong></span> <span class='ocrx_word' id='word_1_251' title='bbox 385 2618 417 2654; x_wconf 87' lang='lat' dir='ltr'>A</span> <span class='ocrx_word' id='word_1_252' title='bbox 578 2628 620 2663; x_wconf 88' lang='lat'><strong>14</strong></span> <span class='ocrx_word' id='word_1_253' title='bbox 645 2617 712 2664; x_wconf 88' lang='lat' dir='ltr'><strong>qui</strong></span> <span class='ocrx_word' id='word_1_254' title='bbox 730 2616 838 2664; x_wconf 89' lang='lat' dir='ltr'><strong>quid]</strong></span> <span class='ocrx_word' id='word_1_255' title='bbox 857 2616 1050 2664; x_wconf 86' lang='lat' dir='ltr'><strong>Quicquid</strong></span> <span class='ocrx_word' id='word_1_256' title='bbox 1071 2582 1116 2653; x_wconf 71' lang='lat'><strong>(2²</strong></span> <span class='ocrx_word' id='word_1_257' title='bbox 1118 2617 1162 2652; x_wconf 83' lang='lat'><strong>13¹</strong></span> <span class='ocrx_word' id='word_1_258' title='bbox 1165 2616 1240 2652; x_wconf 88' lang='lat' dir='ltr'><strong>AM</strong></span> <span class='ocrx_word' id='word_1_259' title='bbox 1398 2626 1439 2664; x_wconf 87' lang='lat'><strong>15</strong></span> <span class='ocrx_word' id='word_1_260' title='bbox 1466 2616 1664 2663; x_wconf 82' lang='lat' dir='ltr'><strong>pulchrius</strong></span> <span class='ocrx_word' id='word_1_261' title='bbox 1681 2617 1724 2654; x_wconf 85' lang='lat' dir='ltr'>M</span> 
     </span>
     <span class='ocr_line' id='line_1_35' title="bbox 235 2664 1724 2712; baseline 0.001 -10"><span class='ocrx_word' id='word_1_262' title='bbox 235 2676 278 2712; x_wconf 88' lang='grc'><strong>19</strong></span> <span class='ocrx_word' id='word_1_263' title='bbox 304 2678 409 2712; x_wconf 90' lang='lat' dir='ltr'><strong>p1rec</strong></span> <span class='ocrx_word' id='word_1_264' title='bbox 396 2666 501 2702; x_wconf 88' lang='lat' dir='ltr'><strong>idere</strong></span> <span class='ocrx_word' id='word_1_265' title='bbox 517 2665 566 2700; x_wconf 68' lang='grc' dir='ltr'><strong>Α2</strong></span> <span class='ocrx_word' id='word_1_266' title='bbox 568 2665 608 2701; x_wconf 89' lang='lat' dir='ltr'>M</span> <span class='ocrx_word' id='word_1_267' title='bbox 754 2666 801 2702; x_wconf 90' lang='lat'><strong>26</strong></span> <span class='ocrx_word' id='word_1_268' title='bbox 825 2665 1024 2702; x_wconf 85' lang='lat' dir='ltr'><strong>hominem</strong></span> <span class='ocrx_word' id='word_1_269' title='bbox 1040 2677 1110 2702; x_wconf 87' lang='lat' dir='ltr'><strong>om.</strong></span> <span class='ocrx_word' id='word_1_270' title='bbox 1128 2664 1174 2701; x_wconf 88' lang='lat' dir='ltr'><strong>Al</strong></span> <span class='ocrx_word' id='word_1_271' title='bbox 1320 2673 1365 2711; x_wconf 86' lang='lat'><strong>27</strong></span> <span class='ocrx_word' id='word_1_272' title='bbox 1386 2670 1472 2712; x_wconf 76' lang='lat' dir='ltr'><strong>post</strong></span> <span class='ocrx_word' id='word_1_273' title='bbox 1488 2668 1620 2703; x_wconf 85' lang='lat' dir='ltr'><strong>tamen</strong></span> <span class='ocrx_word' id='word_1_274' title='bbox 1637 2668 1724 2704; x_wconf 78' lang='lat' dir='ltr'><strong>add.</strong></span> 
     </span>
     <span class='ocr_line' id='line_1_36' title="bbox 230 2679 1234 2761; baseline -0.001 -11"><span class='ocrx_word' id='word_1_275' title='bbox 230 2679 329 2751; x_wconf 83' lang='lat' dir='ltr'><strong>fierip</strong></span> <span class='ocrx_word' id='word_1_276' title='bbox 330 2714 525 2752; x_wconf 91' lang='lat' dir='ltr'><strong>hominem</strong></span> <span class='ocrx_word' id='word_1_277' title='bbox 544 2713 745 2751; x_wconf 85' lang='lat' dir='ltr'><strong>literatum</strong></span> <span class='ocrx_word' id='word_1_278' title='bbox 762 2714 796 2749; x_wconf 88' lang='lat' dir='ltr'>A</span> <span class='ocrx_word' id='word_1_279' title='bbox 891 2713 1175 2761; x_wconf 79' lang='lat' dir='ltr'><strong>phylosophum</strong></span> <span class='ocrx_word' id='word_1_280' title='bbox 1193 2712 1234 2748; x_wconf 88' lang='lat' dir='ltr'>M</span> 
     </span>
    </p>
   </div>
   <div class='ocr_carea' id='block_1_6' title="bbox 236 2838 1722 2935">
    <p class='ocr_par' dir='ltr' id='par_1_7' title="bbox 236 2838 1722 2935">
     <span class='ocr_line' id='line_1_37' title="bbox 280 2838 1722 2894; baseline 0.001 -20"><span class='ocrx_word' id='word_1_281' title='bbox 280 2848 301 2884; x_wconf 95' lang='lat'><em>7</em></span> <span class='ocrx_word' id='word_1_282' title='bbox 327 2841 384 2876; x_wconf 84' lang='lat' dir='ltr'><strong>ei:</strong></span> <span class='ocrx_word' id='word_1_283' title='bbox 412 2851 461 2875; x_wconf 88' lang='lat' dir='ltr'><strong>sc.</strong></span> <span class='ocrx_word' id='word_1_284' title='bbox 476 2840 535 2885; x_wconf 88' lang='lat' dir='ltr'><strong>(ut</strong></span> <span class='ocrx_word' id='word_1_285' title='bbox 551 2839 715 2886; x_wconf 86' lang='lat' dir='ltr'><strong>videtur)</strong></span> <span class='ocrx_word' id='word_1_286' title='bbox 731 2838 920 2877; x_wconf 82' lang='lat' dir='ltr'><strong>Ciceroni.</strong></span> <span class='ocrx_word' id='word_1_287' title='bbox 999 2850 1042 2876; x_wconf 91' lang='lat'><strong>12</strong></span> <span class='ocrx_word' id='word_1_288' title='bbox 1071 2840 1159 2876; x_wconf 78' lang='lat' dir='ltr'><strong>Tro·</strong></span> <span class='ocrx_word' id='word_1_289' title='bbox 1146 2851 1226 2876; x_wconf 72' lang='lat' dir='ltr'><strong>vzan</strong></span> <span class='ocrx_word' id='word_1_290' title='bbox 1220 2840 1329 2875; x_wconf 84' lang='lat' dir='ltr'><strong>‘ibell</strong></span> <span class='ocrx_word' id='word_1_291' title='bbox 1340 2841 1437 2877; x_wconf 90' lang='lat' dir='ltr'><strong>etc.:</strong></span> <span class='ocrx_word' id='word_1_292' title='bbox 1463 2839 1553 2877; x_wconf 88' lang='lat' dir='ltr'><strong>Hor.</strong></span> <span class='ocrx_word' id='word_1_293' title='bbox 1567 2840 1636 2894; x_wconf 82' lang='lat' dir='ltr'><strong>Ep</strong></span> <span class='ocrx_word' id='word_1_294' title='bbox 1651 2838 1676 2875; x_wconf 86' lang='lat' dir='ltr'><strong>i.</strong></span> <span class='ocrx_word' id='word_1_295' title='bbox 1688 2848 1722 2876; x_wconf 85' lang='lat'><strong>2.</strong></span> 
     </span>
     <span class='ocr_line' id='line_1_38' title="bbox 236 2886 1722 2935; baseline 0.001 -12"><span class='ocrx_word' id='word_1_296' title='bbox 236 2896 315 2932; x_wconf 89' lang='lat'>1-4,</span> <span class='ocrx_word' id='word_1_297' title='bbox 329 2888 433 2931; x_wconf 89' lang='lat'><strong>6-11‚</strong></span> <span class='ocrx_word' id='word_1_298' title='bbox 453 2896 507 2934; x_wconf 84' lang='grc'><strong>15,</strong></span> <span class='ocrx_word' id='word_1_299' title='bbox 525 2889 578 2932; x_wconf 91' lang='lat'><strong>16,</strong></span> <span class='ocrx_word' id='word_1_300' title='bbox 599 2898 651 2934; x_wconf 92' lang='lat'><strong>14.</strong></span> <span class='ocrx_word' id='word_1_301' title='bbox 726 2897 766 2935; x_wconf 88' lang='grc'><strong>15</strong></span> <span class='ocrx_word' id='word_1_302' title='bbox 780 2890 968 2935; x_wconf 76' lang='lat' dir='ltr'><strong>pulcrius:</strong></span> <span class='ocrx_word' id='word_1_303' title='bbox 981 2889 1142 2934; x_wconf 79' lang='lat' dir='ltr'><strong>planius</strong></span> <span class='ocrx_word' id='word_1_304' title='bbox 1151 2887 1243 2925; x_wconf 86' lang='lat' dir='ltr'><strong>Hor.</strong></span> <span class='ocrx_word' id='word_1_305' title='bbox 1309 2897 1358 2934; x_wconf 87' lang='lat'><strong>30</strong></span> <span class='ocrx_word' id='word_1_306' title='bbox 1373 2898 1465 2935; x_wconf 78' lang='lat' dir='ltr'><strong>qua:</strong></span> <span class='ocrx_word' id='word_1_307' title='bbox 1483 2899 1536 2927; x_wconf 72' lang='lat' dir='ltr'><strong>sc.</strong></span> <span class='ocrx_word' id='word_1_308' title='bbox 1545 2886 1722 2925; x_wconf 80' lang='lat' dir='ltr'><strong>veritate.</strong></span> 
     </span>
    </p>
   </div>
   <div class='ocr_carea' id='block_1_7' title="bbox 347 2960 412 2992">
    <p class='ocr_par' dir='ltr' id='par_1_8' title="bbox 347 2960 412 2992">
     <span class='ocr_line' id='line_1_39' title="bbox 347 2960 412 2992; baseline 0 0"><span class='ocrx_word' id='word_1_309' title='bbox 347 2960 412 2992; x_wconf 83' lang='lat'><strong>128</strong></span> 
     </span>
    </p>
   </div>
  </div>
 </body>
</html>
