1846 3262
147 225 250 259 car.
263 211 378 273 xm]
674 213 1082 260 POLICRATICV
1085 214 1118 259 S

147 337 299 381 omnia
322 345 575 395 temporum
601 340 830 381 momenta
847 337 906 381 ad
926 336 1258 395 percipiendam
1278 338 1325 379 et
1345 335 1638 379 exercendam

149 407 402 451 doctrinam
423 407 670 460 conferens,
690 408 874 467 ignotus
893 407 961 450 illi
980 408 1083 450 urbi
1103 407 1235 458 uixit,
1259 406 1379 463 quod
1406 406 1502 463 ipse
1528 419 1637 462 quo-

148 477 254 521 dam
279 478 509 522 uolumine
535 481 730 522 testatus
759 482 838 522 est.
900 477 1058 523 Crates
1086 492 1262 535 quoque
1286 476 1362 520 ille
1386 476 1639 527 Thebanus,

148 548 346 606 proiecto
375 549 423 591 in
454 563 578 592 mare
612 564 704 592 non
738 563 880 606 paruo
909 549 1010 592 auri
1039 548 1259 606 pondere:
1298 547 1447 598 Abite,
1476 547 1638 604 inquit,

1656 216 1749 265 669
1770 224 1797 255 c

110 636 131 671 5
149 633 328 677 pessum
347 619 492 663 malae
511 619 792 677 cupiditates,
814 634 896 678 ego
920 634 1002 663 uos
1031 634 1231 677 mergam
1261 633 1318 662 ne
1344 619 1440 676 ipse
1460 631 1639 675 mergar
1655 621 1687 662 d

148 704 178 732 a
196 689 339 733 uobis.
400 689 490 733 Sed
511 692 557 732 et
575 690 884 747 Anaxagoras,
908 703 1011 733 cum
1031 704 1059 732 8
1078 688 1257 732 diutina
1279 687 1639 747 peregrinatione

147 759 344 817 patriam
373 760 608 817 repetisset
637 759 1022 817 possessionaeque
1051 759 1250 802 desertas
1278 758 1494 802 uidisset:
1534 758 1640 801 Non

149 843 303 882 essem,
329 829 491 887 inquit,
515 845 598 888 ego
624 830 789 880 saluus,
810 830 898 872 nisi
927 830 1042 873 istae
1068 829 1301 887 perissent.
1362 829 1639 872 Socraticum

150 899 300 943 fertur
328 899 558 943 oraculum
593 900 818 943 neminem
853 899 1119 957 locupletem
1149 898 1358 942 futurum
1388 902 1443 942 ut
1471 899 1640 950 doceat,

92 986 135 1011 10
150 969 240 1012 nisi
259 984 307 1013 se
326 969 385 1012 ad
412 969 672 1012 discendum
697 984 940 1027 pauperem
968 972 1015 1012 et
1041 984 1232 1027 egenum
1259 969 1436 1022 credat;
1467 983 1642 1026 semper

149 1039 271 1083 enim
310 1039 586 1083 discentibus
624 1040 757 1097 plura
796 1039 988 1083 deerunt
1026 1054 1141 1097 quae
1180 1039 1298 1083 scitu
1334 1039 1527 1083 iocunda
1559 1042 1643 1083 aut

151 1109 404 1154 necessaria
441 1112 562 1153 sunt.
937 1123 941 1125 ·

223 1179 410 1222 Terram
444 1179 638 1223 alienam
677 1179 962 1237 philosophia
992 1143 1137 1237 exigit
1176 1182 1224 1222 et
1253 1194 1382 1222 suam
1412 1179 1642 1222 interdum

149 1249 345 1293 alienam
365 1249 488 1301 facit,
508 1249 645 1293 immo
672 1250 865 1292 alienam
893 1249 1005 1293 facit
1032 1264 1172 1301 suam,
1197 1252 1244 1293 et
1273 1249 1399 1293 nullo
1426 1264 1642 1328 umquam

92 1338 134 1373 15
150 1322 373 1379 gratiatur
397 1320 544 1364 exilio.
606 1320 705 1364 Hoc
736 1324 805 1364 est
834 1320 954 1378 quod
983 1320 1250 1364 domesticas
1279 1323 1326 1363 et
1349 1335 1464 1377 quae
1494 1320 1642 1363 carnis

150 1393 260 1435 sunt
301 1391 448 1449 abigit
491 1391 815 1435 sollicitudines
864 1394 918 1434 ut
967 1391 1111 1442 homo,
1141 1393 1267 1434 totus
1314 1390 1643 1448 quodammodo

150 1475 308 1505 uersus
354 1461 403 1504 in
452 1461 675 1519 spiritum,
716 1476 848 1505 omne
900 1461 1022 1519 quod
1081 1461 1329 1519 sapientiae
1386 1460 1642 1518 profectum

150 1531 352 1590 impedit,
379 1534 559 1590 reputet
588 1532 813 1585 alienum;
853 1531 1021 1589 ubique
1051 1534 1205 1574 tamen
1235 1531 1356 1574 domi
1392 1535 1439 1575 et
1474 1531 1642 1588 ubique

151 1601 200 1645 in
238 1602 400 1660 patria,
434 1602 541 1659 quia
574 1602 742 1659 ubique
776 1601 974 1645 locorum
1005 1601 1128 1659 apud
1159 1616 1206 1645 se
1238 1604 1285 1645 et
1318 1602 1485 1659 ubique
1519 1601 1641 1659 apud

92 1696 138 1728 ,φ
153 1673 422 1731 sapientiam
442 1676 753 1717 commoratur.
815 1673 875 1716 Et
894 1672 1014 1716 forte
1039 1673 1127 1717 huc
1147 1673 1452 1730 patriarcham
1473 1672 1644 1716 inuitat

152 1743 387 1795 Dominus,
421 1743 529 1786 dum
561 1758 663 1786 eum
696 1743 820 1786 exire
854 1742 911 1786 de
945 1746 1068 1786 terra
1099 1746 1146 1786 et
1180 1743 1236 1786 de
1266 1743 1532 1801 cognatione
1562 1757 1645 1786 sua

151 1813 381 1872 praecipit,
406 1816 460 1857 ut
491 1813 541 1856 in
574 1813 936 1872 peregrinatione
970 1813 1207 1871 proficiens
1238 1813 1566 1871 multiplicetur
1595 1813 1644 1856 in

150 1886 331 1942 gentem
351 1898 562 1942 magnam
588 1883 821 1941 ipsamque
850 1886 1020 1927 terram
1046 1883 1259 1940 adquirat
1287 1882 1482 1927 feliciter
1508 1898 1644 1941 quam

152 1954 381 2011 relinquit,
407 1953 517 1996 dum
543 1953 602 1996 ad
632 1953 914 1997 uocationem
942 1953 1190 2011 sapientiae
1213 1953 1365 1997 omnia
1392 1968 1506 2011 quae
1536 1957 1645 1997 sunt

92 2044 136 2079 ²5
153 2024 383 2067 mundana
401 2024 691 2081 contempnit.
751 2023 986 2081 Siquidem
1015 2024 1164 2067 uirtus
1193 2024 1420 2068 modestae
1449 2039 1644 2081 pauper-

151 2094 263 2138 tatis
301 2094 515 2138 exercitio
553 2094 712 2138 crescit
751 2097 798 2137 et
832 2093 1055 2138 fortitudo
1088 2093 1267 2138 facilius
1298 2093 1473 2136 diuitiis
1508 2108 1644 2150 quam

150 2164 380 2208 laboribus
418 2168 717 2222 expugnatur.
790 2163 879 2217 Qui
910 2178 1018 2207 uero
1047 2164 1096 2206 in
1126 2164 1391 2221 cognatione
1420 2167 1644 2220 tempora-

150 2233 276 2284 lium,
307 2233 471 2290 quibus
507 2233 834 2290 quodammodo
866 2233 1096 2290 ingenitus
1129 2236 1208 2283 est,
1244 2233 1402 2290 pedem
1437 2233 1508 2276 sui
1542 2233 1645 2290 figit

153 2302 351 2353 affectus,
380 2302 523 2346 seruit
557 2305 604 2346 et
636 2303 889 2345 minoratur
924 2305 970 2345 et
998 2302 1098 2345 iure
1126 2302 1314 2346 dominii
1344 2302 1537 2346 feliciter
1565 2303 1643 2346 ad—

92 2392 139 2428 30
154 2372 399 2430 quiruntur
417 2372 567 2415 omnia
587 2387 702 2430 quae
720 2372 879 2415 mundi
898 2372 1045 2416 cordis
1064 2372 1298 2416 affectione
1324 2373 1453 2430 quasi
1479 2373 1645 2416 mentis

155 2472 177 2508 8
203 2482 275 2513 eoeo
292 2470 422 2516 inquit-
442 2470 484 2505 Α)
604 2482 627 2516 9
652 2470 842 2516 futurum]
862 2470 945 2507 fieri
962 2470 1003 2506 M
1117 2481 1158 2508 11
1187 2470 1304 2516 scitu]
1322 2471 1423 2509 fertu
1437 2471 1479 2508 M
1599 2483 1643 2519 13

153 2517 409 2565 phylosophia
426 2518 467 2554 M
615 2527 656 2565 15
677 2524 762 2565 post
778 2518 1006 2555 domesticas
1020 2530 1090 2556 om.
1107 2522 1147 2556 et
1162 2518 1297 2555 C²AM¹

201 2613 224 2649 3
252 2603 379 2639 Grata
405 2603 501 2638 etc.-
537 2600 692 2638 Hieron.
718 2602 800 2636 adv.
827 2601 943 2636 Iovin.
974 2599 1016 2637 ii.
1042 2611 1066 2647 9
1095 2599 1243 2648 (Migne
1266 2602 1310 2639 P.
1334 2602 1379 2636 L.
1407 2600 1515 2637 xxiii.
1542 2602 1647 2647 298).

152 2648 1128 2694 6cumadiiutnaete.:Val.MaxV111.7ext6
1319 2650 1645 2695 8‚¹’9Socmtcum

151 2699 365 2735 oraculum·
391 2695 944 2739 cfiVaLMax.vii.,2ext.1.
1138 2698 1479 2743 9nemi.:nemetc
1505 2698 1642 2735 v.Val.

153 2744 366 2782 mviii.
394 2754 429 2790 7,
455 2747 531 2782 ext.
563 2747 597 2781 8.
775 2755 816 2790 13
846 2745 998 2780 Terram
1026 2746 1123 2782 etc.:
1149 2745 1208 2780 Ad
1235 2750 1372 2780 terram
1399 2747 1562 2781 alienam
1591 2747 1649 2793 (v.

151 2805 269 2841 supra
282 2794 357 2831 666
373 2795 419 2839 D)
437 2792 591 2829 transit.
742 2793 786 2830 18
810 2794 939 2839 ubique
956 2794 1056 2846 etc*
1082 2792 1210 2830 Multa
1226 2791 1324 2829 talia
1339 2793 1443 2839 apud
1460 2792 1644 2830 Senecam

152 2840 619 2936 iegggixt‘urifiliqcoetgssen
606 2852 735 2888 ipsum
750 2851 830 2878 non
847 2840 1011 2888 repperi.
1201 2851 1249 2877 20
1265 2843 1525 2888 patriarcham
1541 2844 1641 2880 etc-2

1452 2971 1515 3008 15¹

1657 1604 1745 1654 670
1767 1613 1799 1642 a
