1846 3262
71 211 145 253 721
164 197 193 242 d
542 200 805 247 IOANNIS
847 201 1366 247 SARESBERIENSIS
1467 202 1580 264 [Lm.
1596 210 1691 247 VIII

210 324 276 367 Re
311 323 490 381 publica
524 323 715 380 scripsit,
751 323 830 366 ubi
863 323 1064 381 loquitur
1096 324 1150 367 de
1184 324 1463 368 instituendo
1492 324 1694 382 principe

209 394 421 444 ciuitatis,
452 409 584 451 quem
615 394 724 437 dicit
754 394 963 437 alendum
1001 409 1095 437 esse
1124 394 1268 452 gloria
1298 397 1344 437 et
1374 397 1695 452 consequenter

64 482 143 523 722
164 482 194 511 a
210 467 526 507 commemorat
565 464 755 507 maiores
802 479 905 507 suos
948 465 1093 507 multa
1137 465 1252 507 mira
1292 468 1427 522 atque
1466 465 1695 522 praeclara

210 535 379 592 gloriae
400 534 646 591 cupiditate
668 534 837 578 fecisse.
899 535 1018 578 Huic
1047 550 1153 593 ergo
1179 535 1294 578 uitio
1321 550 1411 578 non
1436 535 1579 578 solum
1604 549 1695 578 non

211 605 479 648 resistebant
519 620 676 647 uerum
717 606 853 648 etiam
889 606 936 648 id
967 606 1255 649 excitandum
1289 609 1334 649 et
1366 605 1694 649 accendendum
1715 621 1733 655 5

211 687 305 718 esse
345 676 585 718 censebant
625 679 837 733 putantes
878 677 960 720 hoc
1001 677 1065 719 rei
1106 677 1310 734 publicae
1351 677 1574 734 expedire.
1639 675 1696 718 In

211 745 339 788 libris
390 761 564 803 quoque
617 747 930 804 Philosophiae
980 747 1097 790 idem
1149 747 1323 790 Tullius
1373 747 1488 790 hanc
1538 746 1697 789 intulit

211 816 509 859 uniuersalem
540 818 881 874 generalemque
917 818 1215 861 sententiam:
1260 818 1416 861 Honos
1452 817 1535 860 alit
1565 819 1697 867 artes,

212 889 258 929 et
278 887 423 944 gloria
439 888 744 930 accenduntur
763 903 918 931 omnes
939 889 997 931 ad
1018 888 1180 939 studia,
1194 889 1429 945 iacentque
1451 902 1504 931 ea
1524 901 1698 944 semper

213 973 326 1015 quae
360 958 479 1015 apud
513 973 711 1015 quosque
743 959 1069 1016 improbantur.
1133 959 1252 1002 Huic
1283 959 1426 1016 igitur
1456 956 1696 1015 cupiditati
1717 972 1759 998 10

211 1028 371 1071 melius
412 1031 480 1071 881,
520 1029 726 1072 resistere
767 1029 863 1072 sine
914 1030 1198 1073 dubitatione
1240 1045 1374 1087 quam
1415 1028 1592 1082 cedere3
1641 1029 1696 1071 ut

213 1098 331 1141 enim
353 1099 418 1141 ait
439 1098 597 1141 beatus
618 1099 901 1157 Augustinus
930 1100 977 1142 in
1003 1100 1119 1143 libro
1142 1100 1208 1143 De
1231 1099 1430 1144 Ciuitate
1452 1099 1548 1150 Dei,
1569 1100 1698 1141 tanto

213 1170 400 1227 quisque
437 1172 504 1212 est
541 1169 635 1212 Deo
672 1170 870 1221 similior,
907 1174 1076 1228 quanto
1109 1174 1155 1214 et
1195 1171 1253 1213 ab
1288 1171 1370 1213 hac
1411 1168 1700 1212 immunditia

213 1240 435 1283 mundior.
512 1240 636 1293 Quae
667 1240 715 1282 in
740 1241 823 1283 hac
850 1241 948 1284 uita
976 1241 1059 1284 etsi
1090 1256 1181 1284 non
1209 1240 1416 1283 funditus
1446 1239 1700 1282 eradicatur

215 1326 272 1354 ex
292 1311 433 1361 corde,
450 1311 556 1367 quia
571 1311 682 1354 bene
699 1311 981 1368 proficientes
998 1311 1170 1355 animos
1191 1314 1412 1368 temptare
1432 1325 1523 1353 non
1543 1311 1698 1362 cessat,
1719 1322 1759 1356 15

215 1382 373 1424 saltem
423 1381 646 1438 cupiditas
696 1381 864 1439 gloriae
913 1385 1150 1440 superetur
1200 1381 1436 1425 dilectione
1486 1380 1698 1423 iustitiae.

167 1455 197 1494 b
216 1452 335 1495 Nam
371 1453 523 1495 sanius
558 1452 684 1495 uidet
716 1452 792 1509 qui
823 1455 869 1495 et
898 1468 1093 1496 amorem
1124 1453 1271 1495 laudis
1299 1451 1465 1495 uitium
1500 1465 1594 1494 esse
1629 1464 1699 1494 co-

214 1523 400 1580 gnoscit.
458 1522 554 1566 Nec
603 1523 740 1566 solius
789 1523 837 1565 id
877 1523 1134 1581 Augustini,
1166 1523 1244 1566 sed
1284 1523 1421 1566 etiam
1461 1521 1698 1579 gentilium

215 1594 440 1636 sententia
471 1596 539 1636 881,
559 1593 748 1651 gloriam
774 1594 889 1637 hanc
919 1594 1058 1637 nichil
1089 1594 1213 1637 aliud
1243 1608 1337 1637 esse
1363 1607 1498 1650 quam
1522 1591 1699 1635 uentosi

214 1664 539 1721 quodammodo
579 1664 765 1721 spiritus
803 1667 1024 1708 tumorem
1061 1664 1187 1708 fumo
1227 1663 1519 1707 simillimum.
1579 1661 1698 1704 Nam
1721 1674 1764 1700 πο

215 1737 261 1777 et
286 1734 439 1777 fumus
463 1734 691 1778 oculorum
720 1734 933 1778 obtundit
959 1735 1111 1786 aciem,
1133 1738 1179 1778 et
1199 1749 1287 1792 quo
1315 1733 1459 1791 magis
1483 1731 1698 1783 ascendit,

215 1805 349 1848 citius
385 1805 559 1858 deficit3
604 1808 650 1848 et
685 1820 773 1862 quo
813 1805 958 1863 magis
993 1805 1195 1856 deicitur,
1230 1804 1422 1862 amplius
1458 1803 1702 1855 solidatur;

215 1891 316 1919 cum
342 1875 461 1918 enim
486 1875 544 1918 ad
571 1875 746 1919 excelsa
769 1876 1038 1933 peruenerit,
1060 1875 1298 1919 euanescit.
1359 1874 1496 1917 Recte
1521 1872 1701 1930 quidem

216 1961 268 1990 eo
289 1946 407 2003 quod
427 1961 455 1988 a
475 1946 676 2003 principe
691 1946 832 1989 totius
847 1946 1067 1990 uanitatis
1086 1946 1232 1989 traxit
1252 1945 1484 2003 originem.
1545 1943 1702 1987 Nimio

216 2017 287 2060 sui
314 2017 557 2074 capiuntur
584 2031 733 2060 amore
760 2017 849 2074 qui,
880 2017 988 2060 dum
1015 2017 1157 2060 nubes
1185 2019 1231 2060 et
1257 2015 1411 2058 inania
1439 2016 1625 2072 captant
1654 2015 1702 2057 et
1720 2025 1763 2060 ²5

215 2088 363 2130 nescio
414 2087 523 2144 quid
563 2087 611 2129 in
651 2087 777 2130 inani
824 2087 1016 2130 solidum
1057 2086 1390 2145 apprehendere
1439 2084 1702 2137 moliuntur,

217 2157 546 2200 obliuiscuntur
575 2157 658 2208 sui,
688 2172 789 2201 cum
818 2161 970 2201 tamen
998 2157 1137 2201 nichil
1164 2157 1289 2200 aliud
1319 2170 1454 2213 quam
1486 2170 1533 2198 se
1563 2154 1704 2198 oculis

174 2243 199 2273 c
218 2230 517 2272 contueantur
555 2228 735 2285 iniquis.
815 2228 992 2272 Nolunt
1038 2228 1158 2272 enim
1207 2226 1540 2285 apprehendere
1585 2224 1704 2283 quod

218 2301 337 2350 sunt,
368 2302 413 2341 et
449 2298 561 2341 illud
596 2298 655 2341 ad
687 2299 1043 2342 emendationem
1078 2313 1187 2342 uero
1218 2297 1386 2341 iudicio
1416 2296 1597 2351 intueri,
1627 2295 1705 2340 sed

219 2438 240 2465 2
266 2440 347 2466 esse
364 2428 546 2465 alendum
563 2426 612 2464 A¹
749 2437 769 2473 7
795 2425 1051 2474 phylosophia
1069 2426 1110 2462 M
1242 2436 1266 2473 9
1290 2435 1424 2462 omnes
1439 2423 1707 2461 accenduntur

218 2476 266 2511 Al
390 2487 434 2512 10
457 2475 594 2523 igitur]
613 2487 705 2522 ergo
722 2474 763 2510 M
888 2477 930 2511 18
956 2475 1056 2511 solus
1074 2473 1240 2510 OBASM
1376 2483 1421 2509 22
1444 2477 1528 2519 post
1542 2470 1708 2509 deicitur

219 2527 304 2561 add.
324 2535 367 2561 8ο
385 2524 442 2560 M²
587 2526 634 2560 26
659 2523 920 2570 aprehendere
939 2523 964 2560 S
1110 2524 1154 2559 28
1179 2521 1441 2569 aprehendere
1461 2520 1486 2557 S

270 2643 291 2678 8
317 2643 444 2678 Honos
460 2643 557 2678 etc.z
586 2652 634 2678 ex
650 2639 727 2677 Cic.
749 2641 852 2677 Tusc.
871 2642 979 2686 Disp.
995 2638 1020 2677 i.
1038 2649 1059 2675 2
1080 2638 1098 2686 ξ
1117 2649 1140 2684 4
1159 2638 1257 2675 citat
1272 2637 1522 2685 Augustinus.
1633 2674 1636 2678 ,
1663 2646 1708 2674 10

221 2691 321 2726 Huic
338 2692 455 2735 igitur
469 2692 541 2726 etc.
560 2701 678 2735 usque
697 2688 746 2725 ad
765 2690 952 2724 iustitiae:
977 2700 1010 2723 v.
1035 2687 1133 2735 Aug.
1156 2689 1199 2723 de
1225 2689 1262 2724 C.
1288 2688 1334 2722 D.
1355 2698 1389 2724 v.
1413 2696 1466 2731 14.
1664 2695 1708 2730 19

219 2739 376 2784 yloriam
394 2739 490 2775 etc.:
517 2738 566 2774 cf.
582 2737 697 2783 Verg.
719 2739 812 2773 Aen.
836 2736 887 2773 xi.
911 2738 1006 2781 7083
1033 2735 1126 2772 Hor.
1152 2737 1226 2782 Ep.
1247 2734 1289 2772 ii.
1310 2745 1340 2770 1.
1361 2743 1452 2779 1772
1479 2733 1578 2770 Stat.
1600 2733 1707 2769 Theb.

222 2797 258 2821 x.
272 2795 350 2829 711,
363 2795 444 2829 712.
542 2796 584 2822 21
613 2787 798 2822 oculorum
812 2786 979 2821 obtundit
990 2785 1104 2819 aciem
1118 2796 1126 2820 ε
1154 2782 1207 2820 818
1221 2782 1384 2820 delente
1397 2781 1494 2818 Plin.
1506 2782 1593 2817 Nat.
1607 2780 1706 2816 Hist.

221 2832 314 2870 xxii.
333 2843 390 2877 70.
554 2844 599 2879 23
626 2834 751 2869 Recte:
777 2845 827 2869 sc.
845 2833 949 2869 fumo
968 2833 1211 2879 comparatur
1228 2830 1363 2879 gloria.
1526 2836 1570 2875 25
1596 2828 1707 2865 nubes

221 2886 254 2916 et
270 2882 404 2917 inania
421 2886 592 2928 captant:
619 2894 652 2918 v.
673 2881 765 2919 Hor.
783 2883 830 2918 A.
847 2882 890 2918 P.
909 2891 989 2927 230.

334 2953 399 2995 246
