1846 3262
127 224 230 257 car.
246 210 351 273 xm]
647 211 1093 258 POLICRATICVS

126 332 261 377 rebus
279 332 587 377 aeclesiasticis
612 333 780 392 legitur
798 334 1022 378 attributa
1042 334 1246 379 facultas
1306 333 1437 378 Esset
1454 334 1613 392 utique

125 417 261 447 uerae
306 403 537 461 religionis
583 404 812 456 indicium,
852 406 892 449 si
939 406 998 449 ab
1042 406 1166 450 illius
1208 405 1274 449 rei
1319 405 1613 463 dispositione

126 476 431 531 temperarent
462 489 597 531 quam
628 475 727 527 sibi,
757 475 951 520 Domino
980 476 1257 534 prohibente,
1287 478 1483 520 tractare
1522 489 1613 519 non

1632 235 1721 286 695
1741 243 1772 272 a

126 544 244 588 licet.
303 544 393 588 Sed
428 559 510 589 nec
541 544 597 588 de
632 546 804 604 rapinis
836 549 943 602 (non
973 547 1073 591 dico
1104 547 1388 591 ecclesiarum
1423 546 1502 590 sed
1532 560 1614 590 nec
1631 547 1662 586 b

89 632 110 666 5
128 629 508 672 quorumcumque
537 615 756 673 fidelium)
787 631 952 660 munus
981 617 1304 675 hospitalitatis
1336 616 1614 674 implendum

127 685 335 736 arbitror,
354 685 462 742 quia
496 700 658 743 panem
687 687 954 746 sacrilegum
985 687 1083 731 odit
1114 687 1238 731 Deus
1267 690 1314 731 et
1348 690 1617 745 aspernatur

128 755 377 800 oblationes
414 770 530 813 quae
568 757 821 801 offeruntur
860 773 918 801 ex
952 758 1171 816 sanguine
1206 761 1264 810 et,
1302 759 1511 816 quotiens
1546 757 1615 800 in-

129 827 319 870 uoeatur
351 840 381 869 a
411 826 591 878 talibus,
621 827 794 872 claudit
825 842 957 871 aures
990 843 1095 871 suas
1126 831 1181 872 ut
1212 843 1303 872 non
1334 831 1523 886 pateant
1558 827 1617 871 ad

129 911 283 956 preces
321 911 485 940 eorum.
563 896 634 941 De
672 897 758 951 his,
796 913 912 955 quae
951 898 1000 941 in
1039 898 1248 942 fraudem
1286 899 1489 943 iustitiae
1528 899 1615 943 Dei

73 985 116 1010 ιο
130 967 477 1012 committuntur
502 981 531 1010 a
548 967 729 1020 talibus,
749 967 807 1011 ad
833 983 1044 1026 praesens
1068 983 1353 1026 nequaquam
1377 984 1523 1013 sermo
1549 973 1618 1013 est

129 1037 393 1089 institutus3
422 1037 528 1081 licet
553 1038 736 1082 omnino
759 1038 965 1095 iniquum
992 1038 1054 1082 sit
1080 1038 1199 1096 quod
1227 1053 1379 1083 amore
1401 1039 1616 1097 pecuniae

129 1107 268 1151 illecti
287 1107 504 1158 ecclesias,
525 1122 636 1164 quas
656 1108 852 1165 episcopi
871 1108 1142 1159 clauserunt,
1162 1108 1384 1166 aperiunt.
1446 1108 1617 1153 Diuina

128 1176 357 1234 suspensis
380 1176 619 1228 celebrant,
640 1177 864 1235 sepeliunt
888 1181 1091 1222 mortuos
1119 1193 1232 1236 quos
1259 1178 1391 1223 reicit
1419 1179 1617 1223 Ecclesia

130 1249 179 1291 et
211 1246 348 1290 semel
378 1246 428 1289 in
458 1261 579 1290 anno
609 1246 786 1291 faciunt
815 1251 870 1292 ut
904 1251 1002 1292 toto
1032 1263 1151 1292 anno
1182 1263 1394 1293 erroneus
1425 1250 1618 1308 populus

71 1337 87 1363 ι
93 1338 114 1373 5
131 1316 356 1362 aduocem
372 1318 594 1362 Ecclesiae
608 1318 897 1363 obsurdescat
912 1333 922 1372 3
954 1321 1001 1363 et
1021 1319 1099 1376 qui
1119 1319 1342 1364 coherceri
1362 1334 1454 1364 non
1469 1324 1618 1378 potest

131 1387 360 1432 emendari
393 1388 682 1446 contempnit.
752 1388 1046 1433 Circumeunt
1084 1404 1191 1447 ergo
1230 1389 1447 1442 ecclesias,
1486 1390 1619 1434 colle-

129 1458 308 1516 giorum
327 1473 511 1502 suorum
537 1459 700 1502 merita
724 1463 1066 1517 praeconantur,
1089 1460 1356 1504 abolitiones
1378 1461 1618 1504 criminum

130 1531 328 1587 portant,
342 1531 390 1572 et
407 1529 636 1572 interdum
656 1530 919 1587 praedicant
938 1530 1223 1589 euangelium
1242 1545 1425 1583 nouum,
1445 1532 1618 1575 adulte-

131 1602 286 1644 rantes
318 1599 508 1643 uerbum
532 1599 629 1651 Dei,
653 1600 773 1658 quod
801 1601 1078 1644 annuntiant
1105 1615 1197 1644 non
1225 1601 1282 1644 ad
1314 1602 1510 1659 gratiam
1542 1602 1621 1646 sed

72 1687 116 1711 20
132 1670 192 1714 ad
221 1670 419 1728 pretium
442 1670 661 1722 uiuentes,
685 1670 744 1714 ad
769 1670 1051 1729 uoluptatem
1085 1685 1176 1715 non
1206 1671 1265 1715 ad
1293 1672 1546 1724 ueritatem,
1573 1676 1622 1716 et

132 1740 329 1792 tandem,
358 1755 460 1785 cum
495 1740 544 1783 in
579 1740 782 1784 latibulis
815 1756 916 1785 sero
944 1742 1232 1793 conueniunt,
1253 1742 1326 1786 die
1360 1742 1416 1786 de
1446 1742 1620 1786 uirtute

130 1811 270 1856 locuti
308 1811 485 1855 clunem
519 1811 698 1870 agitant
732 1826 881 1856 errore
914 1815 961 1856 et
991 1813 1145 1856 labore
1179 1816 1410 1857 nocturno.
1472 1814 1522 1858 Si
1557 1814 1622 1858 sic

130 1881 228 1926 itur
252 1881 311 1925 ad
338 1880 582 1933 Christum,
610 1881 754 1925 fallax
779 1885 826 1926 et
852 1897 972 1926 uana
992 1886 1061 1926 est
1075 1882 1281 1927 doctrina
1300 1887 1483 1942 patrum
1505 1899 1619 1942 quae

130 1956 279 1996 artam
318 1955 365 1996 et
402 1952 591 1995 arduam
631 1953 903 1996 monstrauit
942 1953 1064 1996 uiam
1104 1954 1278 1997 homini
1315 1954 1521 1998 tendenti
1561 1955 1620 1998 ad

73 2039 117 2074 ²5
131 2022 287 2066 uitam.
346 2020 463 2066 Cum
493 2036 602 2065 uero
630 2022 731 2066 istis
760 2022 958 2066 Ecclesia
985 2023 1261 2082 indignetur,
1292 2024 1407 2067 nulli
1436 2025 1619 2068 omnino

131 2092 318 2150 aequius
346 2095 686 2136 commonentur
711 2107 846 2150 quarn
876 2093 965 2135 uiri
995 2108 1101 2137 uere
1129 2094 1326 2152 religiosi
1353 2094 1402 2137 in
1429 2109 1620 2151 quorum

131 2162 347 2205 iniuriam
373 2162 483 2206 haec
508 2162 660 2206 omnia
678 2162 996 2206 refunduntur.
1057 2163 1298 2207 Succenset
1317 2165 1521 2222 populus,
1542 2165 1619 2208 sed

132 2232 366 2290 religiosae
380 2231 677 2289 professiones
692 2232 908 2276 aduersus
922 2233 1038 2276 hanc
1052 2234 1271 2291 ypocrisis
1290 2234 1435 2277 labem
1457 2235 1621 2278 iustius

133 2302 448 2346 amaricantur.
509 2302 615 2345 Non
635 2302 755 2345 enim
775 2303 858 2347 hoc
878 2302 1036 2347 fecisse
1056 2303 1271 2347 dicuntur
1289 2305 1522 2362 ypocritae
1541 2305 1619 2349 sed

74 2389 118 2422 30
135 2370 453 2415 Cistercienses
469 2374 550 2414 aut
565 2370 880 2416 Cluniacenses
894 2375 977 2415 aut
991 2373 1081 2426 alii,
1098 2388 1287 2430 quorum
1303 2374 1352 2417 hi
1367 2375 1619 2432 uentiloqui

137 2487 152 2513 1
182 2475 355 2512 atributa
372 2475 397 2511 S
480 2477 503 2512 6
528 2476 705 2513 dominus
721 2477 762 2513 M
850 2479 895 2515 16
919 2479 1100 2525 contemp
1101 2480 1170 2515 nat
1186 2477 1227 2515 0¹
1231 2477 1257 2515 S
1338 2479 1543 2518 Circueunt
1558 2480 1620 2518 AS

138 2526 180 2562 18
206 2523 483 2570 euuangelium
501 2524 564 2560 CA
706 2526 754 2562 28
779 2525 995 2573 hypocrisis
1012 2526 1109 2562 CBA

183 2627 202 2665 5
228 2619 513 2665 Ῑιοεμίιιῑίτατιζς.
539 2618 598 2654 Ad
614 2617 895 2674 llospitalarios
911 2618 1081 2666 respicit.
1246 2621 1270 2657 6
1292 2633 1429 2667 panem
1446 2623 1545 2659 etc.:
1572 2622 1621 2660 cf.

133 2666 237 2703 Isa.'
225 2678 252 2704 1.
275 2676 331 2711 14,
352 2675 417 2713 15;
442 2666 604 2703 Malach.
624 2666 648 2703 i.
669 2676 809 2713 7seqq.
924 2669 1047 2713 18,19
1071 2669 1427 2706 adulter-autentos
1452 2682 1484 2706 ν.
1499 2680 1520 2706 2
1538 2670 1621 2708 Cor.

134 2714 176 2751 ii.
177 2724 251 2799 017,
269 2714 317 2750 iv.
336 2725 369 2750 2.
504 2725 548 2751 21
577 2717 773 2751 deuirtute
790 2717 883 2752 etc:
909 2715 989 2751 IuV.
1007 2717 1083 2752 Sat.
1102 2715 1214 2760 ii.20,
1234 2727 1291 2753 21.
1428 2728 1475 2763 24
1498 2724 1622 2755 artam

263 2762 431 2799 wMatt
446 2761 509 2798 vii.
535 2772 591 2817 14.
732 2773 781 2808 30
803 2769 903 2799 uento
891 2765 1025 2810 ii:loqu
1050 2763 1132 2800 Hoc
1148 2764 1385 2810 vocabulum,
1403 2766 1503 2812 quod
1526 2766 1622 2803 alibi

134 2766 320 2856 scriptum
331 2821 409 2846 non
423 2810 588 2857 repperi,
601 2809 647 2846 de
657 2809 877 2847 hominibus
888 2814 1051 2848 uentosa
1062 2811 1307 2858 loquentibus
1317 2778 1623 2862 intellegendum

134 2860 215 2900 est;
246 2858 295 2944 (g.
310 2860 415 2894 uenti
402 2870 540 2903 mona-v,
558 2859 790 2905 uaniloquua.
840 2858 967 2895 Simili
991 2871 1103 2897 sensu
1124 2862 1293 2908 windbaq
1315 2863 1483 2899 utuntur
1502 2862 1623 2911 Angli

134 2917 250 2944 recen
286 2917 382 2944 ores.

1448 2975 1514 3010 199

1638 1336 1663 1366 c

1636 2241 1667 2282 d
