1846 3262
100 233 197 268 cir.
219 222 335 284 xxv]
626 223 1065 270 POLICRATICVS

100 346 328 391 alienum?
387 345 521 390 Liber
539 346 660 391 enim
679 346 764 399 hic,
784 349 837 390 ut
858 346 1046 404 quilibet
1066 360 1158 399 suo,
1178 345 1263 389 tibi
1283 345 1462 389 domino
1482 347 1575 388 stat

100 419 182 460 aut
220 417 354 460 cadit.
426 417 732 461 Multitudinis
770 416 1003 474 imperitae
1032 430 1123 459 non
1167 415 1359 459 formido
1397 414 1574 464 iudicia,

100 486 212 530 meis
230 490 381 530 tamen
396 502 503 545 rogo
522 490 709 545 parcant
727 486 961 544 opusculis,
974 486 1058 530 etsi
1073 486 1261 530 curiales
1273 486 1365 529 sint
1379 485 1574 543 quidam,

100 556 207 614 quia
225 556 352 601 libris
371 572 523 601 eorum
542 572 787 614 numquam
807 556 1018 614 derogaui
1045 556 1094 599 in
1122 556 1283 613 aliquo.
1343 554 1394 598 Si
1422 569 1574 612 preces

62 641 82 675 5
100 640 221 670 meas
260 626 415 670 audire
464 627 701 678 noluerint,
739 626 1040 684 improbitatis
1088 626 1252 670 iudicio
1300 625 1575 669 tenebuntur

100 695 306 749 obnoxii3
336 695 452 753 quia,
472 699 525 740 ut
549 696 616 740 ait
645 696 877 746 Martialis,
907 696 1106 753 improbe
1132 695 1243 739 facit
1263 695 1340 752 qui
1359 695 1407 737 in
1427 694 1572 738 alieno

99 764 215 809 libro
234 765 489 824 ingeniosus
509 768 589 810 est.
650 765 774 819 Quae
794 768 944 809 autem
965 765 1020 808 de
1040 764 1282 808 curialibus
1301 764 1433 822 nugis
1453 764 1574 808 dicta

100 837 219 887 sunt,
249 835 298 878 in
328 835 452 879 nullo
487 850 639 879 eorum
669 835 747 879 sed
782 835 901 878 forte
930 835 979 878 in
1006 850 1077 878 me
1116 837 1197 878 aut
1225 835 1314 878 mei
1353 834 1575 878 similibus

100 904 394 962 deprehendi3
421 907 466 948 et
480 905 611 963 plane
624 905 757 948 nimis
772 908 872 948 arta
886 904 982 962 lege
996 904 1285 962 constringor,
1301 904 1340 947 si
1355 904 1573 961 meipsum

42 989 84 1014 10
99 978 146 1018 et
165 975 330 1019 amicos
348 975 566 1033 castigare
585 978 631 1018 et
651 974 883 1018 emendare
902 989 992 1017 non
1017 974 1133 1018 licet.
1195 973 1399 1017 Profecto
1419 973 1496 1031 qui
1516 973 1574 1016 ad

99 1045 208 1088 haec
238 1045 419 1103 rugabit
447 1059 588 1096 nares,
620 1043 814 1088 frontem
844 1044 1088 1095 contrahet,
1114 1046 1195 1087 aut
1224 1043 1384 1087 faciem
1413 1043 1574 1087 rubore

99 1114 264 1158 uestiet
282 1118 363 1158 aut
380 1114 547 1172 pallore
566 1114 821 1165 confundet,
850 1114 976 1157 cuius
1005 1114 1126 1157 labia
1153 1114 1475 1157 contrahentur
1493 1116 1576 1157 aut

99 1183 274 1237 salient,
288 1184 562 1228 toxicabitur
575 1184 742 1242 lingua,
754 1198 900 1242 genua
914 1186 1118 1234 trement,
1138 1198 1297 1226 manus
1315 1183 1575 1240 proteruiet,

99 1253 294 1311 seipsum
314 1253 447 1312 nugis
465 1254 631 1297 nostris
650 1254 884 1297 conuincet
903 1253 1160 1298 obnoxium.
1218 1252 1276 1295 In
1302 1253 1464 1310 quibus
1483 1252 1576 1295 fuit

43 1341 84 1376 15
99 1323 316 1381 propositi
349 1338 523 1381 semper
551 1338 579 1367 a
607 1323 740 1381 nugis
766 1323 824 1366 ad
854 1323 970 1366 bona
999 1322 1190 1366 transire
1220 1322 1336 1366 seria
1365 1326 1411 1366 et
1439 1322 1498 1373 ad
1527 1322 1575 1365 id

99 1392 218 1451 quod
229 1393 355 1437 decet
374 1395 455 1436 aut
468 1393 649 1451 prodest
663 1393 898 1436 instituere
912 1393 1068 1436 uitam.
1130 1392 1218 1446 Qui
1239 1394 1389 1435 autem
1404 1392 1574 1435 iustum

98 1463 429 1521 reprehensioni
448 1463 593 1507 locum
612 1463 789 1514 uiderit,
809 1478 862 1506 ea
880 1477 937 1506 ex
956 1463 1143 1507 caritate
1158 1462 1343 1506 licenter
1357 1465 1515 1506 utatur
1529 1466 1574 1506 et

100 1532 406 1577 emendatione
425 1548 525 1577 mea
543 1533 752 1591 adquirat
772 1533 857 1576 sibi
878 1536 924 1576 et
943 1533 1167 1590 possideat
1178 1532 1425 1590 praemium
1438 1532 1573 1576 uitae.

101 1602 204 1647 Scio
237 1603 356 1646 enim
388 1603 494 1660 quia
524 1603 573 1646 in
606 1603 891 1660 multiloquio
925 1606 1156 1660 peccatum
1189 1617 1280 1646 non
1312 1602 1458 1655 deest;
1498 1602 1575 1646 sed

42 1693 86 1718 ιο
101 1672 247 1716 inuito
270 1675 316 1716 et
334 1673 384 1716 in
404 1672 591 1717 caritate
611 1673 695 1716 Dei
721 1673 935 1716 exhortor
958 1672 1166 1716 lectorem
1188 1672 1306 1729 quod
1332 1687 1502 1716 memor
1527 1672 1576 1715 in

100 1742 376 1787 orationibus
405 1743 498 1786 suis
528 1743 740 1800 impetret
771 1745 824 1785 ut
859 1742 1000 1785 Filius
1039 1742 1125 1785 Dei
1165 1741 1262 1784 uiui
1299 1745 1345 1785 et
1374 1742 1576 1800 Virginis

99 1812 390 1856 intemeratae
410 1812 532 1855 Deus
551 1813 683 1855 homo
703 1811 964 1855 manifestet
983 1812 1176 1868 seipsum
1197 1814 1243 1854 et
1268 1811 1417 1868 palam
1437 1811 1576 1855 faciat

99 1882 223 1926 uiam
235 1897 324 1940 qua
336 1882 464 1926 nobis
484 1882 777 1926 incedendum
793 1885 860 1925 est
880 1882 927 1924 in
947 1881 1223 1939 beneplacito
1242 1895 1322 1924 suo
1343 1884 1389 1925 et
1408 1881 1576 1939 dirigat

100 1953 150 1996 in
170 1966 222 1996 eo
240 1966 417 2010 gressus
436 1955 624 1997 nostros·

43 2054 86 2088 ²5
210 2047 431 2080 EXPLICIT
460 2046 796 2079 POLICBATIGVS
826 2045 1058 2079 IOHANNIS
1087 2045 1149 2076 DE
1179 2044 1476 2078 SABESBERIE.

104 2140 119 2166 1
149 2158 158 2173 ‚
180 2131 224 2166 18
244 2134 328 2175 pose
343 2131 382 2166 et
398 2131 483 2165 add.
501 2129 547 2166 de
565 2128 590 2165 S
733 2137 781 2164 20
803 2129 955 2164 exortor
971 2126 996 2163 S
1119 2127 1236 2173 quod]
1254 2138 1328 2174 quo
1347 2128 1371 2165 S
1530 2137 1573 2174 25

140 2176 280 2232 xplicit
291 2176 548 2231 Policraticus·
555 2175 739 2214 Iohannis
756 2176 802 2212 de
819 2173 1049 2230 Saresberie.
1081 2174 1280 2229 Liber-viii
1298 2175 1382 2212 CB:
1408 2174 1578 2230 Explicit

131 2225 348 2279 olieraticus
389 2224 569 2261 Iohannis
608 2224 655 2260 de
694 2223 900 2260 Saresbirie
939 2223 974 2258 A
1014 2222 1239 2266 (Saresbina
1276 2222 1366 2269 A²):
1406 2222 1578 2270 Explicit

101 2237 351 2330 {oberaticus
405 2284 447 2309 er
471 2271 710 2326 Salomonem
734 2271 802 2325 sub
828 2271 978 2325 Abbate
1002 2270 1250 2325 Robeitoll⁰
1278 2273 1371 2307 Tum
1394 2273 1435 2325 fn
1463 2283 1578 2326 manu

101 2319 458 2414 m'ffiufssosffl
474 2319 675 2421 ἲῗὲἒῗίζθῖ
691 2318 1301 2412 Zsssssstiffgnssisseguffuhfflfssffit
1310 2318 1577 2403 “352⁰‘ssssssssssss

101 2415 248 2453 Thoma
279 2415 538 2470 cantuariensi
570 2426 758 2461 episcopo.
781 2460 789 2468 ·
821 2415 988 2468 „sidditur
1009 2426 1131 2468 ‚manu
1164 2415 1273 2468 qtr'am
1303 2416 1498 2468 recent-iore
1525 2413 1576 2451 Et

101 2466 234 2510 postea
247 2462 323 2500 fuit
340 2462 549 2509 Episcopus
565 2462 809 2499 CarnoteiiSis
825 2474 867 2497 in
887 2461 1054 2498 Francia.
1103 2459 1155 2497 Et
1171 2461 1258 2498 ideo
1279 2473 1302 2497 a
1326 2461 1498 2508 pluribus
1522 2462 1576 2498 sic

102 2511 302 2558 allegatur.
331 2509 573 2547 carnotensis
605 2509 647 2545 in
678 2521 746 2545 suo
778 2508 1030 2555 policraticon
1062 2508 1118 2546 sic
1151 2508 1246 2545 dicit
1278 2509 1350 2545 tali
1383 2509 1481 2545 libro
1512 2510 1576 2546 uel

102 2558 238 2595 taliter
264 2558 307 2594 in
333 2557 407 2594 tali
432 2557 542 2595 libro.
592 2559 719 2593 Etiam
744 2559 900 2593 additur
920 2569 1034 2593 manu
1061 2569 1151 2593 saec.
1180 2568 1227 2592 :tv
1250 2559 1340 2594 med.
1365 2556 1575 2594 Richardus

101 2606 283 2644 Ramseus
306 2605 472 2652 possidet
488 2605 548 2641 M:
575 2603 745 2651 Explicit
763 2604 808 2642 S:
832 2603 947 2640 viiiuss.
997 2603 1169 2650 Explicit
1192 2603 1291 2641 liber
1313 2603 1576 2651 policraticon.

101 2666 259 2691 vaerrus
271 2653 312 2691 L.
325 2655 410 2690 add.
425 2653 465 2689 8²
480 2654 646 2698 (vaerrus
659 2652 698 2688 L.
715 2658 775 2696 est,
788 2658 829 2688 ut
840 2653 933 2688 mihi
943 2654 1118 2687 indicavit
1129 2664 1159 2687 v.
1171 2654 1208 2688 d.
1220 2653 1402 2688 Falconer
1414 2652 1573 2696 Madan,

102 2702 142 2738 L.
161 2702 335 2744 Surreau,
356 2703 552 2738 canonicus
567 2701 872 2746 Rothomayensis,
889 2702 994 2736 cuius
1010 2701 1101 2735 liber
1122 2704 1200 2735 erat
1216 2712 1244 2735 c.
1268 2700 1384 2747 1420.)
1432 2701 1483 2736 In
1500 2703 1574 2738 cod.

102 2751 133 2786 S
146 2761 279 2786 manue
293 2761 383 2785 saec.
401 2751 464 2784 :civ
478 2760 608 2785 uersus
622 2749 769 2784 addidit
782 2759 872 2795 quos
889 2749 931 2783 in
947 2748 1144 2796 amendice
1161 2748 1350 2786 subiunxi.

98 2879 129 2916 P
147 2831 171 2868 6
194 2833 403 2868 Martialis:
425 2830 467 2867 in
484 2829 603 2878 praef.
619 2829 669 2868 ad
684 2830 815 2877 Epiyr.
831 2827 911 2867 Lib.
929 2827 954 2866 i.
1111 2839 1156 2877 19
1179 2830 1220 2865 in
1237 2830 1463 2877 multiloquio
1478 2831 1575 2868 etc.:

130 2890 205 2916 τον.
222 2890 257 2915 x.
278 2889 332 2924 19.

164 2950 262 2972 vm
283 2949 314 2972 n
804 2951 827 2990 3
856 2950 876 2981 1
1399 2951 1469 2990 4²5

1590 219 1670 260 822
1689 220 1719 259 b

1591 702 1617 732 C

1591 1469 1621 1509 d
