1846 3262
81 210 160 252 727
179 201 210 241 b
566 199 831 245 IOANNIS
872 199 1395 244 SARESBERIENSIS
1492 198 1601 260 [12113.
1618 211 1712 244 vm

225 323 421 367 decimae
442 338 616 381 semper
630 323 719 366 diei
735 322 1055 366 abstinentiam
1071 322 1166 365 1000
1182 321 1507 366 efficacissimae
1528 325 1574 366 et
1594 323 1712 366 salu-

224 394 444 437 berrimae
471 393 748 437 medicinalis
775 407 908 437 curae
935 392 1163 444 indixisse,
1187 407 1268 436 nec
1297 391 1427 436 facile
1457 407 1596 451 posse,
1623 393 1712 437 nisi

223 464 515 522 corruptioris
555 467 746 507 naturae
787 463 937 514 fuerit,
970 463 1137 506 morbis
1168 463 1453 520 grauioribus
1485 464 1713 508 subiacere

224 535 301 592 qui
323 534 494 577 decima
515 549 691 591 quaque
711 533 783 577 die
804 533 862 576 ab
883 533 1004 576 omni
1026 533 1125 577 cibo
1147 533 1345 577 abstinet
1372 536 1453 577 aut
1477 533 1712 592 simplicis-

179 614 204 644 c
222 605 335 648 sima
356 604 478 647 dieta
498 604 714 662 transigit
734 604 890 647 uitam.
952 604 1071 647 Sunt
1087 604 1234 647 adhuc
1254 605 1333 662 qui
1353 606 1529 648 sextam
1550 605 1711 649 feriam
1731 618 1751 655 5

221 672 269 717 in
290 674 456 717 ieiunio
477 674 572 718 sine
593 674 692 717 cibo
712 674 969 731 transigant
984 674 1058 717 uel
1075 689 1126 717 eo
1143 676 1334 717 utantur
1349 675 1535 718 minimo
1552 689 1562 728 ;
1593 675 1712 733 quod

221 745 401 802 quidem
423 748 469 788 et
488 744 695 802 religioni
716 748 762 788 et
782 744 1096 796 incolumitati,
1118 744 1236 787 sicut
1256 745 1433 802 experti
1452 745 1713 803 loquuntur,

219 815 465 858 certissime
486 815 639 858 seruit.
701 814 860 858 Refert
877 814 1114 872 Pompeius
1130 815 1302 872 Trogus
1318 815 1438 872 quod
1455 816 1714 860 teterrimus

221 885 400 929 Siciliae
428 885 637 928 tirannus
668 885 910 936 Dionisius,
931 885 1039 928 dum
1064 885 1196 942 gulae
1224 888 1270 928 et
1293 885 1506 929 edacitati
1533 886 1714 930 deditus

219 959 329 1009 erat,
351 956 580 999 oculorum
601 956 754 999 lumen
778 956 990 999 amiserit.
1051 955 1205 999 Nichil
1230 956 1349 999 enim
1377 959 1446 1000 est
1475 956 1595 1014 quod
1619 971 1710 1001 cer·
1731 967 1775 993 ¹0

218 1027 380 1070 tiorem
402 1029 483 1069 aut
504 1026 706 1070 citiorem
737 1026 923 1070 inducat
947 1026 1184 1084 caliginem
1212 1026 1308 1085 iugi
1334 1027 1563 1085 ingluuie3
1593 1027 1712 1085 quia,

219 1100 273 1140 ut
313 1098 379 1140 ait
411 1097 725 1148 Portunianus,
756 1097 953 1140 edacitas
988 1097 1109 1141 cibos
1140 1097 1250 1140 terit
1279 1097 1357 1140 sed
1388 1097 1537 1141 oculos
1566 1101 1712 1143 uorat.

219 1168 434 1211 Galienus
454 1171 635 1211 auctore
650 1168 873 1211 Ieronimo
894 1167 1178 1211 doctissimus
1198 1167 1420 1226 interpres
1436 1168 1711 1227 Hypocratis

218 1239 329 1282 dicit
349 1239 397 1281 in
419 1239 700 1282 exortatione
724 1239 971 1282 medicinae
996 1238 1203 1290 athletas,
1224 1254 1415 1296 quorum
1439 1239 1538 1282 uita
1562 1242 1609 1283 et
1635 1255 1709 1284 ars

219 1309 378 1367 sagina
398 1311 477 1360 est,
497 1324 578 1352 nec
605 1309 760 1352 uiuere
784 1324 912 1366 posse
943 1324 1024 1353 nec
1051 1309 1131 1352 diu
1160 1324 1254 1352 esse
1281 1324 1424 1361 sanos,
1446 1310 1707 1368 animasque
1728 1322 1772 1358 15

169 1384 199 1425 d
221 1395 373 1424 eorum
394 1380 460 1422 ita
480 1379 620 1422 nimio
645 1380 863 1437 sanguine
892 1383 937 1423 et
961 1379 1171 1437 adipibus
1199 1380 1328 1437 quasi
1356 1380 1454 1424 luto
1479 1381 1708 1425 inuolutas

217 1450 356 1494 nichil
377 1453 523 1501 tenue,
544 1450 682 1493 nichil
703 1449 878 1503 celeste,
896 1450 974 1493 sed
995 1465 1169 1508 semper
1189 1451 1245 1494 de
1266 1451 1476 1494 carnibus
1502 1454 1548 1495 et
1576 1454 1709 1496 ructu

215 1521 412 1578 cogitare
428 1522 475 1563 et
486 1520 660 1563 uentris
675 1520 887 1578 ingluuie.
939 1521 1149 1578 Legimus
1165 1521 1301 1564 etiam
1319 1521 1534 1578 quosdam
1551 1521 1709 1565 morbo

215 1591 447 1635 articulari
476 1593 522 1634 et
548 1591 772 1649 podagrae
803 1591 1066 1635 humoribus
1097 1591 1352 1635 laborantes
1382 1592 1706 1650 proscriptione

215 1661 434 1703 bonorum
454 1661 513 1703 ad
537 1661 783 1718 simplicem
809 1676 1008 1705 mensam
1039 1664 1085 1705 et
1109 1677 1327 1720 pauperes
1351 1662 1471 1706 cibos
1502 1662 1706 1706 redactos
1726 1676 1770 1700 το

214 1731 517 1784 conualuisse3
562 1735 801 1775 caruerant
854 1733 973 1775 enim
1025 1733 1325 1776 sollicitudine
1380 1733 1705 1791 dispensandae

213 1802 372 1846 domus
403 1806 449 1845 et
478 1802 713 1860 epularum
743 1803 966 1861 largitate,
995 1818 1110 1860 quae
1141 1806 1187 1847 et
1216 1818 1377 1861 corpus
1407 1802 1628 1861 frangunt
1658 1806 1706 1847 et

214 1872 423 1915 animam.
483 1872 652 1915 Irridet
669 1872 854 1916 Oratius
868 1873 1122 1930 appetitum
1138 1873 1339 1917 ciborum
1355 1873 1433 1931 qui
1449 1873 1703 1931 consumpti

213 1942 476 1999 relinquunt
495 1943 816 2000 penitentiam:

331 2024 502 2081 Sperne
533 2024 812 2082 uoluptates;
852 2027 983 2069 nocet
1012 2028 1165 2083 empta
1194 2025 1345 2070 dolore
1375 2025 1597 2084 uoluptas.
1723 2042 1764 2083 η

212 2186 234 2222 3
261 2174 518 2222 corruptionis
535 2175 559 2212 S
658 2185 678 2220 7
699 2177 814 2230 prius
831 2177 871 2213 et
888 2187 956 2212 om.
975 2175 1016 2211 M
1114 2175 1351 2232 locuntur-M
1453 2186 1498 2213 10
1521 2178 1580 2214 est
1596 2176 1702 2214 enim

210 2225 244 2260 A
417 2235 458 2269 13
478 2229 564 2270 post
581 2223 773 2261 Ierommo
791 2226 876 2260 add.
894 2226 935 2262 et
953 2224 991 2260 M
1128 2227 1326 2271 ypocratis
1342 2224 1476 2261 CBSM
1564 2272 1572 2280 ι
1660 2235 1705 2272 14

210 2271 377 2309 allethas
395 2271 561 2308 CBASM
659 2283 719 2309 ars
736 2274 776 2310 et
793 2271 839 2308 A²
939 2281 980 2319 15
1007 2283 1117 2309 sanos
1134 2284 1214 2310 esse
1233 2273 1268 2308 A
1374 2284 1420 2320 23
1444 2273 1621 2310 horatius
1637 2272 1672 2309 A

260 2409 281 2444 8
323 2409 518 2453 Pompeius
538 2409 676 2453 Troqus
693 2409 764 2444 etc.
781 2421 789 2443 :
817 2407 899 2444 Hoc
921 2419 1048 2454 neque
1073 2407 1176 2454 apud
1194 2407 1386 2443 Iustinum
1402 2418 1451 2444 110
1481 2418 1527 2444 110
1543 2407 1636 2444 alibi
1655 2407 1705 2444 de

211 2454 393 2502 Dionysio
406 2458 605 2492 narratum
615 2455 763 2498 inveni;
779 2454 909 2492 forsan
923 2458 991 2492 aut
1001 2456 1101 2492 male
1114 2455 1308 2492 intellexit
1322 2458 1391 2492 aut
1403 2467 1466 2492 ma
1486 2467 1506 2492 0
1522 2455 1702 2492 meminit

211 2503 375 2540 Ioannes
401 2507 534 2540 noster
561 2503 663 2549 quod
688 2515 735 2540 ex
762 2503 885 2549 Trogo
914 2503 1097 2550 Pompeio
1126 2504 1174 2541 de
1195 2503 1378 2551 Dionysio
1407 2502 1555 2540 iuniore
1583 2504 1702 2540 refert

210 2551 380 2588 Iustinus
399 2552 490 2599 (xxi.
512 2561 529 2599 5
552 2554 570 2597 §
589 2553 628 2597 6)
647 2554 689 2587 in
706 2554 853 2588 macello
867 2558 1058 2597 Ρενείαοες
1083 2554 1178 2598 quod
1194 2564 1306 2588 emere
1326 2564 1400 2588 non
1411 2557 1567 2598 poterat,
1587 2553 1703 2588 oculis

209 2602 395 2636 deuorarme
578 2610 620 2636 12
646 2605 688 2636 ut
720 2602 774 2635 ait
806 2600 1083 2637 Por-tunianus:
1118 2600 1226 2636 Nihil
1258 2599 1477 2636 huiusmodi
1506 2601 1632 2637 exstat
1657 2599 1700 2635 in

210 2647 396 2684 Macrobii
414 2649 672 2684 Saturnalium
696 2648 978 2702 exemplaribus
1004 2660 1102 2694 quae
1126 2647 1242 2685 hodie
1259 2648 1466 2690 habemus;
1499 2648 1602 2684 unde
1626 2647 1699 2684 hoc

211 2708 360 2742 quoque
378 2708 424 2732 ex
443 2695 526 2733 1000
543 2696 671 2733 nescio
686 2708 761 2742 quo
775 2695 885 2732 istius
900 2696 1025 2743 operis
1035 2696 1174 2732 amisso
1188 2696 1430 2742 desumptum
1444 2707 1523 2733 esse
1537 2695 1702 2733 videtur.

213 2755 254 2789 13
285 2745 486 2780 Galienus:
512 2744 537 2780 1.
551 2755 582 2780 0.
603 2744 782 2790 Galenus,
800 2746 844 2780 ut
861 2756 986 2799 supra.
1105 2750 1249 2781 auctore
1265 2746 1467 2780 Ieronimo:
1493 2756 1525 2780 v.
1540 2742 1698 2780 Hieron.

208 2794 288 2828 adv.
305 2794 419 2828 Iovin.
437 2791 475 2828 ii
499 2803 536 2829 11
561 2792 707 2839 (Migne
724 2793 765 2829 P.
786 2794 829 2828 L.
846 2791 953 2828 xxiii.
971 2792 1068 2838 300).
1170 2794 1211 2830 18
1236 2794 1408 2838 Leyimus
1425 2793 1498 2829 etc.
1515 2802 1631 2837 usque
1648 2790 1698 2827 ad

207 2841 378 2932 (1111ίὲεέιίιὲ
393 2842 476 2934 (57528
487 2840 550 2887 A):
577 2840 734 2878 Hieron.
764 2843 843 2878 adv.
869 2843 986 2878 Iovin.
1016 2840 1056 2877 ii.
1091 2851 1144 2877 12.
1251 2850 1295 2888 25
1322 2842 1459 2887 Sperne
1486 2841 1578 2877 etc..
1603 2838 1696 2875 Hor.

321 2959 388 3003 256
