1846 3262
86 229 164 271 ⁷75
182 218 213 260 (l
560 215 826 262 IOANNIS
867 214 1386 260 SARESBERIENSIS
1487 213 1708 276 [mnvnt

233 340 364 384 Hanc
404 339 523 384 enim
563 353 656 382 esse
695 340 845 382 ortum
890 336 1150 381 deliciarum
1192 336 1467 380 uberrimum
1505 336 1709 394 superius

85 412 167 461 776
187 422 217 452 a
234 411 404 454 dictum
445 412 524 460 est,
557 408 612 451 de
646 422 735 465 quo
770 410 963 464 quatuor
1001 406 1225 450 uirtutum
1263 407 1452 450 flumina
1489 407 1710 451 oriuntur.

234 480 272 523 E
302 480 479 523 diuerso
503 481 550 521 et
576 477 895 534 Epicureorum
926 478 1052 520 ortus
1084 475 1255 519 fontem
1283 490 1414 520 suum
1443 477 1580 520 habet
1608 476 1708 519 libi-

231 550 394 602 dinem,
414 547 492 605 qui
512 549 559 590 et
578 548 673 604 ipse
689 546 887 604 parturit
901 545 1088 589 flumina
1109 560 1222 603 quae
1242 545 1434 604 irrigant
1452 546 1709 590 uniuersam

231 620 347 663 hanc
376 618 539 661 uallem
570 616 855 660 lacrimarum
886 619 932 659 et
960 615 1177 667 miseriae,
1204 616 1253 658 in
1282 630 1417 672 quam
1446 615 1612 659 eiectus
1642 618 1711 659 est
1728 633 1748 667 5

232 689 338 733 exul
373 688 451 746 qui
485 686 604 745 quod
639 686 774 729 libuit
808 700 942 743 quam
974 685 1094 743 quod
1122 685 1250 729 licuit
1280 685 1427 729 facere
1455 684 1712 744 praeelegit.

234 759 294 802 Et
333 757 512 816 quidem
550 755 678 814 quasi
713 770 831 799 unus
869 755 994 799 riuus
1029 758 1098 799 est
1131 770 1256 799 amor
1290 755 1496 806 habendi,
1530 769 1619 812 quo
1652 754 1712 798 ad

233 827 545 872 sufficientiam
565 840 714 870 rerum
738 825 866 882 copia
885 825 1129 882 quaeritur,
1149 825 1198 868 in
1217 839 1305 882 quo
1326 824 1520 868 auaritia
1538 824 1714 868 laborat

232 901 411 955 praeter
444 896 619 939 licitum
650 894 874 952 possidere
908 894 983 938 uel
1015 894 1137 938 scire.
1197 894 1327 938 Alter
1360 908 1468 938 uero
1506 893 1713 937 luxuriae

232 967 451 1011 lenocinia
474 965 691 1009 diffundit
721 969 767 1008 et
791 964 950 1008 defluit
975 964 1024 1007 in
1051 965 1202 1008 uarias
1227 964 1495 1022 uoluptates,
1515 963 1624 1007 dum
1653 963 1712 1007 ad
1731 982 1774 1006 ιο

233 1035 578 1094 tranquillitatis
607 1037 654 1078 et
683 1034 855 1078 letitiae
884 1034 1051 1092 gaudia
1077 1034 1266 1078 tendens
1295 1034 1476 1092 aspirat.
1534 1033 1714 1077 Tertius

233 1107 354 1151 uires
373 1105 555 1163 colligit,
576 1104 738 1162 quibus
758 1106 941 1148 tueatur
967 1107 1157 1147 naturae
1177 1104 1431 1147 libertatem
1452 1106 1498 1147 et
1516 1103 1715 1148 cuiusuis

234 1175 463 1219 molestiae
483 1174 743 1232 propulsare
762 1173 904 1231 possit
923 1172 1124 1226 iniurias,
1143 1176 1190 1217 et
1216 1188 1319 1218 cum
1343 1173 1516 1217 uiribus
1542 1172 1714 1216 habun-

186 1245 217 1284 b
236 1244 424 1296 dauerit,
458 1244 637 1302 prosilit
670 1243 719 1286 in
754 1243 964 1286 odibilem
1003 1243 1243 1287 tirannidis
1282 1258 1457 1287 uenam.
1516 1243 1716 1297 Quartus

235 1316 294 1359 ab
333 1315 538 1372 appetitu
576 1313 848 1357 celebritatis
887 1317 934 1356 et
965 1313 1253 1364 reuerentiae,
1285 1313 1393 1356 dum
1427 1312 1716 1357 eminentiam
1736 1330 1776 1365 15

236 1384 424 1443 quaerit,
452 1383 674 1427 fallaciter
702 1382 971 1426 intumescit.
1030 1383 1154 1427 Haec
1178 1386 1285 1426 sunt
1311 1386 1504 1440 quatuor
1529 1382 1717 1426 flumina

238 1469 352 1512 quae
371 1453 622 1496 infundunt
642 1455 689 1495 et
707 1452 985 1496 circumeunt
1008 1453 1160 1496 orbem
1188 1455 1234 1496 et
1260 1452 1315 1496 de
1337 1452 1462 1496 fonte
1481 1466 1716 1510 peruersae

238 1523 487 1568 uoluntatis
513 1522 776 1573 scaturiunt,
797 1522 875 1579 qui
902 1522 1050 1566 sedem
1075 1522 1211 1566 habet
1237 1522 1286 1565 in
1312 1522 1402 1565 imo
1429 1525 1476 1565 et
1497 1521 1716 1580 originem

237 1593 464 1639 contrahit
484 1607 511 1636 a
525 1593 622 1636 luto
636 1591 864 1636 uanitatis.
909 1591 1025 1636 Cum
1044 1595 1196 1636 autem
1212 1592 1503 1644 excreuerint,
1517 1592 1717 1635 diuersos

239 1680 296 1708 ex
322 1679 369 1708 se
393 1663 578 1721 pariunt
603 1662 724 1706 riuos
749 1665 795 1706 et
818 1662 946 1719 quasi
973 1662 1371 1706 intumescentibus
1399 1662 1528 1720 aquis
1553 1661 1716 1705 diluuii
1736 1677 1780 1702 πο

238 1734 457 1778 mundum
477 1733 686 1783 obruunt,
706 1732 955 1775 animantia
981 1732 1220 1790 perimunt,
1242 1734 1289 1776 et
1310 1732 1373 1776 sic
1397 1732 1548 1776 omnia
1567 1731 1718 1776 delent

238 1807 292 1847 ut
315 1806 438 1847 terra
466 1802 610 1845 uideri
640 1802 782 1859 possit
810 1801 859 1844 in
889 1801 1176 1845 solitudinem
1205 1801 1458 1860 redigenda,
1489 1801 1577 1845 nisi
1611 1802 1719 1859 quia

239 1887 416 1932 paucas,
456 1872 503 1915 id
543 1875 612 1916 est
649 1874 761 1923 octo,
795 1871 980 1925 animas,
1015 1871 1351 1916 resurrectionis
1385 1871 1554 1915 scilicet
1591 1871 1718 1923 fflios,

239 1944 398 1987 domus
427 1941 610 1986 Domini
637 1941 773 1985 archa
802 1944 1048 1985 conseruat.
1109 1941 1173 1984 Hi
1201 1944 1308 1985 sunt
1336 1941 1493 1999 utique
1521 1956 1632 2000 quos
1661 1956 1720 1985 ex

239 2013 361 2057 omni
381 2027 513 2057 carne
533 2011 753 2055 Dominus
772 2011 1027 2070 praeelegit.
1088 2011 1409 2055 Verumtamen
1434 2011 1512 2069 qui
1536 2013 1644 2055 sunt
1669 2011 1719 2054 in
1739 2031 1780 2066 ²⁵

240 2083 413 2126 diluuio
448 2096 666 2139 aquarum
701 2081 946 2124 multarum
977 2081 1035 2125 ad
1066 2096 1168 2125 eum
1203 2096 1294 2125 non
1328 2081 1720 2140 approximabunt.

199 2163 224 2192 e
242 2153 301 2196 Et
325 2152 504 2210 quidem
524 2166 650 2195 amor
669 2151 900 2203 commodi,
919 2150 974 2195 de
995 2166 1083 2209 quo
1098 2151 1376 2209 praedictum
1396 2154 1476 2204 est,
1496 2151 1578 2195 has
1593 2151 1721 2209 quasi

241 2237 364 2265 mare
387 2222 579 2265 alterum
606 2220 760 2265 fundit
791 2235 955 2278 aquas;
985 2224 1031 2265 et
1060 2221 1360 2265 inualescente
1390 2220 1566 2264 malitia
1593 2220 1723 2265 uelut

245 2372 286 2411 15
314 2362 465 2411 apetitu
481 2361 507 2399 S
654 2370 696 2407 17
723 2360 924 2399 circueunt
938 2360 1000 2398 As
1141 2372 1190 2407 24
1214 2360 1272 2397 hii
1291 2359 1317 2397 S
1469 2369 1513 2408 25
1539 2359 1724 2409 Verump-

242 2413 373 2449 tamen
390 2411 424 2447 A
566 2419 612 2456 27
638 2409 789 2447 comedi
806 2408 832 2446 S

294 2555 310 2581 1
337 2546 526 2591 superius:
550 2555 582 2581 v,
600 2553 717 2590 supra
732 2542 796 2579 vii.
818 2551 871 2588 17.
891 2543 961 2589 675
975 2551 1028 2587 Α;
1053 2542 1102 2580 cf.
1129 2541 1241 2590 Greg.
1267 2541 1319 2579 M.
1342 2542 1437 2578 Mor.
1454 2540 1494 2578 ii.
1511 2551 1560 2588 49
1578 2540 1597 2590 ξ
1617 2542 1664 2588 76
1682 2542 1724 2580 in

244 2592 323 2629 Iob.
342 2591 378 2647 i..
392 2602 434 2638 19
452 2591 602 2639 (Migne
618 2592 662 2628 P.
680 2593 724 2627 L.
740 2590 842 2627 lxxv.
863 2593 959 2636 592).
1129 2599 1146 2636 5
1172 2591 1308 2626 uallem
1323 2591 1562 2626 lacrimarum
1578 2601 1587 2626 τ
1613 2602 1645 2627 v.
1665 2589 1727 2628 Ps.

244 2639 391 2676 lxxxiii.
413 2649 446 2685 7.
627 2649 674 2684 23
725 2651 839 2675 aucas
852 2640 944 2676 etc.:
970 2650 1003 2674 v.
1025 2647 1040 2675 1
1061 2636 1164 2676 Petr.
1183 2637 1239 2674 iii.
1257 2649 1315 2675 20.
1451 2638 1726 2675 resurrectionis

236 2689 366 2734 filios:
392 2699 425 2723 v.
443 2686 534 2723 Luc.
543 2698 606 2724 xx.
617 2687 675 2732 36.
728 2685 924 2723 ctonarius
940 2697 1120 2722 numerus
1137 2685 1240 2733 apud
1249 2687 1395 2722 veteres
1412 2684 1724 2723 resurrectionem

247 2734 500 2780 significavit3
525 2746 557 2770 v.
573 2734 744 2771 Ambros.
762 2733 803 2770 in
827 2734 916 2770 Luc.
934 2732 996 2769 vii.
1018 2743 1073 2778 11,
1097 2733 1192 2788 Aug.
1218 2735 1262 2769 de
1282 2734 1397 2770 Sem.
1420 2734 1462 2768 in
1483 2734 1606 2769 Monte
1628 2743 1660 2771 c.
1681 2743 1723 2771 12

249 2782 398 2830 (Migne
425 2784 466 2819 P.
485 2784 529 2819 L.
554 2793 614 2818 xv.
636 2790 738 2828 1745,
755 2781 879 2818 xxxiv.
901 2780 1006 2828 1235)
1024 2794 1033 2824 ;
1058 2781 1106 2818 cf.
1131 2781 1286 2818 Hieron.
1308 2782 1411 2817 Dial.
1435 2782 1514 2816 adv.
1533 2781 1656 2827 Lucis.
1678 2791 1724 2819 22

249 2829 399 2876 (Migne
416 2831 458 2865 P.
477 2831 520 2865 L.
540 2828 648 2866 xxiii.
671 2831 764 2874 176).
887 2839 933 2875 24
957 2831 1085 2866 domus
1095 2829 1247 2866 Domini
1262 2829 1395 2865 archa:
1422 2840 1454 2865 v·
1472 2827 1628 2866 Hieron.
1645 2827 1672 2864 1.
1689 2839 1724 2866 c.

247 2885 292 2923 25
325 2879 577 2914 Verumtamen
594 2879 690 2914 etc.:
715 2876 774 2913 ΡΒ.
793 2875 897 2914 xxxi.
914 2878 950 2914 6.

359 2958 422 2990 34²
