<?xml version="1.0" encoding="UTF-8"?>
<!DOCTYPE html PUBLIC "-//W3C//DTD XHTML 1.0 Transitional//EN"
    "http://www.w3.org/TR/xhtml1/DTD/xhtml1-transitional.dtd">
<html xmlns="http://www.w3.org/1999/xhtml" xml:lang="en" lang="en">
 <head>
  <title>
</title>
<meta http-equiv="Content-Type" content="text/html;charset=utf-8" />
  <meta name='ocr-system' content='tesseract 3.04.00' />
  <meta name='ocr-capabilities' content='ocr_page ocr_carea ocr_par ocr_line ocrx_word'/>
</head>
<body>
  <div class='ocr_page' id='page_1' title='image "./ioannissaresberi02johnuoft_0342.png"; bbox 0 0 1846 3262; ppageno 0'>
   <div class='ocr_carea' id='block_1_1' title="bbox 122 226 258 274">
    <p class='ocr_par' dir='ltr' id='par_1_1' title="bbox 122 226 258 274">
     <span class='ocr_line' id='line_1_1' title="bbox 122 226 258 274; baseline 0.007 -1"><span class='ocrx_word' id='word_1_1' title='bbox 122 226 258 274; x_wconf 74' lang='lat'><strong>7691»</strong></span> 
     </span>
    </p>
   </div>
   <div class='ocr_carea' id='block_1_2' title="bbox 603 221 1747 283">
    <p class='ocr_par' dir='ltr' id='par_1_2' title="bbox 603 221 1747 283">
     <span class='ocr_line' id='line_1_2' title="bbox 603 221 1747 283; baseline -0.002 -16"><span class='ocrx_word' id='word_1_2' title='bbox 603 222 868 267; x_wconf 85' lang='lat' dir='ltr'>IOANNIS</span> <span class='ocrx_word' id='word_1_3' title='bbox 907 221 1425 267; x_wconf 87' lang='lat' dir='ltr'>SARESBERIENSIS</span> <span class='ocrx_word' id='word_1_4' title='bbox 1529 221 1638 283; x_wconf 74' lang='lat' dir='ltr'>[mn.</span> <span class='ocrx_word' id='word_1_5' title='bbox 1653 233 1747 267; x_wconf 79' lang='lat' dir='ltr'>vlu</span> 
     </span>
    </p>
   </div>
   <div class='ocr_carea' id='block_1_3' title="bbox 273 344 1809 1170">
    <p class='ocr_par' dir='ltr' id='par_1_3' title="bbox 273 344 1809 1170">
     <span class='ocr_line' id='line_1_3' title="bbox 275 344 1747 403; baseline -0.001 -14"><span class='ocrx_word' id='word_1_6' title='bbox 275 345 567 403; x_wconf 86' lang='lat' dir='ltr'>praeclariora</span> <span class='ocrx_word' id='word_1_7' title='bbox 587 347 704 387; x_wconf 91' lang='lat' dir='ltr'>sunt.</span> <span class='ocrx_word' id='word_1_8' title='bbox 751 344 835 387; x_wconf 89' lang='lat' dir='ltr'>Per</span> <span class='ocrx_word' id='word_1_9' title='bbox 854 358 907 387; x_wconf 86' lang='lat' dir='ltr'>ea</span> <span class='ocrx_word' id='word_1_10' title='bbox 922 358 1027 402; x_wconf 87' lang='lat' dir='ltr'>ergo</span> <span class='ocrx_word' id='word_1_11' title='bbox 1042 344 1252 387; x_wconf 91' lang='lat' dir='ltr'>nituntur</span> <span class='ocrx_word' id='word_1_12' title='bbox 1267 345 1448 402; x_wconf 89' lang='lat' dir='ltr'>quidam</span> <span class='ocrx_word' id='word_1_13' title='bbox 1468 345 1526 388; x_wconf 93' lang='lat' dir='ltr'>ad</span> <span class='ocrx_word' id='word_1_14' title='bbox 1545 345 1747 403; x_wconf 81' lang='lat' dir='ltr'><strong>gloriam,</strong></span> 
     </span>
     <span class='ocr_line' id='line_1_4' title="bbox 274 413 1747 472; baseline 0 -14"><span class='ocrx_word' id='word_1_15' title='bbox 274 415 332 458; x_wconf 88' lang='lat' dir='ltr'>ad</span> <span class='ocrx_word' id='word_1_16' title='bbox 371 414 618 472; x_wconf 90' lang='lat' dir='ltr'>imperium,</span> <span class='ocrx_word' id='word_1_17' title='bbox 658 413 715 456; x_wconf 90' lang='lat' dir='ltr'>ad</span> <span class='ocrx_word' id='word_1_18' title='bbox 764 413 1122 457; x_wconf 72' lang='lat' dir='ltr'>dominationem.</span> <span class='ocrx_word' id='word_1_19' title='bbox 1197 414 1409 471; x_wconf 79' lang='lat' dir='ltr'>Quisquis</span> <span class='ocrx_word' id='word_1_20' title='bbox 1457 418 1607 458; x_wconf 89' lang='lat' dir='ltr'>autem</span> <span class='ocrx_word' id='word_1_21' title='bbox 1651 415 1747 458; x_wconf 88' lang='lat' dir='ltr'>sine</span> 
     </span>
     <span class='ocr_line' id='line_1_5' title="bbox 273 483 1747 542; baseline -0.001 -14"><span class='ocrx_word' id='word_1_22' title='bbox 273 484 518 542; x_wconf 88' lang='lat' dir='ltr'>cupiditate</span> <span class='ocrx_word' id='word_1_23' title='bbox 557 483 736 540; x_wconf 83' lang='lat' dir='ltr'>gloriae,</span> <span class='ocrx_word' id='word_1_24' title='bbox 777 498 865 540; x_wconf 88' lang='lat' dir='ltr'>qua</span> <span class='ocrx_word' id='word_1_25' title='bbox 903 485 1085 526; x_wconf 90' lang='lat' dir='ltr'>ueretur</span> <span class='ocrx_word' id='word_1_26' title='bbox 1124 483 1256 527; x_wconf 93' lang='lat' dir='ltr'>homo</span> <span class='ocrx_word' id='word_1_27' title='bbox 1297 483 1407 527; x_wconf 88' lang='lat' dir='ltr'>bene</span> <span class='ocrx_word' id='word_1_28' title='bbox 1445 483 1747 528; x_wconf 84' lang='lat' dir='ltr'>iudicantibus</span> 
     </span>
     <span class='ocr_line' id='line_1_6' title="bbox 273 552 1747 612; baseline 0 -16"><span class='ocrx_word' id='word_1_29' title='bbox 273 554 516 611; x_wconf 79' lang='lat' dir='ltr'>displicere,</span> <span class='ocrx_word' id='word_1_30' title='bbox 550 552 770 595; x_wconf 89' lang='lat' dir='ltr'>dominari</span> <span class='ocrx_word' id='word_1_31' title='bbox 802 555 939 609; x_wconf 89' lang='lat' dir='ltr'>atque</span> <span class='ocrx_word' id='word_1_32' title='bbox 973 553 1192 609; x_wconf 88' lang='lat' dir='ltr'>imperare</span> <span class='ocrx_word' id='word_1_33' title='bbox 1232 553 1467 604; x_wconf 77' lang='lat' dir='ltr'>desiderat,</span> <span class='ocrx_word' id='word_1_34' title='bbox 1500 553 1636 596; x_wconf 85' lang='lat' dir='ltr'>etiam</span> <span class='ocrx_word' id='word_1_35' title='bbox 1667 568 1747 612; x_wconf 90' lang='lat' dir='ltr'>per</span> 
     </span>
     <span class='ocr_line' id='line_1_7' title="bbox 274 622 1785 681; baseline 0.001 -15"><span class='ocrx_word' id='word_1_36' title='bbox 274 623 554 681; x_wconf 89' lang='lat' dir='ltr'>apertissima</span> <span class='ocrx_word' id='word_1_37' title='bbox 573 623 737 666; x_wconf 90' lang='lat' dir='ltr'>scelera</span> <span class='ocrx_word' id='word_1_38' title='bbox 757 622 932 680; x_wconf 88' lang='lat' dir='ltr'>quaerit</span> <span class='ocrx_word' id='word_1_39' title='bbox 952 622 1212 679; x_wconf 88' lang='lat' dir='ltr'>plerumque</span> <span class='ocrx_word' id='word_1_40' title='bbox 1232 623 1432 680; x_wconf 90' lang='lat' dir='ltr'>optinere</span> <span class='ocrx_word' id='word_1_41' title='bbox 1452 623 1571 680; x_wconf 90' lang='lat' dir='ltr'>quod</span> <span class='ocrx_word' id='word_1_42' title='bbox 1585 623 1746 681; x_wconf 84' lang='lat' dir='ltr'>diligit.</span> <span class='ocrx_word' id='word_1_43' title='bbox 1766 637 1785 672; x_wconf 84' lang='lat'>5</span> 
     </span>
     <span class='ocr_line' id='line_1_8' title="bbox 275 692 1748 750; baseline 0.001 -15"><span class='ocrx_word' id='word_1_44' title='bbox 275 693 465 736; x_wconf 87' lang='lat' dir='ltr'>Proinde</span> <span class='ocrx_word' id='word_1_45' title='bbox 494 693 571 750; x_wconf 91' lang='lat' dir='ltr'>qui</span> <span class='ocrx_word' id='word_1_46' title='bbox 601 692 790 750; x_wconf 85' lang='lat' dir='ltr'>gloriam</span> <span class='ocrx_word' id='word_1_47' title='bbox 819 692 1101 749; x_wconf 82' lang='lat' dir='ltr'>concupiscit,</span> <span class='ocrx_word' id='word_1_48' title='bbox 1132 695 1212 735; x_wconf 91' lang='lat' dir='ltr'>aut</span> <span class='ocrx_word' id='word_1_49' title='bbox 1240 707 1348 735; x_wconf 92' lang='lat' dir='ltr'>uera</span> <span class='ocrx_word' id='word_1_50' title='bbox 1371 692 1448 735; x_wconf 90' lang='lat' dir='ltr'>uia</span> <span class='ocrx_word' id='word_1_51' title='bbox 1474 692 1648 744; x_wconf 90' lang='lat' dir='ltr'>nititur,</span> <span class='ocrx_word' id='word_1_52' title='bbox 1667 696 1748 736; x_wconf 85' lang='lat' dir='ltr'>aut</span> 
     </span>
     <span class='ocr_line' id='line_1_9' title="bbox 273 762 1748 814; baseline 0 -8"><span class='ocrx_word' id='word_1_53' title='bbox 273 766 392 806; x_wconf 86' lang='lat' dir='ltr'>certe</span> <span class='ocrx_word' id='word_1_54' title='bbox 423 762 536 806; x_wconf 92' lang='lat' dir='ltr'>dolis</span> <span class='ocrx_word' id='word_1_55' title='bbox 566 766 611 805; x_wconf 92' lang='lat' dir='ltr'>et</span> <span class='ocrx_word' id='word_1_56' title='bbox 642 762 831 806; x_wconf 83' lang='lat' dir='ltr'>fallaciis</span> <span class='ocrx_word' id='word_1_57' title='bbox 860 762 1102 814; x_wconf 87' lang='lat' dir='ltr'>contendit,</span> <span class='ocrx_word' id='word_1_58' title='bbox 1128 762 1283 806; x_wconf 88' lang='lat' dir='ltr'>uolens</span> <span class='ocrx_word' id='word_1_59' title='bbox 1308 762 1451 805; x_wconf 90' lang='lat' dir='ltr'>uideri</span> <span class='ocrx_word' id='word_1_60' title='bbox 1483 762 1624 806; x_wconf 85' lang='lat' dir='ltr'>bonus</span> <span class='ocrx_word' id='word_1_61' title='bbox 1654 777 1748 806; x_wconf 85' lang='lat' dir='ltr'>esse</span> 
     </span>
     <span class='ocr_line' id='line_1_10' title="bbox 274 831 1748 890; baseline 0 -15"><span class='ocrx_word' id='word_1_62' title='bbox 274 832 392 889; x_wconf 91' lang='lat' dir='ltr'>quod</span> <span class='ocrx_word' id='word_1_63' title='bbox 412 847 502 875; x_wconf 93' lang='lat' dir='ltr'>non</span> <span class='ocrx_word' id='word_1_64' title='bbox 523 835 603 876; x_wconf 90' lang='lat' dir='ltr'>est.</span> <span class='ocrx_word' id='word_1_65' title='bbox 663 832 722 875; x_wconf 93' lang='lat' dir='ltr'>Et</span> <span class='ocrx_word' id='word_1_66' title='bbox 751 832 851 875; x_wconf 92' lang='lat' dir='ltr'>ideo</span> <span class='ocrx_word' id='word_1_67' title='bbox 881 833 1074 875; x_wconf 87' lang='lat' dir='ltr'>uirtutes</span> <span class='ocrx_word' id='word_1_68' title='bbox 1104 831 1287 875; x_wconf 83' lang='lat' dir='ltr'>habenti</span> <span class='ocrx_word' id='word_1_69' title='bbox 1317 847 1481 890; x_wconf 86' lang='lat' dir='ltr'>magna</span> <span class='ocrx_word' id='word_1_70' title='bbox 1506 832 1654 876; x_wconf 88' lang='lat' dir='ltr'>uirtus</span> <span class='ocrx_word' id='word_1_71' title='bbox 1680 835 1748 876; x_wconf 84' lang='lat' dir='ltr'>est</span> 
     </span>
     <span class='ocr_line' id='line_1_11' title="bbox 273 902 1748 960; baseline 0.001 -15"><span class='ocrx_word' id='word_1_72' title='bbox 273 905 583 959; x_wconf 89' lang='lat' dir='ltr'>contempnere</span> <span class='ocrx_word' id='word_1_73' title='bbox 615 902 802 960; x_wconf 85' lang='lat' dir='ltr'>gloriam</span> <span class='ocrx_word' id='word_1_74' title='bbox 837 902 944 960; x_wconf 90' lang='lat' dir='ltr'>quia</span> <span class='ocrx_word' id='word_1_75' title='bbox 978 904 1259 959; x_wconf 90' lang='lat' dir='ltr'>contemptus</span> <span class='ocrx_word' id='word_1_76' title='bbox 1293 902 1389 945; x_wconf 90' lang='lat' dir='ltr'>eius</span> <span class='ocrx_word' id='word_1_77' title='bbox 1423 902 1473 958; x_wconf 88' lang='lat' dir='ltr'>in</span> <span class='ocrx_word' id='word_1_78' title='bbox 1509 905 1748 959; x_wconf 85' lang='lat' dir='ltr'>conspectu</span> 
     </span>
     <span class='ocr_line' id='line_1_12' title="bbox 274 971 1809 1029; baseline -0.001 -14"><span class='ocrx_word' id='word_1_79' title='bbox 274 972 357 1015; x_wconf 94' lang='lat' dir='ltr'>Dei</span> <span class='ocrx_word' id='word_1_80' title='bbox 379 975 458 1023; x_wconf 91' lang='lat' dir='ltr'>est,</span> <span class='ocrx_word' id='word_1_81' title='bbox 478 972 641 1015; x_wconf 88' lang='lat' dir='ltr'>iudicio</span> <span class='ocrx_word' id='word_1_82' title='bbox 662 975 812 1015; x_wconf 88' lang='lat' dir='ltr'>autem</span> <span class='ocrx_word' id='word_1_83' title='bbox 833 987 923 1016; x_wconf 92' lang='lat' dir='ltr'>non</span> <span class='ocrx_word' id='word_1_84' title='bbox 943 972 1143 1029; x_wconf 89' lang='lat' dir='ltr'>aperitur</span> <span class='ocrx_word' id='word_1_85' title='bbox 1163 973 1369 1015; x_wconf 88' lang='lat' dir='ltr'>humano.</span> <span class='ocrx_word' id='word_1_86' title='bbox 1430 972 1486 1014; x_wconf 92' lang='lat' dir='ltr'>In</span> <span class='ocrx_word' id='word_1_87' title='bbox 1505 971 1746 1015; x_wconf 89' lang='lat' dir='ltr'>laudatori·</span> <span class='ocrx_word' id='word_1_88' title='bbox 1768 991 1809 1014; x_wconf 83' lang='lat' dir='ltr'>xo</span> 
     </span>
     <span class='ocr_line' id='line_1_13' title="bbox 273 1041 1747 1099; baseline -0.001 -14"><span class='ocrx_word' id='word_1_89' title='bbox 273 1043 356 1085; x_wconf 90' lang='lat' dir='ltr'>bus</span> <span class='ocrx_word' id='word_1_90' title='bbox 391 1045 541 1085; x_wconf 89' lang='lat' dir='ltr'>autem</span> <span class='ocrx_word' id='word_1_91' title='bbox 571 1042 664 1085; x_wconf 89' lang='lat' dir='ltr'>suis</span> <span class='ocrx_word' id='word_1_92' title='bbox 694 1041 900 1099; x_wconf 89' lang='lat' dir='ltr'>quamuis</span> <span class='ocrx_word' id='word_1_93' title='bbox 930 1041 1228 1099; x_wconf 89' lang='lat' dir='ltr'>paruipendat</span> <span class='ocrx_word' id='word_1_94' title='bbox 1262 1041 1380 1098; x_wconf 91' lang='lat' dir='ltr'>quod</span> <span class='ocrx_word' id='word_1_95' title='bbox 1414 1056 1517 1085; x_wconf 92' lang='lat' dir='ltr'>eum</span> <span class='ocrx_word' id='word_1_96' title='bbox 1547 1041 1747 1092; x_wconf 87' lang='lat' dir='ltr'>laudant,</span> 
     </span>
     <span class='ocr_line' id='line_1_14' title="bbox 273 1110 1747 1170; baseline 0.001 -16"><span class='ocrx_word' id='word_1_97' title='bbox 273 1127 363 1156; x_wconf 91' lang='lat' dir='ltr'>non</span> <span class='ocrx_word' id='word_1_98' title='bbox 397 1115 548 1155; x_wconf 89' lang='lat' dir='ltr'>tamen</span> <span class='ocrx_word' id='word_1_99' title='bbox 583 1112 869 1170; x_wconf 89' lang='lat' dir='ltr'>paruipendit</span> <span class='ocrx_word' id='word_1_100' title='bbox 898 1112 1017 1169; x_wconf 91' lang='lat' dir='ltr'>quod</span> <span class='ocrx_word' id='word_1_101' title='bbox 1046 1115 1213 1163; x_wconf 85' lang='lat' dir='ltr'>amant,</span> <span class='ocrx_word' id='word_1_102' title='bbox 1242 1126 1322 1155; x_wconf 90' lang='lat' dir='ltr'>nec</span> <span class='ocrx_word' id='word_1_103' title='bbox 1352 1126 1426 1155; x_wconf 91' lang='lat' dir='ltr'>eos</span> <span class='ocrx_word' id='word_1_104' title='bbox 1454 1112 1556 1155; x_wconf 89' lang='lat' dir='ltr'>uult</span> <span class='ocrx_word' id='word_1_105' title='bbox 1591 1110 1747 1155; x_wconf 81' lang='lat' dir='ltr'>fallere</span> 
     </span>
    </p>
   </div>
   <div class='ocr_carea' id='block_1_4' title="bbox 233 1181 1745 1239">
    <p class='ocr_par' dir='ltr' id='par_1_4' title="bbox 233 1181 1745 1239">
     <span class='ocr_line' id='line_1_15' title="bbox 233 1181 1745 1239; baseline -0.001 -14"><span class='ocrx_word' id='word_1_106' title='bbox 233 1197 258 1226; x_wconf 89' lang='lat' dir='ltr'>c</span> <span class='ocrx_word' id='word_1_107' title='bbox 274 1182 519 1232; x_wconf 84' lang='lat' dir='ltr'>laudantes,</span> <span class='ocrx_word' id='word_1_108' title='bbox 549 1197 604 1225; x_wconf 93' lang='lat' dir='ltr'>ne</span> <span class='ocrx_word' id='word_1_109' title='bbox 634 1182 827 1239; x_wconf 89' lang='lat' dir='ltr'>decipiat</span> <span class='ocrx_word' id='word_1_110' title='bbox 855 1182 1115 1239; x_wconf 82' lang='lat' dir='ltr'>diligentes3</span> <span class='ocrx_word' id='word_1_111' title='bbox 1145 1181 1332 1239; x_wconf 91' lang='lat' dir='ltr'>ideoque</span> <span class='ocrx_word' id='word_1_112' title='bbox 1361 1181 1503 1225; x_wconf 88' lang='lat' dir='ltr'>instat</span> <span class='ocrx_word' id='word_1_113' title='bbox 1536 1182 1745 1225; x_wconf 82' lang='lat' dir='ltr'>ardenter</span> 
     </span>
    </p>
   </div>
   <div class='ocr_carea' id='block_1_5' title="bbox 271 1251 1810 2007">
    <p class='ocr_par' dir='ltr' id='par_1_5' title="bbox 271 1251 1810 2007">
     <span class='ocr_line' id='line_1_16' title="bbox 274 1251 1745 1309; baseline 0 -15"><span class='ocrx_word' id='word_1_114' title='bbox 274 1255 327 1295; x_wconf 90' lang='lat' dir='ltr'>ut</span> <span class='ocrx_word' id='word_1_115' title='bbox 355 1252 505 1309; x_wconf 90' lang='lat' dir='ltr'>potius</span> <span class='ocrx_word' id='word_1_116' title='bbox 535 1251 609 1295; x_wconf 93' lang='lat' dir='ltr'>ille</span> <span class='ocrx_word' id='word_1_117' title='bbox 639 1252 848 1295; x_wconf 89' lang='lat' dir='ltr'>laudetur</span> <span class='ocrx_word' id='word_1_118' title='bbox 873 1267 900 1295; x_wconf 91' lang='lat' dir='ltr'>a</span> <span class='ocrx_word' id='word_1_119' title='bbox 933 1267 1021 1309; x_wconf 93' lang='lat' dir='ltr'>quo</span> <span class='ocrx_word' id='word_1_120' title='bbox 1050 1252 1186 1295; x_wconf 90' lang='lat' dir='ltr'>habet</span> <span class='ocrx_word' id='word_1_121' title='bbox 1216 1252 1347 1295; x_wconf 91' lang='lat' dir='ltr'>homo</span> <span class='ocrx_word' id='word_1_122' title='bbox 1377 1251 1588 1309; x_wconf 89' lang='lat' dir='ltr'>quicquid</span> <span class='ocrx_word' id='word_1_123' title='bbox 1617 1252 1666 1294; x_wconf 90' lang='lat' dir='ltr'>in</span> <span class='ocrx_word' id='word_1_124' title='bbox 1691 1266 1745 1295; x_wconf 93' lang='lat' dir='ltr'>eo</span> 
     </span>
     <span class='ocr_line' id='line_1_17' title="bbox 273 1321 1807 1379; baseline 0.001 -15"><span class='ocrx_word' id='word_1_125' title='bbox 273 1322 370 1365; x_wconf 91' lang='lat' dir='ltr'>iure</span> <span class='ocrx_word' id='word_1_126' title='bbox 390 1321 610 1364; x_wconf 87' lang='lat' dir='ltr'>laudatur.</span> <span class='ocrx_word' id='word_1_127' title='bbox 670 1322 758 1374; x_wconf 80' lang='lat' dir='ltr'>Qui</span> <span class='ocrx_word' id='word_1_128' title='bbox 778 1325 929 1365; x_wconf 90' lang='lat' dir='ltr'>autem</span> <span class='ocrx_word' id='word_1_129' title='bbox 948 1322 1115 1379; x_wconf 88' lang='lat' dir='ltr'>gloriae</span> <span class='ocrx_word' id='word_1_130' title='bbox 1135 1324 1412 1379; x_wconf 91' lang='lat' dir='ltr'>contemptor</span> <span class='ocrx_word' id='word_1_131' title='bbox 1431 1321 1747 1365; x_wconf 85' lang='lat' dir='ltr'>dominationis</span> <span class='ocrx_word' id='word_1_132' title='bbox 1769 1335 1807 1369; x_wconf 82' lang='lat'>¹5</span> 
     </span>
     <span class='ocr_line' id='line_1_18' title="bbox 275 1390 1745 1448; baseline 0 -14"><span class='ocrx_word' id='word_1_133' title='bbox 275 1395 343 1434; x_wconf 90' lang='lat' dir='ltr'>est</span> <span class='ocrx_word' id='word_1_134' title='bbox 382 1390 554 1442; x_wconf 88' lang='lat' dir='ltr'>auidus,</span> <span class='ocrx_word' id='word_1_135' title='bbox 593 1390 758 1433; x_wconf 84' lang='lat' dir='ltr'>bestias</span> <span class='ocrx_word' id='word_1_136' title='bbox 796 1393 979 1448; x_wconf 91' lang='lat' dir='ltr'>superat</span> <span class='ocrx_word' id='word_1_137' title='bbox 1015 1391 1111 1434; x_wconf 90' lang='lat' dir='ltr'>siue</span> <span class='ocrx_word' id='word_1_138' title='bbox 1151 1390 1429 1435; x_wconf 83' lang='lat' dir='ltr'>crudelitatis</span> <span class='ocrx_word' id='word_1_139' title='bbox 1477 1390 1603 1434; x_wconf 88' lang='lat' dir='ltr'>uitiis</span> <span class='ocrx_word' id='word_1_140' title='bbox 1648 1390 1745 1434; x_wconf 89' lang='lat' dir='ltr'>siue</span> 
     </span>
     <span class='ocr_line' id='line_1_19' title="bbox 275 1460 1745 1520; baseline 0.001 -17"><span class='ocrx_word' id='word_1_141' title='bbox 275 1461 490 1504; x_wconf 82' lang='lat' dir='ltr'>luxuriae.</span> <span class='ocrx_word' id='word_1_142' title='bbox 564 1460 692 1503; x_wconf 88' lang='lat' dir='ltr'>Tales</span> <span class='ocrx_word' id='word_1_143' title='bbox 727 1461 906 1518; x_wconf 89' lang='lat' dir='ltr'>quidem</span> <span class='ocrx_word' id='word_1_144' title='bbox 941 1460 1073 1520; x_wconf 90' lang='lat' dir='ltr'>(teste</span> <span class='ocrx_word' id='word_1_145' title='bbox 1104 1475 1267 1518; x_wconf 90' lang='lat' dir='ltr'>magno</span> <span class='ocrx_word' id='word_1_146' title='bbox 1306 1463 1433 1518; x_wconf 89' lang='lat' dir='ltr'>patre</span> <span class='ocrx_word' id='word_1_147' title='bbox 1473 1460 1745 1519; x_wconf 88' lang='lat' dir='ltr'>Augustino)</span> 
     </span>
     <span class='ocr_line' id='line_1_20' title="bbox 275 1530 1747 1588; baseline 0.001 -15"><span class='ocrx_word' id='word_1_148' title='bbox 275 1531 464 1574; x_wconf 85' lang='lat' dir='ltr'>Romani</span> <span class='ocrx_word' id='word_1_149' title='bbox 499 1530 695 1573; x_wconf 82' lang='lat' dir='ltr'>fuerunt.</span> <span class='ocrx_word' id='word_1_150' title='bbox 766 1530 885 1573; x_wconf 89' lang='lat' dir='ltr'>Nam</span> <span class='ocrx_word' id='word_1_151' title='bbox 929 1545 1030 1574; x_wconf 90' lang='lat' dir='ltr'>cum</span> <span class='ocrx_word' id='word_1_152' title='bbox 1070 1545 1222 1573; x_wconf 89' lang='lat' dir='ltr'>eorum</span> <span class='ocrx_word' id='word_1_153' title='bbox 1261 1530 1375 1573; x_wconf 90' lang='lat' dir='ltr'>uitia</span> <span class='ocrx_word' id='word_1_154' title='bbox 1413 1534 1747 1588; x_wconf 85' lang='lat' dir='ltr'>percurruntur,</span> 
     </span>
     <span class='ocr_line' id='line_1_21' title="bbox 273 1600 1745 1658; baseline 0 -14"><span class='ocrx_word' id='word_1_155' title='bbox 273 1616 383 1658; x_wconf 84' lang='lat' dir='ltr'>gens</span> <span class='ocrx_word' id='word_1_156' title='bbox 411 1600 537 1643; x_wconf 90' lang='lat' dir='ltr'>nulla</span> <span class='ocrx_word' id='word_1_157' title='bbox 566 1601 782 1653; x_wconf 82' lang='lat' dir='ltr'>deterior3</span> <span class='ocrx_word' id='word_1_158' title='bbox 812 1615 913 1644; x_wconf 92' lang='lat' dir='ltr'>cum</span> <span class='ocrx_word' id='word_1_159' title='bbox 943 1601 1148 1653; x_wconf 86' lang='lat' dir='ltr'>uirtutes,</span> <span class='ocrx_word' id='word_1_160' title='bbox 1175 1600 1300 1643; x_wconf 89' lang='lat' dir='ltr'>nulla</span> <span class='ocrx_word' id='word_1_161' title='bbox 1329 1601 1477 1658; x_wconf 91' lang='lat' dir='ltr'>potior</span> <span class='ocrx_word' id='word_1_162' title='bbox 1504 1600 1745 1644; x_wconf 88' lang='lat' dir='ltr'>inuenitur.</span> 
     </span>
     <span class='ocr_line' id='line_1_22' title="bbox 275 1669 1810 1728; baseline -0.001 -15"><span class='ocrx_word' id='word_1_163' title='bbox 275 1671 400 1714; x_wconf 90' lang='lat' dir='ltr'>Alias</span> <span class='ocrx_word' id='word_1_164' title='bbox 413 1673 562 1713; x_wconf 88' lang='lat' dir='ltr'>tamen</span> <span class='ocrx_word' id='word_1_165' title='bbox 582 1674 736 1728; x_wconf 90' lang='lat' dir='ltr'>gentes</span> <span class='ocrx_word' id='word_1_166' title='bbox 756 1685 845 1713; x_wconf 92' lang='lat' dir='ltr'>non</span> <span class='ocrx_word' id='word_1_167' title='bbox 866 1670 1033 1713; x_wconf 87' lang='lat' dir='ltr'>crudeli</span> <span class='ocrx_word' id='word_1_168' title='bbox 1049 1669 1245 1713; x_wconf 91' lang='lat' dir='ltr'>dominio</span> <span class='ocrx_word' id='word_1_169' title='bbox 1256 1670 1334 1713; x_wconf 90' lang='lat' dir='ltr'>sed</span> <span class='ocrx_word' id='word_1_170' title='bbox 1347 1672 1579 1713; x_wconf 86' lang='lat' dir='ltr'>mansueto</span> <span class='ocrx_word' id='word_1_171' title='bbox 1593 1670 1744 1713; x_wconf 86' lang='lat' dir='ltr'>subiu-</span> <span class='ocrx_word' id='word_1_172' title='bbox 1767 1688 1810 1711; x_wconf 64' lang='grc' dir='ltr'>πο</span> 
     </span>
     <span class='ocr_line' id='line_1_23' title="bbox 273 1739 1745 1798; baseline 0 -15"><span class='ocrx_word' id='word_1_173' title='bbox 273 1743 496 1798; x_wconf 85' lang='lat' dir='ltr'>gauerunt</span> <span class='ocrx_word' id='word_1_174' title='bbox 515 1740 723 1797; x_wconf 83' lang='lat' dir='ltr'>imperi03</span> <span class='ocrx_word' id='word_1_175' title='bbox 754 1743 800 1783; x_wconf 91' lang='lat' dir='ltr'>et</span> <span class='ocrx_word' id='word_1_176' title='bbox 815 1740 933 1797; x_wconf 90' lang='lat' dir='ltr'>quod</span> <span class='ocrx_word' id='word_1_177' title='bbox 957 1740 1203 1783; x_wconf 85' lang='lat' dir='ltr'>moderatio</span> <span class='ocrx_word' id='word_1_178' title='bbox 1217 1740 1474 1797; x_wconf 88' lang='lat' dir='ltr'>adquisiuit,</span> <span class='ocrx_word' id='word_1_179' title='bbox 1490 1743 1570 1783; x_wconf 89' lang='lat' dir='ltr'>aut</span> <span class='ocrx_word' id='word_1_180' title='bbox 1590 1739 1745 1783; x_wconf 91' lang='lat' dir='ltr'>crude-</span> 
     </span>
     <span class='ocr_line' id='line_1_24' title="bbox 272 1809 1746 1868; baseline -0.001 -15"><span class='ocrx_word' id='word_1_181' title='bbox 272 1811 377 1854; x_wconf 84' lang='lat' dir='ltr'>litas</span> <span class='ocrx_word' id='word_1_182' title='bbox 395 1814 477 1853; x_wconf 90' lang='lat' dir='ltr'>aut</span> <span class='ocrx_word' id='word_1_183' title='bbox 496 1810 676 1853; x_wconf 89' lang='lat' dir='ltr'>luxuria</span> <span class='ocrx_word' id='word_1_184' title='bbox 695 1810 903 1868; x_wconf 89' lang='lat' dir='ltr'>perdidit.</span> <span class='ocrx_word' id='word_1_185' title='bbox 960 1810 1064 1853; x_wconf 92' lang='lat' dir='ltr'>Non</span> <span class='ocrx_word' id='word_1_186' title='bbox 1085 1810 1203 1853; x_wconf 90' lang='lat' dir='ltr'>enim</span> <span class='ocrx_word' id='word_1_187' title='bbox 1222 1811 1384 1866; x_wconf 80' lang='lat' dir='ltr'>(cura)</span> <span class='ocrx_word' id='word_1_188' title='bbox 1401 1809 1746 1853; x_wconf 81' lang='lat' dir='ltr'>existimationis</span> 
     </span>
     <span class='ocr_line' id='line_1_25' title="bbox 271 1879 1742 1937; baseline -0.001 -14"><span class='ocrx_word' id='word_1_189' title='bbox 271 1881 436 1923; x_wconf 88' lang='lat' dir='ltr'>amissa</span> <span class='ocrx_word' id='word_1_190' title='bbox 454 1880 770 1923; x_wconf 86' lang='lat' dir='ltr'>dominationis</span> <span class='ocrx_word' id='word_1_191' title='bbox 790 1880 1036 1937; x_wconf 83' lang='lat' dir='ltr'>cupiditate</span> <span class='ocrx_word' id='word_1_192' title='bbox 1056 1882 1309 1924; x_wconf 84' lang='lat' dir='ltr'>caruerunt.</span> <span class='ocrx_word' id='word_1_193' title='bbox 1369 1879 1458 1923; x_wconf 85' lang='lat' dir='ltr'>Sed</span> <span class='ocrx_word' id='word_1_194' title='bbox 1479 1879 1613 1923; x_wconf 90' lang='lat' dir='ltr'>huius</span> <span class='ocrx_word' id='word_1_195' title='bbox 1639 1880 1742 1923; x_wconf 89' lang='lat' dir='ltr'>uitii</span> 
     </span>
     <span class='ocr_line' id='line_1_26' title="bbox 273 1949 1744 2007; baseline -0.001 -14"><span class='ocrx_word' id='word_1_196' title='bbox 273 1950 575 1993; x_wconf 86' lang='lat' dir='ltr'>summitatem</span> <span class='ocrx_word' id='word_1_197' title='bbox 607 1953 652 1993; x_wconf 94' lang='lat' dir='ltr'>et</span> <span class='ocrx_word' id='word_1_198' title='bbox 675 1950 803 2007; x_wconf 90' lang='lat' dir='ltr'>quasi</span> <span class='ocrx_word' id='word_1_199' title='bbox 833 1965 978 1993; x_wconf 89' lang='lat' dir='ltr'>arcem</span> <span class='ocrx_word' id='word_1_200' title='bbox 1010 1950 1234 2007; x_wconf 91' lang='lat' dir='ltr'>quandam</span> <span class='ocrx_word' id='word_1_201' title='bbox 1264 1949 1309 1992; x_wconf 91' lang='lat' dir='ltr'>N</span> <span class='ocrx_word' id='word_1_202' title='bbox 1311 1964 1386 1993; x_wconf 89' lang='lat' dir='ltr'>ero</span> <span class='ocrx_word' id='word_1_203' title='bbox 1407 1949 1544 1994; x_wconf 84' lang='lat' dir='ltr'>Cesar</span> <span class='ocrx_word' id='word_1_204' title='bbox 1571 1950 1744 2007; x_wconf 89' lang='lat' dir='ltr'>primus</span> 
     </span>
    </p>
   </div>
   <div class='ocr_carea' id='block_1_6' title="bbox 227 2018 1809 2077">
    <p class='ocr_par' dir='ltr' id='par_1_6' title="bbox 227 2018 1809 2077">
     <span class='ocr_line' id='line_1_27' title="bbox 227 2018 1809 2077; baseline 0.001 -16"><span class='ocrx_word' id='word_1_205' title='bbox 227 2021 256 2060; x_wconf 87' lang='lat' dir='ltr'>d</span> <span class='ocrx_word' id='word_1_206' title='bbox 274 2020 493 2077; x_wconf 90' lang='lat' dir='ltr'>optinuit;</span> <span class='ocrx_word' id='word_1_207' title='bbox 522 2019 647 2063; x_wconf 87' lang='lat' dir='ltr'>cuius</span> <span class='ocrx_word' id='word_1_208' title='bbox 668 2022 797 2062; x_wconf 87' lang='lat' dir='ltr'>tanta</span> <span class='ocrx_word' id='word_1_209' title='bbox 815 2018 907 2062; x_wconf 84' lang='lat' dir='ltr'>fuit</span> <span class='ocrx_word' id='word_1_210' title='bbox 925 2019 1126 2062; x_wconf 82' lang='lat' dir='ltr'>luxuries</span> <span class='ocrx_word' id='word_1_211' title='bbox 1146 2022 1198 2062; x_wconf 90' lang='lat' dir='ltr'>ut</span> <span class='ocrx_word' id='word_1_212' title='bbox 1217 2019 1355 2062; x_wconf 90' lang='lat' dir='ltr'>nichil</span> <span class='ocrx_word' id='word_1_213' title='bbox 1371 2019 1428 2062; x_wconf 87' lang='lat' dir='ltr'>ab</span> <span class='ocrx_word' id='word_1_214' title='bbox 1443 2034 1494 2062; x_wconf 94' lang='lat' dir='ltr'>eo</span> <span class='ocrx_word' id='word_1_215' title='bbox 1509 2022 1746 2076; x_wconf 87' lang='lat' dir='ltr'>putaretur</span> <span class='ocrx_word' id='word_1_216' title='bbox 1767 2040 1809 2075; x_wconf 84' lang='lat'>25</span> 
     </span>
    </p>
   </div>
   <div class='ocr_carea' id='block_1_7' title="bbox 273 2089 1845 2496">
    <p class='ocr_par' dir='ltr' id='par_1_7' title="bbox 273 2089 1845 2496">
     <span class='ocr_line' id='line_1_28' title="bbox 274 2089 1746 2140; baseline 0.001 -8"><span class='ocrx_word' id='word_1_217' title='bbox 274 2090 405 2132; x_wconf 90' lang='lat' dir='ltr'>uirile</span> <span class='ocrx_word' id='word_1_218' title='bbox 431 2089 730 2140; x_wconf 90' lang='lat' dir='ltr'>metuendum,</span> <span class='ocrx_word' id='word_1_219' title='bbox 751 2092 881 2133; x_wconf 88' lang='lat' dir='ltr'>tanta</span> <span class='ocrx_word' id='word_1_220' title='bbox 904 2089 1144 2133; x_wconf 79' lang='lat' dir='ltr'>crudelitas</span> <span class='ocrx_word' id='word_1_221' title='bbox 1172 2092 1226 2132; x_wconf 91' lang='lat' dir='ltr'>ut</span> <span class='ocrx_word' id='word_1_222' title='bbox 1255 2089 1392 2133; x_wconf 91' lang='lat' dir='ltr'>nichil</span> <span class='ocrx_word' id='word_1_223' title='bbox 1422 2089 1554 2133; x_wconf 90' lang='lat' dir='ltr'>molle</span> <span class='ocrx_word' id='word_1_224' title='bbox 1583 2090 1746 2134; x_wconf 85' lang='lat' dir='ltr'>habere</span> 
     </span>
     <span class='ocr_line' id='line_1_29' title="bbox 273 2159 1745 2217; baseline 0.001 -14"><span class='ocrx_word' id='word_1_225' title='bbox 273 2159 527 2203; x_wconf 87' lang='lat' dir='ltr'>crederetur</span> <span class='ocrx_word' id='word_1_226' title='bbox 544 2159 582 2202; x_wconf 83' lang='lat' dir='ltr'>si</span> <span class='ocrx_word' id='word_1_227' title='bbox 603 2162 719 2202; x_wconf 90' lang='lat' dir='ltr'>esset</span> <span class='ocrx_word' id='word_1_228' title='bbox 738 2159 930 2217; x_wconf 86' lang='lat' dir='ltr'>ignotus.</span> <span class='ocrx_word' id='word_1_229' title='bbox 990 2159 1134 2202; x_wconf 89' lang='lat' dir='ltr'>Nemo</span> <span class='ocrx_word' id='word_1_230' title='bbox 1150 2174 1201 2202; x_wconf 93' lang='lat' dir='ltr'>eo</span> <span class='ocrx_word' id='word_1_231' title='bbox 1221 2159 1429 2217; x_wconf 88' lang='lat' dir='ltr'>gulosior,</span> <span class='ocrx_word' id='word_1_232' title='bbox 1445 2174 1575 2203; x_wconf 90' lang='lat' dir='ltr'>nemo</span> <span class='ocrx_word' id='word_1_233' title='bbox 1593 2163 1745 2205; x_wconf 85' lang='lat' dir='ltr'>canto-</span> 
     </span>
     <span class='ocr_line' id='line_1_30' title="bbox 273 2229 1747 2287; baseline 0.001 -15"><span class='ocrx_word' id='word_1_234' title='bbox 273 2244 373 2272; x_wconf 91' lang='lat' dir='ltr'>rum</span> <span class='ocrx_word' id='word_1_235' title='bbox 395 2232 440 2273; x_wconf 91' lang='lat' dir='ltr'>et</span> <span class='ocrx_word' id='word_1_236' title='bbox 469 2229 739 2273; x_wconf 89' lang='lat' dir='ltr'>histrionum</span> <span class='ocrx_word' id='word_1_237' title='bbox 765 2229 1065 2287; x_wconf 89' lang='lat' dir='ltr'>similiumque</span> <span class='ocrx_word' id='word_1_238' title='bbox 1092 2229 1235 2287; x_wconf 86' lang='lat' dir='ltr'>magis</span> <span class='ocrx_word' id='word_1_239' title='bbox 1262 2229 1487 2286; x_wconf 87' lang='lat' dir='ltr'>gaudebat</span> <span class='ocrx_word' id='word_1_240' title='bbox 1514 2229 1747 2282; x_wconf 83' lang='lat' dir='ltr'>consortio,</span> 
     </span>
     <span class='ocr_line' id='line_1_31' title="bbox 274 2298 1748 2356; baseline 0.001 -15"><span class='ocrx_word' id='word_1_241' title='bbox 274 2313 403 2342; x_wconf 91' lang='lat' dir='ltr'>nemo</span> <span class='ocrx_word' id='word_1_242' title='bbox 435 2298 713 2352; x_wconf 87' lang='lat' dir='ltr'>luxuriosior,</span> <span class='ocrx_word' id='word_1_243' title='bbox 749 2298 980 2356; x_wconf 90' lang='lat' dir='ltr'>siquidem,</span> <span class='ocrx_word' id='word_1_244' title='bbox 1014 2302 1068 2342; x_wconf 93' lang='lat' dir='ltr'>ut</span> <span class='ocrx_word' id='word_1_245' title='bbox 1107 2314 1153 2342; x_wconf 88' lang='lat' dir='ltr'>se</span> <span class='ocrx_word' id='word_1_246' title='bbox 1193 2299 1450 2342; x_wconf 88' lang='lat' dir='ltr'>uendicaret</span> <span class='ocrx_word' id='word_1_247' title='bbox 1484 2314 1512 2342; x_wconf 88' lang='lat' dir='ltr'>a</span> <span class='ocrx_word' id='word_1_248' title='bbox 1545 2299 1671 2342; x_wconf 85' lang='lat' dir='ltr'>cultu</span> <span class='ocrx_word' id='word_1_249' title='bbox 1701 2302 1748 2343; x_wconf 90' lang='lat' dir='ltr'>et</span> 
     </span>
     <span class='ocr_line' id='line_1_32' title="bbox 273 2368 1845 2427; baseline 0 -17"><span class='ocrx_word' id='word_1_250' title='bbox 273 2369 557 2412; x_wconf 87' lang='lat' dir='ltr'>liberalitatis</span> <span class='ocrx_word' id='word_1_251' title='bbox 571 2368 776 2427; x_wconf 87' lang='lat' dir='ltr'>imagine,</span> <span class='ocrx_word' id='word_1_252' title='bbox 797 2369 966 2411; x_wconf 90' lang='lat' dir='ltr'>nullam</span> <span class='ocrx_word' id='word_1_253' title='bbox 980 2371 1151 2412; x_wconf 88' lang='lat' dir='ltr'>uestem</span> <span class='ocrx_word' id='word_1_254' title='bbox 1172 2369 1240 2412; x_wconf 89' lang='lat' dir='ltr'>bis</span> <span class='ocrx_word' id='word_1_255' title='bbox 1260 2369 1422 2413; x_wconf 90' lang='lat' dir='ltr'>induit.</span> <span class='ocrx_word' id='word_1_256' title='bbox 1465 2369 1576 2422; x_wconf 82' lang='lat' dir='ltr'>Quis</span> <span class='ocrx_word' id='word_1_257' title='bbox 1596 2371 1747 2412; x_wconf 89' lang='lat' dir='ltr'>tamen</span> <span class='ocrx_word' id='word_1_258' title='bbox 1767 2387 1809 2420; x_wconf 82' lang='lat'>³0</span> <span class='ocrx_word' id='word_1_259' title='bbox 1839 2378 1845 2384; x_wconf 93' lang='grc'><strong>’</strong></span> 
     </span>
     <span class='ocr_line' id='line_1_33' title="bbox 273 2438 1747 2496; baseline 0.001 -15"><span class='ocrx_word' id='word_1_260' title='bbox 273 2438 384 2482; x_wconf 91' lang='lat' dir='ltr'>adeo</span> <span class='ocrx_word' id='word_1_261' title='bbox 403 2438 605 2496; x_wconf 88' lang='lat' dir='ltr'>perditus</span> <span class='ocrx_word' id='word_1_262' title='bbox 625 2441 693 2482; x_wconf 90' lang='lat' dir='ltr'>est</span> <span class='ocrx_word' id='word_1_263' title='bbox 712 2442 765 2482; x_wconf 93' lang='lat' dir='ltr'>ut</span> <span class='ocrx_word' id='word_1_264' title='bbox 785 2438 930 2496; x_wconf 90' lang='lat' dir='ltr'>ipsum</span> <span class='ocrx_word' id='word_1_265' title='bbox 951 2439 1134 2482; x_wconf 64' lang='lat' dir='ltr'>laudet‘i</span> <span class='ocrx_word' id='word_1_266' title='bbox 1195 2439 1495 2490; x_wconf 87' lang='lat' dir='ltr'>Demostenes,</span> <span class='ocrx_word' id='word_1_267' title='bbox 1506 2442 1747 2496; x_wconf 85' lang='lat' dir='ltr'>antequam</span> 
     </span>
    </p>
   </div>
   <div class='ocr_carea' id='block_1_8' title="bbox 275 2552 1741 2649">
    <p class='ocr_par' dir='ltr' id='par_1_8' title="bbox 275 2552 1741 2649">
     <span class='ocr_line' id='line_1_34' title="bbox 275 2552 1741 2601; baseline 0.001 -11"><span class='ocrx_word' id='word_1_268' title='bbox 275 2565 291 2592; x_wconf 93' lang='lat'>1</span> <span class='ocrx_word' id='word_1_269' title='bbox 320 2553 522 2590; x_wconf 86' lang='lat' dir='ltr'>nittuntur</span> <span class='ocrx_word' id='word_1_270' title='bbox 539 2553 563 2590; x_wconf 88' lang='lat' dir='ltr'>S</span> <span class='ocrx_word' id='word_1_271' title='bbox 660 2554 683 2590; x_wconf 94' lang='lat'><strong>6</strong></span> <span class='ocrx_word' id='word_1_272' title='bbox 707 2552 866 2590; x_wconf 87' lang='lat' dir='ltr'>nittitur</span> <span class='ocrx_word' id='word_1_273' title='bbox 883 2553 908 2590; x_wconf 83' lang='lat' dir='ltr'>S</span> <span class='ocrx_word' id='word_1_274' title='bbox 1004 2564 1049 2590; x_wconf 87' lang='lat'>22</span> <span class='ocrx_word' id='word_1_275' title='bbox 1075 2565 1165 2590; x_wconf 83' lang='lat' dir='ltr'>cura</span> <span class='ocrx_word' id='word_1_276' title='bbox 1178 2566 1223 2589; x_wconf 76' lang='lat' dir='ltr'>ex</span> <span class='ocrx_word' id='word_1_277' title='bbox 1236 2555 1438 2600; x_wconf 63' lang='lat' dir='ltr'>Auquetini</span> <span class='ocrx_word' id='word_1_278' title='bbox 1449 2559 1551 2590; x_wconf 62' lang='lat' dir='ltr'>teau</span> <span class='ocrx_word' id='word_1_279' title='bbox 1566 2556 1741 2601; x_wconf 68' lang='lat' dir='ltr'>supplevi.</span> 
     </span>
     <span class='ocr_line' id='line_1_35' title="bbox 276 2600 1516 2649; baseline 0.001 -11"><span class='ocrx_word' id='word_1_280' title='bbox 276 2611 318 2649; x_wconf 81' lang='grc'>25</span> <span class='ocrx_word' id='word_1_281' title='bbox 347 2601 515 2638; x_wconf 87' lang='lat' dir='ltr'>obtinuit</span> <span class='ocrx_word' id='word_1_282' title='bbox 532 2601 572 2637; x_wconf 83' lang='lat' dir='ltr'>M</span> <span class='ocrx_word' id='word_1_283' title='bbox 666 2603 872 2649; x_wconf 84' lang='lat' dir='ltr'>putaretur</span> <span class='ocrx_word' id='word_1_284' title='bbox 887 2601 935 2637; x_wconf 88' lang='lat' dir='ltr'>ab</span> <span class='ocrx_word' id='word_1_285' title='bbox 954 2612 1002 2638; x_wconf 91' lang='lat' dir='ltr'>eo</span> <span class='ocrx_word' id='word_1_286' title='bbox 1018 2600 1065 2637; x_wconf 76' lang='grc' dir='ltr'>Αι</span> <span class='ocrx_word' id='word_1_287' title='bbox 1207 2612 1255 2648; x_wconf 86' lang='lat'>30</span> <span class='ocrx_word' id='word_1_288' title='bbox 1276 2601 1457 2649; x_wconf 78' lang='lat' dir='ltr'>ymagine</span> <span class='ocrx_word' id='word_1_289' title='bbox 1476 2601 1516 2638; x_wconf 80' lang='lat' dir='ltr'>M</span> 
     </span>
    </p>
   </div>
   <div class='ocr_carea' id='block_1_9' title="bbox 272 2684 1747 2924">
    <p class='ocr_par' dir='ltr' id='par_1_9' title="bbox 272 2684 1747 2924">
     <span class='ocr_line' id='line_1_36' title="bbox 326 2684 1744 2732; baseline 0.001 -12"><span class='ocrx_word' id='word_1_290' title='bbox 326 2686 367 2720; x_wconf 88' lang='grc'>18</span> <span class='ocrx_word' id='word_1_291' title='bbox 393 2686 499 2727; x_wconf 83' lang='lat' dir='ltr'>Nam,</span> <span class='ocrx_word' id='word_1_292' title='bbox 517 2697 599 2720; x_wconf 82' lang='lat' dir='ltr'>cum</span> <span class='ocrx_word' id='word_1_293' title='bbox 613 2696 737 2720; x_wconf 79' lang='lat' dir='ltr'>eorum</span> <span class='ocrx_word' id='word_1_294' title='bbox 753 2685 828 2722; x_wconf 84' lang='lat' dir='ltr'>etc.</span> <span class='ocrx_word' id='word_1_295' title='bbox 845 2696 963 2730; x_wconf 87' lang='lat' dir='ltr'>usque</span> <span class='ocrx_word' id='word_1_296' title='bbox 981 2684 1030 2720; x_wconf 86' lang='lat' dir='ltr'>ad</span> <span class='ocrx_word' id='word_1_297' title='bbox 1045 2686 1208 2730; x_wconf 75' lang='lat' dir='ltr'>perdidit</span> <span class='ocrx_word' id='word_1_298' title='bbox 1223 2696 1232 2721; x_wconf 74' lang='grc' dir='ltr'><strong><em>ε</em></strong></span> <span class='ocrx_word' id='word_1_299' title='bbox 1258 2696 1336 2721; x_wconf 87' lang='grc'><strong>11011</strong></span> <span class='ocrx_word' id='word_1_300' title='bbox 1353 2684 1470 2720; x_wconf 88' lang='lat' dir='ltr'>habet</span> <span class='ocrx_word' id='word_1_301' title='bbox 1488 2684 1582 2732; x_wconf 79' lang='lat' dir='ltr'>Aug.</span> <span class='ocrx_word' id='word_1_302' title='bbox 1699 2694 1744 2729; x_wconf 92' lang='lat'>27</span> 
     </span>
     <span class='ocr_line' id='line_1_37' title="bbox 274 2730 1747 2779; baseline 0.001 -12"><span class='ocrx_word' id='word_1_303' title='bbox 274 2737 361 2767; x_wconf 72' lang='lat' dir='ltr'>esset</span> <span class='ocrx_word' id='word_1_304' title='bbox 384 2733 391 2742; x_wconf 79' lang='lat'>⁸</span> <span class='ocrx_word' id='word_1_305' title='bbox 413 2737 539 2768; x_wconf 73' lang='lat' dir='ltr'>notus:</span> <span class='ocrx_word' id='word_1_306' title='bbox 565 2734 764 2768; x_wconf 72' lang='lat' dir='ltr'>nesciretur</span> <span class='ocrx_word' id='word_1_307' title='bbox 778 2732 873 2779; x_wconf 83' lang='lat' dir='ltr'>Aug.</span> <span class='ocrx_word' id='word_1_308' title='bbox 1020 2743 1067 2778; x_wconf 88' lang='lat'>30</span> <span class='ocrx_word' id='word_1_309' title='bbox 1090 2734 1232 2768; x_wconf 77' lang='lat' dir='ltr'>nullam</span> <span class='ocrx_word' id='word_1_310' title='bbox 1247 2737 1378 2768; x_wconf 79' lang='lat' dir='ltr'>uestem</span> <span class='ocrx_word' id='word_1_311' title='bbox 1398 2734 1453 2768; x_wconf 75' lang='lat' dir='ltr'>bie</span> <span class='ocrx_word' id='word_1_312' title='bbox 1465 2734 1614 2768; x_wconf 76' lang='lat' dir='ltr'>induit:</span> <span class='ocrx_word' id='word_1_313' title='bbox 1641 2730 1747 2768; x_wconf 87' lang='lat' dir='ltr'>Suet.</span> 
     </span>
     <span class='ocr_line' id='line_1_38' title="bbox 274 2744 1746 2826; baseline 0.002 -12"><span class='ocrx_word' id='word_1_314' title='bbox 274 2780 359 2815; x_wconf 86' lang='lat' dir='ltr'>Ner.</span> <span class='ocrx_word' id='word_1_315' title='bbox 376 2744 473 2825; x_wconf 61' lang='lat'>⁸§92-30.</span> <span class='ocrx_word' id='word_1_316' title='bbox 601 2790 642 2826; x_wconf 84' lang='lat'>31</span> <span class='ocrx_word' id='word_1_317' title='bbox 672 2781 919 2816; x_wconf 73' lang='lat' dir='ltr'>Demostenes:</span> <span class='ocrx_word' id='word_1_318' title='bbox 947 2779 1051 2816; x_wconf 86' lang='lat' dir='ltr'>Haec</span> <span class='ocrx_word' id='word_1_319' title='bbox 1070 2780 1170 2816; x_wconf 90' lang='lat' dir='ltr'>unde</span> <span class='ocrx_word' id='word_1_320' title='bbox 1189 2779 1395 2826; x_wconf 84' lang='lat' dir='ltr'>sumpserit</span> <span class='ocrx_word' id='word_1_321' title='bbox 1414 2779 1583 2823; x_wconf 79' lang='lat' dir='ltr'>Ioannes,</span> <span class='ocrx_word' id='word_1_322' title='bbox 1598 2779 1725 2818; x_wconf 76' lang='lat' dir='ltr'>nescio</span> <span class='ocrx_word' id='word_1_323' title='bbox 1735 2792 1746 2822; x_wconf 69' lang='grc' dir='ltr'>ς</span> 
     </span>
     <span class='ocr_line' id='line_1_39' title="bbox 274 2825 1747 2875; baseline 0.001 -14"><span class='ocrx_word' id='word_1_324' title='bbox 274 2826 322 2861; x_wconf 83' lang='lat' dir='ltr'>cf.</span> <span class='ocrx_word' id='word_1_325' title='bbox 342 2825 438 2864; x_wconf 88' lang='lat' dir='ltr'>Gell.</span> <span class='ocrx_word' id='word_1_326' title='bbox 457 2826 481 2863; x_wconf 89' lang='lat' dir='ltr'>i.</span> <span class='ocrx_word' id='word_1_327' title='bbox 503 2836 521 2874; x_wconf 82' lang='grc'><strong><em>5</em></strong></span> <span class='ocrx_word' id='word_1_328' title='bbox 542 2825 562 2875; x_wconf 67' lang='grc' dir='ltr'><strong>ξ</strong></span> <span class='ocrx_word' id='word_1_329' title='bbox 586 2838 600 2864; x_wconf 87' lang='grc'>1</span> <span class='ocrx_word' id='word_1_330' title='bbox 629 2828 889 2864; x_wconf 71' lang='lat' dir='ltr'>Demosthenen</span> <span class='ocrx_word' id='word_1_331' title='bbox 913 2829 1092 2863; x_wconf 72' lang='lat' dir='ltr'>traditum</span> <span class='ocrx_word' id='word_1_332' title='bbox 1115 2832 1165 2863; x_wconf 79' lang='lat' dir='ltr'>est</span> <span class='ocrx_word' id='word_1_333' title='bbox 1190 2831 1324 2864; x_wconf 74' lang='lat' dir='ltr'>uestitu</span> <span class='ocrx_word' id='word_1_334' title='bbox 1348 2832 1525 2874; x_wconf 76' lang='lat' dir='ltr'>ceteroque</span> <span class='ocrx_word' id='word_1_335' title='bbox 1548 2828 1649 2863; x_wconf 73' lang='lat' dir='ltr'>cultu</span> <span class='ocrx_word' id='word_1_336' title='bbox 1673 2838 1747 2864; x_wconf 83' lang='lat' dir='ltr'>oor-</span> 
     </span>
     <span class='ocr_line' id='line_1_40' title="bbox 272 2876 1255 2924; baseline 0 -14"><span class='ocrx_word' id='word_1_337' title='bbox 272 2876 374 2919; x_wconf 74' lang='lat' dir='ltr'>poris</span> <span class='ocrx_word' id='word_1_338' title='bbox 388 2876 505 2911; x_wconf 76' lang='lat' dir='ltr'>nitido</span> <span class='ocrx_word' id='word_1_339' title='bbox 521 2880 739 2922; x_wconf 68' lang='lat' dir='ltr'>uenustoque</span> <span class='ocrx_word' id='word_1_340' title='bbox 755 2877 932 2924; x_wconf 72' lang='lat' dir='ltr'>nimisque</span> <span class='ocrx_word' id='word_1_341' title='bbox 948 2880 1116 2912; x_wconf 73' lang='lat' dir='ltr'>accurato</span> <span class='ocrx_word' id='word_1_342' title='bbox 1123 2876 1255 2921; x_wconf 69' lang='lat' dir='ltr'>fuisse.</span> 
     </span>
    </p>
   </div>
   <div class='ocr_carea' id='block_1_10' title="bbox 388 2954 452 2986">
    <p class='ocr_par' dir='ltr' id='par_1_10' title="bbox 388 2954 452 2986">
     <span class='ocr_line' id='line_1_41' title="bbox 388 2954 452 2986; baseline 0 0"><span class='ocrx_word' id='word_1_343' title='bbox 388 2954 452 2986; x_wconf 78' lang='lat'>330</span> 
     </span>
    </p>
   </div>
  </div>
 </body>
</html>
