1846 3262
41 220 126 261 594
146 220 173 251 c
518 204 782 252 IOANNIS
821 200 1342 248 SARESBERIENSIS
1491 197 1603 260 [ΗΒ.
1617 209 1670 243 VI

146 341 173 371 c
189 332 523 388 repraesentent
549 329 657 371 haec
681 329 878 370 armatae
905 324 1094 367 militiae
1123 322 1279 366 munia
1309 336 1423 380 quae
1452 336 1544 365 non
1573 323 1670 364 tam

190 402 260 458 (ut
288 401 351 444 eis
376 399 575 458 uidetur)
599 397 877 455 disciplinam
907 394 1078 438 redolet
1106 393 1348 436 militarem
1379 407 1514 450 quam
1543 391 1670 449 igno·

188 471 402 514 miniosae
434 468 665 514 seruitutis
705 466 948 524 angustias.
1006 464 1063 507 In
1104 479 1155 508 eo
1194 478 1389 521 namque
1428 462 1671 506 militarem

189 545 390 585 constare
419 540 606 598 gloriam
632 538 885 596 opinantur,
912 535 950 579 si
977 534 1179 578 nitidiori
1204 534 1469 592 splendeant
1498 532 1672 583 habitu,

189 615 242 655 ut
273 612 413 654 lineas
444 625 547 653 suas
578 612 725 652 uestes
758 607 832 650 uel
865 606 1027 649 sericas
1058 606 1120 649 sic
1155 605 1464 663 perstringant
1499 607 1546 648 et
1579 606 1670 658 tor·
1691 611 1711 648 5

191 683 357 739 queant
383 683 436 723 ut
465 679 591 736 quasi
618 680 765 722 cutem
795 679 1068 721 cerussatam
1099 676 1257 719 aliisue
1284 675 1400 719 fucis
1430 673 1673 718 obnoxiam

189 751 312 795 carni
333 750 503 794 faciant
522 750 739 799 coherere,
759 748 798 791 si
825 747 1046 806 gradariis
1074 746 1199 804 equis
1226 746 1454 790 insideant
1480 744 1673 795 mollius,

189 821 227 864 si
271 819 560 864 calamistrati
611 818 813 862 curatiue
852 818 993 861 Acteo
1042 831 1133 860 non
1176 816 1338 860 cedant
1376 815 1578 874 Apollini
1627 817 1675 858 et

189 891 358 934 deliciis
397 890 489 934 sint
527 889 671 947 magis
711 903 846 946 quam
885 888 1057 931 uirtute
1097 887 1364 945 praesignes.
1425 886 1593 930 Eorum
1633 884 1673 928 si

191 960 308 1004 forte
347 960 648 1004 construxeris
680 959 831 1010 aciem,
867 961 1063 1002 castrum
1100 958 1285 1001 Thaidis
1320 972 1455 1015 quam
1496 955 1672 999 Hanni·
1693 966 1736 992 10

192 1031 306 1074 balis
325 1030 470 1074 tutius
490 1029 780 1087 expugnabis.
834 1028 1047 1085 Quisquis
1067 1043 1219 1071 eorum
1240 1028 1288 1070 in
1309 1027 1414 1071 aula
1434 1026 1676 1071 iactantior

194 1104 272 1151 est,
292 1115 393 1144 cum
417 1099 475 1143 ad
502 1099 660 1157 praelii
680 1098 917 1142 discrimen
938 1098 1174 1149 acceditur,
1194 1098 1369 1142 lacones
1391 1097 1502 1141 duce
1524 1097 1677 1155 Sanga

149 1172 179 1213 d
194 1170 428 1215 turmatim
447 1169 707 1227 praemittet
726 1168 784 1211 ad
804 1183 1014 1226 pugnam,
1030 1168 1295 1212 nouissimos
1315 1168 1527 1226 praesidii
1542 1182 1677 1211 causa

194 1241 466 1297 subsequens
499 1254 600 1283 cum
636 1238 942 1282 funditoribus
971 1239 1159 1296 aliisque
1188 1239 1266 1296 qui
1302 1239 1350 1281 in
1379 1239 1554 1282 hostem
1584 1237 1676 1281 tela

195 1310 368 1354 eminus
387 1310 566 1353 mittere
586 1323 719 1366 quam
739 1323 923 1351 manum
942 1323 1170 1352 conserere
1190 1309 1363 1353 uolunt.
1423 1307 1540 1353 Cum
1566 1322 1674 1352 uero
1694 1321 1735 1357 ¹5

195 1380 291 1423 sine
317 1380 502 1423 uulnere
529 1382 574 1423 et
600 1379 803 1423 cicatrice
833 1378 971 1437 (quod
992 1378 1273 1436 frequentius
1304 1378 1470 1436 euenit)
1493 1378 1677 1422 domum

196 1450 397 1501 redeunt,

426 1544 535 1586 tunc
566 1541 786 1585 exhausta
814 1544 983 1585 canunt
1011 1541 1181 1599 praelia
1211 1541 1357 1585 Marte
1387 1541 1545 1600 graui3

371 1601 462 1644 illic
494 1600 692 1651 Eacides,
720 1600 812 1644 illic
841 1600 1056 1644 tendebat
1086 1601 1307 1654 Achilles;

428 1663 474 1703 et
503 1659 698 1717 pingunt
729 1659 869 1703 fluido
899 1659 1116 1717 Pergama
1146 1663 1244 1703 tota
1272 1674 1420 1714 mero;
1696 1681 1740 1707 πο

197 1754 243 1795 et
264 1751 450 1809 quisque
470 1755 634 1795 mortes
654 1751 776 1795 mille
795 1752 912 1796 circa
932 1755 1135 1810 tempora
1154 1767 1237 1796 sua
1256 1767 1426 1797 errasse
1446 1752 1678 1811 gloriatur.

198 1821 373 1864 Exinde
401 1821 590 1879 gloriam
620 1836 772 1865 eorum
802 1821 921 1865 ferre
950 1837 1041 1866 non
1071 1823 1249 1880 poteris.
1311 1823 1484 1867 Fabula
1503 1823 1611 1867 haec
1631 1824 1680 1867 in

197 1905 365 1934 annum
395 1891 687 1935 centesimum
716 1891 1038 1950 protelabitur}
1067 1893 1150 1936 filii
1182 1908 1370 1951 quoque,
1391 1894 1470 1952 qui
1497 1909 1680 1938 nascen-

197 1964 275 2005 tur
301 1964 347 2004 et
375 1964 608 2019 exurgent,
633 1963 908 2006 enarrabunt
926 1963 1032 2006 filiis
1061 1963 1166 2006 suis.
1227 1963 1278 2007 Si
1308 1965 1463 2008 hastas
1495 1965 1680 2022 aliquot,

200 2045 310 2087 quas
330 2031 388 2074 ad
407 2031 588 2074 modum
608 2032 820 2076 cannabis
847 2032 1033 2091 fragiles
1060 2033 1252 2092 diligens
1275 2034 1441 2078 inertia
1469 2049 1678 2093 procura·
1699 2051 1742 2087 25

51 2111 134 2152 595
153 2112 183 2142 a
200 2101 280 2154 uit,
302 2101 401 2158 quis
430 2100 628 2159 fregerit,
653 2102 691 2146 si
718 2117 878 2147 aurum
902 2103 1092 2147 minium
1119 2104 1295 2149 colorue
1326 2105 1442 2149 alius
1469 2119 1680 2163 quocum-

199 2251 331 2338 {eugilg
343 2263 390 2336 ge
408 2251 476 2289 SM
619 2253 643 2290 6
668 2254 880 2290 cerusatam
898 2251 966 2290 SM
1102 2263 1146 2301 25
1174 2254 1331 2292 canabis
1348 2253 1533 2292 02BA¹M¹
1627 2255 1684 2293 in-

249 2440 272 2476 6
296 2445 410 2476 cutem
433 2445 673 2476 cerussatam:
698 2452 731 2476 v.
757 2437 925 2478 Martial.
948 2441 1078 2488 Epiqr.
1094 2440 1157 2478 vii.
1184 2452 1204 2479 2
1210 2450 1241 2489 5.
1450 2452 1472 2489 7
1495 2445 1687 2490 gradariis

204 2490 321 2534 equis:
340 2500 378 2542 y.
398 2486 496 2524 Non.
514 2487 688 2525 Marcell.
709 2497 763 2532 17.
782 2498 838 2524 22.
1057 2490 1078 2526 8
1101 2492 1233 2527 Acteo:
1258 2489 1284 2527 i.
1297 2502 1330 2528 e.
1351 2490 1487 2534 Actio;
1511 2504 1544 2529 v.
1570 2492 1685 2541 Verg.

205 2538 298 2572 Aen.
315 2535 392 2590 viii.
410 2545 492 2582 704.
661 2546 706 2573 10
732 2536 904 2572 Thaidis:
930 2547 979 2573 sc.
996 2537 1210 2574 meretricis
1226 2537 1269 2574 in
1286 2537 1458 2576 Terentii
1480 2541 1686 2586 Eunucho;

205 2595 237 2619 v.
255 2585 352 2619 Eun.
369 2595 416 2621 iv.
434 2593 468 2629 7.
486 2593 519 2630 3.
635 2594 677 2621 12
702 2585 864 2620 lacones:
889 2595 958 2630 pro
975 2587 1126 2630 calones,
1145 2588 1190 2623 ut
1205 2586 1375 2630 videtum
1401 2587 1449 2624 cf.
1467 2587 1570 2625 infra
1586 2601 1618 2626 c.
1642 2600 1682 2628 11

207 2632 291 2676 (603
304 2631 355 2677 o).
451 2633 598 2685 Sanya:
623 2644 657 2668 v.
675 2631 758 2668 Ter.
777 2633 878 2668 Eun.
895 2632 944 2668 iv.
964 2642 997 2678 7.
1013 2634 1046 2670 6.
1211 2637 1254 2672 18
1279 2640 1367 2671 tunc
1388 2636 1567 2673 exhausta
1587 2639 1675 2674 etc.:

207 2678 254 2714 cf.
274 2678 336 2714 Ov.
354 2680 442 2715 Her.
458 2691 482 2716 1.
496 2690 552 2725 31,
568 2690 623 2725 32,
639 2689 682 2726 35
698 2681 816 2727 Atque
832 2681 968 2726 aliquis
978 2683 1100 2727 posita
1117 2688 1293 2719 monstrat
1299 2685 1389 2730 fera
1400 2686 1544 2730 proelia
1560 2698 1687 2723 mensa

205 2727 331 2770 Pinyit
357 2731 390 2762 et
417 2729 544 2773 exiyuo
570 2729 748 2773 Peryama
772 2733 846 2764 tota
874 2740 982 2765 mero.
1003 2756 1012 2765 .
1037 2756 1046 2764 .
1071 2758 1079 2766 .
1102 2731 1188 2767 Illic
1211 2732 1394 2775 Aeacides,
1421 2734 1499 2768 illic
1522 2736 1688 2771 tendebat

211 2774 345 2809 Vlixes.
510 2786 552 2812 21
573 2781 703 2812 mor-tes
719 2777 815 2813 etc.:
840 2788 872 2813 v.
891 2774 989 2812 Stat.
1011 2777 1116 2814 Theb.
1133 2777 1180 2814 vi.
1199 2788 1267 2825 793
1284 2780 1367 2824 (768
1386 2780 1556 2827 Kohlm.)
1581 2784 1687 2820 Mille

206 2823 453 2906 fauet-lageas
478 2825 614 2860 circum
638 2836 707 2860 sua
738 2829 899 2871 tempora
931 2829 1069 2861 mortes.
1242 2837 1288 2874 23
1317 2829 1399 2873 filii
1430 2831 1527 2866 etc.:
1561 2842 1596 2867 v.
1625 2830 1687 2869 ΡΒ.

224 2879 336 2904 xxvu.
377 2896 387 2906 .

319 2949 359 2976 12
