1846 3262
92 237 175 289 708
195 249 226 279 a
573 237 778 282 IOANN
781 237 840 281 IS
881 237 1404 282 SARESBERIENSIS
1525 235 1636 298 [ΗΒ.
1652 249 1725 282 vn

242 359 507 404 Cinniorum
528 360 743 403 aduersus
759 360 1009 403 Romanum
1024 360 1264 418 imperium
1283 375 1409 404 arma
1428 363 1723 405 tractantium

242 431 370 473 uerbi
416 431 643 488 grauitate
686 431 878 474 mouisse
925 433 1146 488 potuerat,
1190 431 1277 474 nisi
1322 431 1550 475 Romanus
1597 434 1724 482 esset,

243 501 453 556 quoniam
474 501 578 544 huic
602 501 767 558 populo
794 516 901 558 prae
928 501 1086 544 ceteris
1114 502 1361 545 moderatio
1383 516 1557 559 semper
1580 502 1724 545 amica

242 570 343 613 fuit.
403 570 517 615 Cum
558 572 677 614 enim
719 571 871 616 Cinnii
911 572 969 615 ad
1009 572 1360 630 redemptionem
1394 572 1619 615 libertatis
1655 572 1722 614 in-

240 642 509 695 uitarentur,
545 642 721 700 legatus
757 643 928 686 ferrum
960 643 1047 686 sibi
1080 658 1107 685 a
1146 642 1403 694 maioribus,
1438 657 1526 700 quo
1566 642 1722 686 urbem
1742 657 1762 692 5

240 714 488 763 tuerentur,
528 713 736 756 relictum
783 728 877 757 esse
919 713 1163 771 respondit,
1202 729 1293 756 non
1333 728 1506 765 aurum,
1537 728 1625 770 quo
1665 713 1724 756 ab

239 782 510 839 imperatore
540 798 678 826 auaro
711 786 910 826 emerent
940 784 1207 827 libertatem.
1268 783 1524 827 Paschelius
1551 783 1724 835 Iunius,

239 852 312 895 uir
342 867 516 896 summa
551 854 760 898 libertate
795 854 1026 912 multaque
1057 855 1245 898 scientia
1277 858 1323 898 et
1363 854 1484 898 domi
1525 853 1723 912 forisque

238 923 396 974 clarus,
417 925 495 967 sed
522 925 572 967 in
596 925 690 968 solo
716 925 1062 983 philosophandi
1091 926 1252 977 studio,
1279 926 1584 983 interrogatus
1612 924 1723 982 quid

237 993 325 1036 sibi
364 997 540 1038 tantam
581 996 708 1039 daret
749 1011 862 1054 quae
902 997 1040 1040 uellet
1086 997 1264 1040 dicendi
1309 996 1560 1040 licentiam:
1606 994 1724 1048 Duo,
1742 1024 1785 1048 10

238 1065 480 1121 respondit,
502 1081 616 1123 quae
640 1068 842 1112 homines
869 1069 1070 1121 horrent,
1089 1071 1363 1112 senectutem
1394 1070 1440 1111 et
1470 1066 1722 1110 orbitatem.

192 1136 221 1175 b
241 1134 362 1188 Quid
389 1138 508 1178 enim
537 1137 716 1181 timebit
743 1154 880 1182 senex
907 1140 1072 1184 orbus?
1133 1139 1287 1182 Pirrus
1314 1139 1632 1196 percunctatus
1655 1138 1724 1180 est

239 1219 313 1248 eos
366 1206 444 1263 qui
494 1207 543 1250 in
593 1209 803 1253 conuiuio
847 1210 1193 1254 Tarentinorum
1240 1225 1400 1267 parum
1452 1209 1722 1251 honoratum

236 1290 485 1320 sermonem
516 1278 572 1322 de
601 1295 647 1323 se
674 1280 937 1331 habuerant,
964 1296 1023 1324 an
1051 1296 1164 1338 quae
1191 1281 1397 1323 audierat
1426 1293 1535 1322 uera
1561 1281 1720 1322 essent.

238 1347 353 1390 Tum
374 1363 431 1391 ex
451 1349 521 1392 his
546 1364 686 1393 unus:
717 1351 832 1402 Nisi,
853 1351 1013 1409 inquit,
1034 1352 1193 1395 uinum
1213 1351 1342 1394 nobis
1363 1349 1612 1403 defecisset,
1630 1350 1721 1393 ista
1741 1370 1781 1404 15

238 1432 352 1474 quae
373 1419 457 1461 tibi
477 1420 621 1463 relata
640 1423 748 1464 sunt
767 1436 875 1479 prae
896 1422 966 1465 his
987 1437 1101 1479 quae
1128 1422 1294 1465 dicturi
1319 1435 1495 1464 eramus
1516 1420 1649 1464 ludus
1669 1434 1721 1464 ac

236 1488 360 1531 iocus
400 1489 604 1534 fuissent.
665 1491 775 1534 Tam
815 1493 989 1535 urbana
1028 1492 1236 1550 crapulae
1276 1491 1505 1535 excusatio
1537 1493 1720 1548 tamque

236 1559 428 1617 simplex
447 1560 666 1605 confessio
693 1563 900 1606 ueritatis
923 1563 1039 1606 iram
1063 1563 1234 1606 tiranni
1255 1562 1478 1606 conuertit
1497 1561 1546 1603 in
1566 1561 1718 1604 risum.

236 1628 404 1674 Inserit
437 1646 484 1674 se
517 1632 629 1676 uiris
664 1633 795 1676 liberi
830 1634 1016 1691 spiritus
1053 1633 1226 1685 mulier,
1260 1632 1441 1676 barbari
1473 1631 1718 1690 sanguinis,

236 1714 350 1757 quae
377 1716 405 1744 a
433 1701 641 1760 Philippo
666 1718 770 1761 rege
799 1704 1017 1748 tumultui
1041 1719 1239 1747 merens:
1269 1703 1528 1761 Dampnata
1557 1717 1717 1760 prouo-
1738 1727 1782 1751 20

234 1784 394 1822 carem,
410 1771 570 1829 inquit,
587 1773 644 1816 ad
661 1773 918 1832 Philippum
940 1774 1017 1818 sed
1037 1775 1249 1819 sobrium.
1298 1774 1373 1818 Sic
1394 1788 1500 1831 ergo
1521 1773 1719 1816 excussit

234 1841 463 1898 crapulam
494 1843 706 1887 oscitanti
734 1847 780 1888 et
808 1845 1058 1902 praesentis
1087 1845 1227 1888 animi
1258 1844 1431 1888 ebrium
1461 1844 1719 1902 resipiscere

234 1925 455 1969 causaque
490 1913 753 1972 diligentius
785 1916 988 1973 inspecta
1021 1916 1167 1974 coegit
1199 1915 1431 1959 iustiorem
1466 1915 1585 1958 ferre
1619 1929 1716 1958 sen-

193 1989 218 2018 c
235 1982 435 2026 tentiam.
497 1983 766 2028 Siracusana
791 1985 1009 2042 quaedam
1037 1986 1131 2029 sola
1158 1986 1321 2030 cotidie
1348 1989 1547 2043 tempore
1567 1987 1715 2028 matu-

234 2051 331 2095 tino
366 2053 486 2096 uotis
518 2055 833 2112 expetentibus
865 2071 893 2099 a
927 2057 1014 2100 diis
1049 2057 1240 2100 salutem
1272 2056 1528 2115 grauissimi
1557 2058 1604 2099 et
1633 2055 1715 2098 im·
1735 2078 1778 2113 25

233 2123 469 2180 portabilis
507 2125 678 2168 tiranni
717 2126 913 2170 Dionisii
953 2127 1239 2171 deuotissime
1280 2127 1508 2171 exorabat.
1585 2126 1718 2180 Quod

233 2196 286 2236 ut
310 2194 348 2237 is
374 2195 598 2252 cognouit,
625 2211 716 2240 non
744 2197 942 2240 debitam
969 2198 1055 2241 sibi
1082 2199 1332 2242 admiratus
1355 2197 1718 2249 beniuolentiam,

232 2264 290 2307 ad
312 2279 359 2307 se
379 2269 583 2308 uocatam
604 2281 685 2310 cur
711 2269 792 2311 aut
816 2283 904 2325 quo
931 2283 1012 2312 suo
1039 2269 1200 2312 merito
1225 2269 1308 2312 hoc
1332 2267 1502 2312 faceret
1527 2268 1717 2312 interro-
1790 2280 1794 2284 ·

230 2334 370 2392 gauit.
431 2334 546 2378 Tum
580 2336 683 2379 illa:
728 2336 864 2381 Certa
899 2341 968 2382 est
998 2339 1127 2390 ratio,
1162 2338 1324 2396 inquit,
1358 2337 1577 2396 propositi
1617 2336 1717 2381 mei.

234 2467 276 2494 12
302 2458 423 2495 Purus
440 2458 588 2495 CBS¹M
767 2470 810 2506 13
835 2459 1144 2497 taurentinorum
1162 2459 1273 2497 CBA¹
1431 2462 1474 2498 18
1498 2458 1656 2508 tyranni
1672 2459 1714 2498 M

229 2516 278 2542 20
303 2506 474 2543 tumultu
492 2507 554 2544 CB
699 2518 742 2545 21
770 2508 1003 2556 phylippum
1021 2509 1062 2545 M
1206 2518 1251 2554 27
1276 2507 1324 2555 is]
1342 2507 1403 2545 his
1419 2509 1454 2544 A

279 2596 299 2631 7
325 2588 535 2623 Paschelius
553 2590 649 2626 etc.:
676 2589 779 2627 Haec
797 2589 892 2627 alibi
916 2592 1074 2627 narrata.
1098 2602 1176 2627 non
1202 2588 1367 2636 repperi.
1515 2598 1557 2625 12
1581 2589 1717 2626 Pirrus

231 2636 328 2671 etc.:
353 2647 386 2671 v.
412 2635 496 2673 Val.
522 2635 625 2672 Max.
651 2649 684 2674 v.
708 2648 721 2673 1
743 2640 821 2675 ext.
841 2649 876 2684 3.
1003 2649 1045 2685 19
1070 2641 1209 2675 Inserit
1225 2641 1323 2675 eta:
1349 2650 1381 2674 v.
1399 2636 1485 2674 Val.
1507 2636 1608 2673 Max.
1626 2635 1674 2674 vi.
1691 2647 1714 2674 2

230 2684 307 2719 ext.
328 2694 359 2720 1.
468 2694 515 2720 20
539 2697 563 2720 a
574 2686 748 2732 Philippo
765 2699 844 2733 reqe
857 2689 1033 2724 tumultui
1043 2699 1182 2723 merens
1193 2701 1204 2723 .-
1228 2688 1444 2732 Dampnata
1451 2696 1714 2732 prouocarem:

230 2730 371 2767 Textus
386 2731 470 2767 Val.
486 2732 586 2768 Max.
601 2732 708 2769 cuius
725 2735 1012 2782 corruptionem
1029 2736 1092 2772 hic
1105 2735 1290 2772 habemus
1305 2731 1524 2771 huiusmodi
1540 2733 1713 2770 videtur:

231 2791 254 2814 a
271 2781 444 2826 Philippo
469 2792 547 2826 reye
570 2783 759 2820 temulento
774 2785 969 2820 immerens
984 2786 1163 2820 damnata
1172 2787 1413 2830 prouocaret;
1441 2793 1474 2817 v.
1491 2780 1658 2828 Kempfii
1670 2781 1713 2817 in

231 2827 289 2863 ed.
303 2827 568 2880 Teubneriana
584 2840 672 2875 app.
691 2831 774 2868 crit.
919 2843 965 2868 22
987 2835 1213 2878 praesentis:
1240 2831 1294 2868 sic
1312 2829 1491 2867 nonnulli
1507 2829 1589 2867 Val.
1608 2829 1709 2866 Max.

232 2874 379 2911 codlces
392 2888 400 2917 ;
434 2875 549 2913 lectio
575 2879 704 2914 autem
734 2879 863 2926 potior
886 2879 1126 2918 aestimanda
1150 2883 1208 2919 est
1225 2884 1450 2929 praesentia.
1665 2887 1713 2923 24

229 2922 455 2960 siracusam
475 2926 570 2961 etc.:
597 2937 631 2961 v.
649 2927 733 2964 Val.
752 2927 855 2964 Max.
873 2927 921 2965 vi.
939 2940 960 2965 2
979 2931 1055 2967 ext.
1073 2940 1106 2966 2.
