1846 3262
139 183 240 218 cAP.
261 171 356 234 xn]
671 171 1124 219 POLICRATICVS
1665 175 1754 224 604
1773 185 1805 214 a

138 295 204 340 At
223 295 305 349 illi,
325 295 550 340 cohortati
578 296 783 354 captiuos
809 296 866 339 ad
891 299 1083 339 mortem
1109 294 1292 338 fortiter
1322 293 1647 352 excipiendam,

137 366 274 410 fidem
297 382 538 410 seruauere
561 367 788 411 Romanis.
841 367 1178 425 Egloninenses‚
1198 381 1302 410 cum
1326 381 1355 409 a
1375 365 1554 409 Iuriato
1574 366 1647 409 his

137 437 270 480 liberi
311 441 358 481 et
397 438 612 496 coniuges
660 437 970 489 redderentur,
1011 440 1398 496 praeoptauerunt
1443 439 1646 494 spectare

137 508 360 566 supplicia
399 508 642 567 pignorum
683 524 867 552 suorum
919 524 1056 566 quam
1103 524 1131 552 a
1179 507 1396 552 Romanis
1446 507 1645 551 deficere.

99 593 121 628 5
138 578 427 631 Numantini,
462 595 519 623 ne
560 595 607 623 se
644 579 874 634 dederent,
911 579 1033 623 fame
1068 579 1183 622 mori
1219 578 1435 637 praefixis
1469 577 1646 621 foribus

137 649 355 694 domuum
376 665 562 694 suarum
582 650 843 694 maluerunt
850 665 861 704 ;
890 650 1194 708 uicissentque
1215 650 1441 694 Romanos
1462 653 1646 693 auctore

139 720 300 766 Orosio
320 721 410 765 nisi
429 721 497 764 illi
517 721 604 765 sub
624 721 835 779 Scipione
855 724 1146 780 pugnassent.

138 878 249 938 Cap.
286 892 352 923 12.
391 878 524 933 Quod
555 878 704 923 uaria
738 877 1096 922 animaduersio
1125 877 1335 934 procedit
1369 876 1428 920 in
1463 891 1532 921 eos
1561 875 1647 935 qui
1667 879 1696 918 b

257 947 372 993 duci
410 963 512 993 ‘non
552 948 874 1006 obtemperant,
907 952 947 993 et
981 951 1212 1005 quatenus
1245 947 1399 992 debeat
1439 947 1615 992 obedim'
1628 964 1648 998 ,-

80 1041 123 1066 10
257 1023 298 1064 et
343 1019 404 1064 in
450 1018 621 1077 quibus
667 1018 913 1063 mandatis
957 1019 1108 1063 locum
1153 1017 1314 1063 habeat
1359 1018 1649 1063 examinatio

256 1090 499 1142 militaris,
519 1090 576 1133 in
597 1089 767 1148 quibus
787 1103 901 1134 non.

198 1194 257 1239 In
298 1210 374 1240 eos
413 1209 524 1239 uero
564 1195 643 1254 qui
685 1195 812 1240 ducis
853 1198 935 1240 aut
975 1194 1090 1254 legis
1136 1209 1228 1239 non
1272 1194 1650 1253 obtemperabant

75 1318 80 1324 .
138 1266 330 1311 arbitrio
357 1265 487 1310 uaria
515 1267 850 1311 animaduersio
879 1266 1162 1325 procedebat.
1224 1265 1345 1309 Nam
1373 1266 1452 1309 alii
1480 1266 1529 1309 in
1558 1266 1648 1310 for-

74 1334 78 1341 ’
137 1341 265 1390 tuna,
284 1337 334 1381 in
355 1337 480 1382 fama
500 1338 592 1390 alii,
616 1338 695 1382 alii
727 1339 775 1382 in
797 1338 1018 1397 sanguine
1046 1338 1312 1396 puniuntur.
1376 1337 1650 1381 Frontinum

80 1430 122 1466 15
139 1408 288 1468 relege
324 1411 371 1453 et
405 1423 729 1468 usquequaque
766 1410 834 1454 ita
866 1425 961 1454 esse
994 1409 1211 1453 inuenies.
1281 1408 1403 1452 Nam
1435 1409 1650 1469 Aurelius

139 1478 279 1525 Cotta
318 1480 488 1531 consul,
527 1495 630 1524 cum
672 1480 731 1524 ad
771 1495 885 1539 opus
926 1481 1101 1539 equites
1150 1480 1419 1524 necessitate
1461 1483 1651 1538 cogente

138 1550 344 1595 iussisset
384 1550 593 1596 accedere
634 1567 878 1610 eorumque
920 1566 1026 1610 pars
1059 1551 1356 1596 detrectasset
1395 1551 1650 1610 imperium,

139 1625 328 1680 questus
368 1623 491 1681 apud
531 1638 737 1667 censores
777 1623 925 1668 effecit
960 1626 1014 1667 ut
1048 1639 1077 1667 a
1116 1623 1326 1681 patribus
1365 1626 1650 1676 notarentur,

140 1692 304 1738 deinde
328 1694 530 1752 optinuit
559 1710 617 1738 ne
648 1694 713 1739 eis
742 1695 990 1753 praeterita
1021 1709 1097 1739 era
1127 1694 1445 1753 procederent;
1474 1694 1651 1738 tribuni

81 1785 126 1811 20
142 1779 322 1824 quoque
335 1764 479 1823 plebis
492 1764 548 1809 de
565 1765 720 1809 eadem
737 1781 784 1809 re
800 1765 859 1809 ad
875 1765 1094 1824 populum
1110 1765 1411 1824 pertulerunt,
1426 1765 1650 1809 omnium·

141 1850 229 1894 que
269 1851 489 1881 consensu
529 1837 735 1881 stabilita
775 1840 844 1880 est
884 1836 1135 1895 disciplina.
1197 1836 1398 1890 Quintus
1439 1835 1651 1880 Metellus

139 1905 455 1952 Macedonicus
485 1907 534 1951 in
566 1907 792 1966 Hispania
822 1907 1023 1966 quinque
1053 1906 1271 1959 cohortes,
1297 1922 1412 1965 quae
1443 1907 1649 1951 hostibus
1668 1921 1694 1952 c

138 1982 378 2031 cesserant,
418 1981 744 2022 testamentum
786 1977 934 2022 facere
974 1977 1120 2022 iussas
1166 1977 1226 2022 ad
1274 1978 1422 2022 locum
1467 1992 1648 2035 recupe-

140 2049 336 2093 randum
357 2049 545 2103 remisit,
566 2050 767 2094 minatus
794 2065 887 2094 non
917 2050 1006 2094 nisi
1034 2053 1138 2108 post
1158 2049 1397 2093 uictoriam
1418 2052 1650 2107 receptum

81 2142 124 2179 ²5
142 2120 214 2166 iri.
274 2120 484 2173 Senatus,
519 2136 622 2165 cum
658 2121 827 2165 milites
864 2120 1013 2164 Publii
1050 2120 1221 2164 Valerii
1262 2120 1461 2179 turpiter
1500 2119 1651 2178 fugati

143 2194 304 2244 essent,
336 2191 539 2237 decreuit
573 2207 631 2236 ne
671 2192 712 2236 ei
753 2192 927 2236 auxilia
967 2191 1347 2235 submitterentur
1386 2190 1475 2234 nisi
1517 2190 1652 2233 uictis

141 2262 361 2307 hostibus.
423 2262 510 2308 His
540 2278 650 2307 uero
679 2263 944 2322 legionibus,
965 2278 1080 2321 quae
1104 2262 1274 2306 Punico
1299 2261 1417 2306 bello
1438 2261 1651 2304 militiam

81 2389 84 2392 ἢ
141 2333 522 2386 detrectauerant,
562 2335 611 2378 in
651 2335 878 2379 Sciliciam
918 2334 1048 2378 uelut
1088 2333 1301 2392 relegatis
1348 2348 1431 2391 per
1477 2335 1651 2391 septem

142 2490 164 2525 7
190 2479 346 2528 cipione
362 2479 398 2516 A
548 2491 561 2518 1
573 2491 587 2517 1
612 2486 697 2528 post
712 2480 895 2519 militaris
913 2482 999 2517 add.
1018 2482 1060 2518 et
1079 2478 1122 2516 S·
1269 2489 1313 2523 14
1339 2478 1409 2516 alii
1422 2477 1465 2515 in
1488 2477 1593 2515 fama
1611 2477 1652 2515 M

142 2538 189 2574 27
214 2528 302 2566 Hiis
321 2528 346 2566 S
493 2530 539 2566 28
566 2528 732 2567 siciliam
749 2529 820 2568 A’:
848 2528 1018 2567 ciciliam
1035 2528 1105 2566 SM
1202 2526 1267 2564 vii.
1285 2526 1326 2563 M

193 2676 215 2703 2
240 2665 528 2711 Eyloninenses:
563 2663 694 2711 potius
719 2664 975 2710 Seqonienses3
1009 2675 1045 2699 v.
1065 2661 1361 2700 Gundermanni
1387 2673 1478 2710 app.
1497 2661 1582 2699 crit.
1600 2660 1652 2698 ad

144 2713 388 2751 Frontinum.
484 2713 653 2749 Iuriato:
678 2711 743 2749 i.e.
769 2713 949 2748 Vim'atho.
1060 2714 1084 2749 6
1109 2713 1348 2760 uicissemque
1366 2714 1463 2748 etc.:
1491 2723 1524 2747 v.
1544 2710 1652 2765 Qros.

143 2763 244 2800 Hiet.
262 2774 296 2799 v.
315 2771 336 2808 7
357 2761 375 2809 ξ
400 2770 456 2808 15.
649 2769 689 2808 15
717 2762 897 2797 Aurelius
913 2763 1010 2797 etc.:
1037 2760 1214 2797 Frontin.
1235 2762 1389 2806 Stmtey.
1406 2759 1453 2796 iv.
1476 2770 1489 2796 1
1514 2759 1651 2815 §Qn-

144 2821 229 2898 25.G
288 2858 314 2896 d
351 2811 410 2852 26.
430 2819 487 2865 27·
502 2810 579 2845 nisi
596 2811 708 2895 uice-{s
731 2810 903 2847 hostibus.
950 2810 1025 2846 His
1048 2821 1136 2846 uero
1159 2810 1383 2856 kqionibue;
1408 2808 1456 2846 de
1481 2807 1651 2845 lectione

143 2871 179 2898 v.
232 2871 286 2896 un
315 2870 490 2896 ermanni
506 2870 597 2906 app.
617 2870 674 2896 cri
696 2887 706 2897 .

1492 2939 1536 2974 ²9
