1846 3262
134 217 237 254 cu.
251 203 355 265 xxv]
657 205 1063 251 POLICRATICV
1064 205 1098 249 S
1626 214 1705 256 772
1723 215 1754 245 a

134 340 277 385 pauca
307 314 535 380 subiciam,
567 341 756 383 quorum
791 326 863 369 uel
898 326 1132 369 minimum
1165 325 1331 368 dixisse
1362 324 1506 368 maius
1540 328 1609 369 εισι

136 399 184 440 οι
214 395 487 440 fructuosius
520 396 579 439 ad
611 396 799 454 gloriam
829 410 963 453 quam
994 395 1150 439 fecisse
1179 394 1298 452 quod
1327 393 1501 438 faciunt
1529 395 1608 452 qui

137 465 305 524 seipsos
324 466 575 509 euiscerant
593 465 651 508 ob
671 464 850 508 inanem
871 465 1017 508 laudis
1036 479 1244 509 amorem.
1303 464 1385 508 Ait
1404 478 1533 522 ergo:
1628 470 1659 509 b

196 557 467 601 Beneficium
497 557 666 615 accepit
694 557 842 601 dando
871 557 948 615 qui
978 557 1087 615 dign
1088 572 1115 601 o
1144 556 1279 601 dedit.

99 624 119 657 5
198 615 345 666 Feras,
374 630 463 659 non
493 616 656 673 culpes,
686 616 804 674 quod
833 616 999 659 mutari
1029 630 1119 659 non
1167 618 1306 717 ¹³test.

197 673 285 719 Cui
314 674 415 732 plus
443 675 548 718 licet
575 689 709 732 quam
738 689 821 742 par
850 679 929 725 est,
957 674 1059 731 plus
1087 677 1351 731 utquam
1380 673 1494 717 lieet.

197 732 358 777 Comes
386 732 606 776 facundus
635 733 683 776 in
712 733 789 776 uia
817 747 899 790 pro
927 732 1132 776 uehiculo
1161 736 1240 776 est.

199 791 454 849 Frugalitas
482 795 550 834 aet
579 791 756 834 miseria
785 791 976 834 rumoris
1005 791 1124 835 boni.

196 849 388 893 Heredis
416 850 548 892 fletus
577 850 661 892 sub
688 864 877 906 persona
905 849 1021 892 risus
1052 853 1132 892 est.

81 914 123 938 ¹0
197 907 342 951 Furor
368 908 423 950 fit
451 907 627 965 saepius
655 907 749 950 lata
776 908 1008 964 patientia.

197 966 402 1023 Improbe
422 966 684 1023 Neptunum
705 968 883 1009 accusat
902 965 979 1022 qui
999 966 1163 1008 iterum
1183 964 1470 1023 naufragium
1492 963 1610 1008 fecit.

196 1023 399 1067 Nimium
429 1024 684 1067 altercando
712 1024 881 1067 ueritas
909 1024 1146 1067 amittitur.

197 1082 307 1126 Pars
334 1082 535 1126 beneficii
564 1085 634 1125 est
662 1082 779 1140 quod
809 1082 980 1139 petitur
1009 1082 1047 1125 si
1077 1082 1167 1126 cito
1195 1096 1340 1139 neges.

198 1140 275 1184 Ita
303 1141 494 1184 amicum
523 1140 687 1183 habeas
716 1144 770 1183 ut
798 1155 925 1207 posse
955 1140 1184 1183 inimicum
1214 1140 1312 1183 fieri
1341 1142 1483 1198 putes.

82 1204 123 1238 ¹⁵
198 1198 406 1242 Veterem
436 1198 620 1242 ferendo
649 1198 860 1241 iniuriam
890 1198 1059 1241 inuitas
1087 1213 1262 1241 nouam.

198 1256 458 1314 Numquam
485 1256 732 1315 periculum
761 1257 856 1300 sine
885 1257 1082 1314 periculo
1110 1257 1321 1300 uincitur.

198 1314 397 1359 Necesse
417 1319 486 1359 aet
513 1319 567 1358 ut
594 1315 762 1359 multos
789 1315 949 1358 timeat
977 1330 1109 1372 quem
1137 1315 1271 1358 multi
1299 1314 1496 1358 timent.

141 1407 368 1452 Postremo
398 1408 472 1452 uel
507 1409 632 1452 tenui
661 1408 848 1452 uirtutis
876 1407 1041 1451 indicio
1070 1407 1166 1451 siue
1195 1407 1242 1450 in
1272 1407 1410 1450 uerbo
1439 1407 1535 1450 siue
1564 1407 1612 1449 in

141 1492 273 1536 opere
311 1478 435 1522 fama
471 1479 768 1537 protenditur,
802 1482 849 1522 et
887 1478 1059 1521 uirtute
1106 1477 1262 1521 relicta
1307 1477 1613 1534 quantuslibet
1632 1482 1658 1511 0

82 1564 128 1589 ao
141 1552 348 1606 sumptus
375 1564 466 1593 non
496 1552 590 1592 tam
618 1549 808 1607 gloriam
838 1562 972 1606 quam
1002 1547 1291 1606 ignominiam
1322 1547 1452 1605 parit.

141 1677 251 1736 Gap.
276 1687 339 1733 ¹5·
397 1678 688 1722 Honestatem
710 1680 797 1720 aut
820 1676 966 1720 solam
987 1681 1074 1720 aut
1096 1691 1214 1734 prae
1232 1676 1387 1720 ceteris
1415 1679 1613 1733 cometen-

256 1747 371 1792 dam
396 1751 436 1792 et
458 1748 516 1791 i'n
542 1762 595 1791 ea
619 1751 715 1791 tota
740 1746 1013 1791 liberalitati
1035 1747 1186 1791 locwm
1205 1761 1289 1790 esse
1307 1747 1614 1804 praecipuum

256 1822 298 1862 ά
315 1834 339 1862 ο
355 1822 516 1862 oo‘ntra
535 1817 799 1861 auaritiam
818 1817 992 1874 qim-iae
1005 1817 1276 1874 plurimum
1294 1816 1554 1860 adum-sari.

202 1909 332 1954 Sicut
349 1914 500 1954 autem
518 1910 674 1968 gloria,
688 1925 802 1967 quae
816 1913 896 1960 est,
911 1913 964 1953 ut
983 1908 1185 1954 Ciceroni
1206 1909 1386 1966 placuit,
1407 1908 1618 1966 frequens

85 1997 129 2033 ²5
147 1979 270 2024 fama
293 1995 395 2024 cum
417 1980 562 2030 laude,
587 1994 615 2022 a
644 1980 791 2023 radice
817 1980 1003 2023 uirtutis
1032 1979 1177 2022 oritur
1204 1982 1252 2022 et
1279 1979 1420 2036 ipsius
1449 1979 1618 2021 lumine

146 2049 385 2093 dumtaxat
422 2049 687 2099 illustratur,
716 2049 783 2092 ita
821 2049 1067 2106 ignominia
1104 2048 1306 2092 confusio
1345 2051 1391 2091 et
1429 2048 1468 2091 si
1508 2048 1616 2104 quid

145 2119 268 2163 aliud
306 2118 432 2162 decet
463 2133 492 2162 a
524 2119 639 2161 uitio
672 2118 815 2162 trahit
846 2119 1065 2176 originem
1099 2122 1145 2162 et
1179 2122 1451 2175 prouectum.
1510 2117 1616 2160 Siue

145 2189 264 2232 enim
295 2191 377 2231 aut
407 2188 501 2231 sola
530 2187 740 2231 honestas
770 2187 935 2230 bonum
966 2188 1039 2238 sit,
1070 2191 1124 2231 ut
1157 2187 1319 2231 Stoicis
1351 2187 1615 2244 quibusdam

145 2258 302 2318 placet,
328 2258 424 2302 siue
452 2257 739 2315 praecipuum
768 2261 815 2301 et
841 2272 948 2315 prae
977 2257 1135 2301 ceteris
1164 2257 1474 2315 expetendum,
1500 2257 1618 2301 sicut

147 2409 170 2488 ἲ
195 2398 394 2461 euicerunt
410 2395 545 2433 CBAS¹
709 2405 729 2443 5
755 2396 916 2480 mutari?
931 2396 1078 2434 imitari
1093 2396 1259 2433 GBASM
1303 2445 1311 2454 ⁸
1413 2398 1524 2444 potes
1539 2396 1615 2434 AM

213 2447 234 2482 ι
261 2443 340 2486 ΟΒ)
524 2454 571 2481 10
593 2443 675 2481 lem
690 2444 761 2481 A':
784 2444 882 2481 alma
914 2456 976 2482 esa
991 2447 1075 2482 aad.
1093 2457 1192 2481 man.
1208 2457 1280 2481 rec.
1295 2456 1337 2479 m
1354 2443 1379 2481 S
1570 2454 1615 2491 27

222 2495 307 2530 ecet
322 2491 365 2529 Π
506 2493 552 2528 28
576 2491 717 2538 stoycis
733 2492 768 2527 A

195 2611 585 2667 4Benefiemmetca
611 2608 779 2646 Macrob.
803 2611 879 2646 Sat.
902 2609 943 2647 ii.
969 2608 1424 2657 7§n(exGeu.xvii.
1453 2609 1618 2658 14§4).

149 2660 172 2696 8
197 2663 248 2694 σοι
275 2660 444 2693 mim-ia:
477 2659 627 2693 miseria
649 2663 701 2693 εει
724 2658 917 2701 Μεοιοὶιά
957 2657 1006 2694 cf.
1031 2669 1145 2704 supra
1168 2669 1201 2694 ο.
1229 2668 1271 2703 13
1299 2659 1383 2703 (762
1397 2658 1453 2703 Β).
1574 2670 1620 2695 ιο

147 2706 409 2752 aemulata:
434 2705 875 2750 lamwepiusuacrob.
985 2706 1320 2751 111mpmbeetc.:
1339 2705 1614 2752 cf.suprac.11

149 2751 1222 2800 (7510).socit:facituoerob.17.·Naeemoeeetc
1247 2754 1620 2791 Laberianus-amna

147 2799 687 2848 mSemdeImiL11§3.
900 2802 1184 2846 4910n'aetc.:
1211 2799 1340 2837 v.Gic.
1357 2801 1618 2838 delum-cmi.

149 2847 233 2897 55§
258 2850 333 2886 166.
353 2857 410 2892 27,
428 2848 475 2884 28
500 2848 814 2885 Siueenimetca
838 2859 870 2884 v.
878 2811 964 2885 Cic.
980 2847 1187 2894 deOff-iii.
1204 2846 1343 2895 8§35.

1446 2929 1511 2964 ³3⁵
