1846 3262
38 245 112 296 615
127 256 153 286 c
501 237 764 284 IOANNIS
805 233 1326 281 SARESBERIENSIS
1477 230 1588 292 [Lm.
1603 241 1656 274 vt

173 378 408 424 aggressus
443 365 511 406 est
546 361 766 417 uultuque
801 357 1006 402 ferociori
1042 359 1088 400 et
1122 356 1300 400 fortiori
1336 369 1474 399 manu
1511 352 1657 398 diuini

173 435 332 478 auxilii
382 433 579 477 hostium
619 430 752 474 corda
802 427 1026 472 concussit
1070 430 1116 470 et
1166 427 1315 485 fregit.
1401 426 1657 482 Statimque

173 505 514 548 insurrexerunt
562 502 610 544 in
659 514 759 543 eum
811 513 937 555 reges
987 497 1260 540 Francorum
1311 499 1358 540 et
1405 495 1658 553 Anglorum

173 575 367 619 collectis
386 573 558 617 uiribus
578 571 670 615 suis
690 572 735 613 et
755 572 946 625 utroque
966 567 1205 610 immanior
1225 567 1367 610 hostis
1388 565 1659 610 Eustachius

174 645 262 696 ille,
282 644 476 688 sororius
496 641 614 699 regis
642 640 930 690 Francorum,
951 637 1029 695 qui
1058 637 1286 695 propriam
1313 651 1451 695 agens
1477 650 1658 680 causam
1677 652 1697 688 5

175 730 266 758 non
283 718 376 758 tam
397 713 518 771 patri
535 726 670 769 quam
687 710 772 753 sibi
788 712 1027 767 paternum
1043 708 1251 751 diadema
1262 722 1527 751 conseruare
1543 706 1659 750 nite-

132 792 161 832 d
178 786 322 828 batur.
364 784 423 827 Et
436 798 509 826 eos
526 782 705 840 quidem
717 795 809 824 non
821 779 953 823 modo
965 779 1161 822 uiriliter
1174 778 1496 836 Neoptolemus
1507 780 1662 821 noster

178 854 394 899 sustinuit
424 852 502 896 sed
527 867 584 895 ex
611 850 811 894 maxima
836 852 966 908 parte
990 851 1199 907 potenter
1226 847 1470 906 superauit.
1529 847 1662 891 Vnde

175 928 323 969 tactus
354 924 504 968 dolore
525 922 670 966 cordis
698 921 967 964 intrinsecus
989 919 1259 963 Eustachius
1280 934 1412 977 quem
1442 917 1661 977 praedixi,

177 995 296 1053 quod
327 995 374 1037 in
405 993 504 1036 uita
534 992 754 1050 optimum
776 990 896 1041 fecit,
917 989 1050 1033 rebus
1071 989 1261 1033 excessit
1286 989 1507 1040 humanis,
1527 1002 1660 1046 quem
1681 1004 1726 1031 ιο

175 1064 421 1108 letantibus
460 1062 591 1107 bonis
636 1065 682 1105 et
722 1061 926 1119 publicae
977 1059 1188 1104 fortunae
1228 1058 1662 1118 congratulantibus,

178 1135 390 1192 quoniam
420 1133 493 1176 hic
522 1131 750 1190 flagellum
780 1130 906 1173 aliud
935 1130 1110 1188 patriae
1140 1129 1417 1182 imminebat,
1446 1129 1665 1172 luxerunt

293 1208 634 1253 ambubaiarum
664 1207 861 1265 collegia,
890 1206 1271 1264 pharmocopolae,

294 1268 498 1319 mendici,
528 1267 704 1320 mimae,
734 1266 1001 1319 balatroneS,
1030 1266 1113 1309 hoc
1142 1280 1285 1323 genus
1316 1279 1456 1309 omne.

179 1344 251 1387 Ne
281 1347 431 1388 tamen
461 1342 611 1387 obitus
641 1342 736 1385 eius
770 1341 938 1400 gloriae
968 1341 1094 1385 ducis
1124 1341 1268 1385 nostri
1309 1341 1548 1399 quicquam
1588 1340 1662 1384 de-
1683 1355 1724 1392 15

179 1414 391 1465 traheret,
411 1413 682 1456 deditionem
712 1411 1031 1462 Oraumersiae,
1055 1411 1104 1454 in
1131 1411 1258 1455 cuius
1284 1411 1534 1455 subsidium
1562 1425 1664 1455 cum

181 1486 311 1542 patre
339 1486 525 1527 uenerat
555 1483 604 1525 in
633 1496 770 1524 manu
799 1481 953 1525 ualida
982 1484 1029 1524 et
1058 1496 1245 1525 numero
1275 1481 1494 1539 ampliori,
1517 1481 1665 1535 uiuus,

37 1560 116 1600 616
137 1569 168 1599 a
184 1557 395 1605 armatus,
430 1553 626 1596 militum
665 1552 912 1595 instructus
945 1551 1084 1609 copia,
1119 1551 1336 1595 sustinuit
1370 1567 1580 1610 praesens
1619 1555 1666 1596 et

183 1624 311 1668 uidit.
351 1623 459 1667 Dux
479 1626 642 1675 autem,
654 1623 838 1667 consilio
857 1622 992 1666 unius
1004 1622 1320 1680 praemonitus,
1332 1623 1454 1666 inter
1467 1626 1665 1667 castrum

182 1694 302 1752 quod
322 1709 403 1737 rex
422 1693 647 1736 munierat
671 1695 717 1736 et
737 1693 855 1751 regis
875 1693 1025 1750 copias
1045 1707 1176 1736 suum
1197 1693 1274 1736 sed
1294 1693 1426 1751 longe
1445 1693 1663 1738 minorem
1684 1712 1728 1737 πο

182 1764 427 1807 exercitum
454 1763 688 1807 interiecit.
747 1762 819 1806 Ne
846 1766 998 1806 tamen
1026 1763 1108 1806 hoc
1136 1763 1412 1821 alienigenae
1439 1764 1667 1808 ascribant

185 1836 670 1894 {agrem—10
692 1844 872 1881 humanis
890 1844 1053 1883 excessit
1071 1844 1189 1882 (31Αὸι

233 1934 254 1960 2
280 1925 480 1970 Statimque
507 1924 604 1960 etc.:
630 1934 734 1960 anno
762 1931 875 1969 1151;
910 1922 958 1959 cf.
986 1922 1101 1958 Henr.
1133 1921 1330 1959 Huntend.
1357 1920 1435 1958 viii.
1459 1921 1483 2006 f
1512 1934 1555 1970 31
1588 1922 1664 1971 (ed.

184 1971 330 2008 Arnold
356 1983 394 2018 p.
425 1970 522 2016 283).
682 1979 699 2017 5
726 1972 821 2016 reyis
835 1971 1090 2007 Francorum:
1117 1970 1186 2008 i.e.
1206 1969 1385 2007 Ludovici
1403 1970 1456 2007 VI
1479 1999 1488 2008 .
1645 1981 1667 2018 7

184 2021 436 2066 Neoptolemus
460 2024 600 2055 noster:
643 2017 704 2055 Sic
729 2030 752 2054 a
782 2019 926 2056 Ioanne
955 2021 1084 2056 nostro
1118 2018 1307 2055 Henricus
1338 2021 1425 2066 quia
1457 2021 1508 2056 ad
1539 2020 1670 2057 bellum

184 2070 313 2104 ductus
345 2072 396 2104 est
423 2079 521 2113 puer
554 2094 562 2103 .
589 2094 598 2103 .
623 2094 631 2103 .
665 2068 845 2103 uocitatus
876 2072 937 2111 est,
971 2069 1016 2103 ut
1049 2067 1095 2103 de
1126 2067 1271 2113 Pyrrho
1303 2066 1466 2105 Achillis
1497 2067 1578 2105 filio
1611 2068 1669 2106 ait

185 2114 334 2152 Servius
362 2114 403 2151 in
440 2116 574 2152 Comm.
601 2116 651 2150 ad
676 2116 770 2153 Aen.
801 2117 840 2151 ii.
874 2116 944 2161 263
972 2115 1045 2159 (ed.
1071 2114 1184 2151 Thilo
1217 2117 1257 2152 et
1289 2115 1425 2162 Hagen
1454 2115 1480 2153 i.
1505 2128 1542 2164 p.
1569 2118 1667 2164 263).

185 2174 208 2210 9
233 2168 349 2199 tactus
372 2165 492 2200 dolore
523 2165 643 2200 cordis
674 2164 767 2199 etc.:
813 2162 860 2201 cf.
890 2162 1043 2200 Gervas.
1069 2162 1181 2200 Cant.
1206 2163 1264 2199 ed.
1294 2163 1436 2200 Stubbs
1467 2164 1492 2201 i.
1527 2176 1564 2212 p.
1602 2174 1667 2213 155

185 2211 292 2257 (Post
308 2211 568 2248 Craumersiae
585 2210 842 2255 deditionem)
866 2212 1090 2248 Eustachius
1105 2213 1199 2257 reqis
1207 2213 1320 2256 filius
1336 2217 1369 2247 et
1385 2214 1488 2249 ducis
1503 2215 1672 2250 aemulus

184 2260 412 2295 uehementer
426 2261 639 2305 indiynans,
652 2265 796 2305 patrem
812 2261 856 2295 de
874 2271 969 2306 pace
990 2261 1087 2296 inita
1110 2262 1301 2306 corripuit,
1316 2265 1350 2296 et
1369 2262 1422 2297 sic
1436 2263 1672 2308 furibundus

184 2319 209 2343 a
241 2309 347 2344 curia
385 2309 550 2344 recedens
582 2313 730 2353 patrem
769 2309 973 2354 dereliquit,
1005 2320 1212 2355 omnemque
1251 2314 1469 2345 uastaturus
1504 2312 1671 2356 patriam

189 2356 459 2401 Cantibriyiam
489 2357 599 2402 petiit
607 2369 621 2400 ;
655 2361 897 2402 proposuerat
927 2357 1026 2392 enim
1058 2358 1182 2393 animo
1221 2368 1286 2393 nec
1324 2359 1441 2393 sacris
1480 2359 1568 2395 locis
1607 2371 1672 2396 nec

184 2409 393 2440 sanctorum
414 2405 581 2450 praediis
622 2414 682 2440 ore
699 2405 938 2450 parcendum.
984 2403 1198 2450 (Praedatis
1223 2404 1399 2441 coenobii
1422 2404 1458 2442 S.
1477 2405 1671 2444 Edmundi

185 2451 228 2487 in
261 2450 443 2488 Suffolcia
475 2451 588 2488 messi
616 2451 675 2498 us)
708 2464 790 2488 cum
821 2454 872 2488 ad
903 2464 1065 2488 mensam
1090 2479 1099 2489 .
1126 2479 1135 2488 .
1161 2480 1170 2489 .
1189 2465 1402 2499 pransurus
1433 2456 1589 2502 sedisset,
1621 2457 1672 2492 ad

182 2502 348 2546 primum
376 2501 491 2536 edulii
520 2505 667 2546 qustum
697 2502 852 2536 insanus
883 2501 1028 2546 effectus
1060 2502 1318 2537 miserabiliter
1346 2504 1498 2548 interiit,
1532 2509 1565 2539 et
1602 2516 1673 2551 pro

187 2550 415 2584 contumacia
427 2549 649 2594 martyribus
664 2549 780 2592 illata,
793 2550 898 2584 diras
913 2551 1041 2584 mortis
1050 2560 1191 2594 poenas
1202 2551 1359 2587 exsolvit.
1398 2549 1454 2588 De
1473 2550 1673 2589 Eustachii

188 2597 311 2632 morte
329 2596 376 2632 cf.
397 2595 516 2633 etiam
533 2595 638 2633 infra
657 2595 737 2634 viii.
754 2607 795 2633 21
822 2597 907 2642 (806
925 2605 954 2632 D
975 2600 1082 2642 seq.).
1208 2607 1252 2642 14
1277 2599 1558 2636 ambubaiarum
1575 2603 1672 2638 etc.:

190 2643 280 2680 Hor.
298 2645 374 2680 Sat.
391 2643 418 2681 i.
436 2654 470 2681 2.
492 2654 522 2688 1,
541 2655 574 2681 2.
771 2645 813 2681 16
840 2645 1118 2681 Graumersiae:
1150 2644 1315 2693 Anglice
1345 2647 1582 2694 Crowmarsh,
1607 2661 1672 2686 ca-

192 2691 344 2727 stellum
362 2692 554 2738 quoddam
570 2691 673 2740 regis
692 2691 881 2739 Stephani
898 2691 940 2728 in
958 2692 1147 2729 comitatu
1163 2693 1369 2731 Oxoniensi
1384 2707 1498 2742 super
1514 2696 1673 2734 fluvium
1720 2738 1722 2741 .

190 2739 380 2775 Tamesim
397 2751 418 2776 e
434 2740 589 2787 regione
599 2739 748 2777 castelli
761 2740 808 2778 de
821 2740 1092 2788 Wallingford.
1125 2741 1207 2778 Hoc
1219 2742 1419 2780 castellum
1433 2743 1481 2780 ab
1492 2744 1673 2790 Hem-ico,

191 2790 236 2823 ut
265 2787 473 2824 castellano
499 2788 547 2825 de
572 2788 831 2835 Wallingford
856 2788 1029 2836 partium
1053 2789 1372 2826 Hem-icianarum
1398 2792 1571 2830 studioso
1595 2805 1674 2831 suc-

191 2837 369 2879 curreret,
403 2847 438 2872 a.
477 2845 566 2883 1153
601 2836 803 2883 obsessum,
837 2849 927 2874 mox
960 2836 1039 2874 icto
1072 2836 1225 2875 foedere
1258 2837 1399 2876 deiecit
1431 2839 1673 2888 Stephanus:

189 2894 222 2918 v.
243 2882 356 2921 Henr.
375 2883 567 2920 Huntend.
583 2884 662 2921 viii.
680 2884 699 2940 ἦ
717 2895 774 2930 34.
921 2893 963 2930 17
980 2890 1152 2921 uenerat:
1172 2897 1221 2923 sc.
1236 2884 1476 2927 Eustachius.
1629 2901 1674 2939 19

190 2931 302 2968 Duae:
329 2930 354 2967 i.
365 2943 396 2969 e.
416 2931 614 2978 Henricus,
633 2944 701 2980 qui
716 2932 1023 2970 Normannorum
1039 2933 1119 2970 dux
1136 2936 1233 2971 erat.

301 2996 343 3032 52
