<?xml version="1.0" encoding="UTF-8"?>
<!DOCTYPE html PUBLIC "-//W3C//DTD XHTML 1.0 Transitional//EN"
    "http://www.w3.org/TR/xhtml1/DTD/xhtml1-transitional.dtd">
<html xmlns="http://www.w3.org/1999/xhtml" xml:lang="en" lang="en">
 <head>
  <title>
</title>
<meta http-equiv="Content-Type" content="text/html;charset=utf-8" />
  <meta name='ocr-system' content='tesseract 3.04.00' />
  <meta name='ocr-capabilities' content='ocr_page ocr_carea ocr_par ocr_line ocrx_word'/>
</head>
<body>
  <div class='ocr_page' id='page_1' title='image "./ioannissaresberi02johnuoft_0104.png"; bbox 0 0 1846 3262; ppageno 0'>
   <div class='ocr_carea' id='block_1_1' title="bbox 38 221 1682 286">
    <p class='ocr_par' dir='ltr' id='par_1_1' title="bbox 38 221 1682 286">
     <span class='ocr_line' id='line_1_1' title="bbox 38 221 1682 286; baseline 0 -19"><span class='ocrx_word' id='word_1_1' title='bbox 38 226 125 276; x_wconf 83' lang='lat'><strong>636</strong></span> <span class='ocrx_word' id='word_1_2' title='bbox 147 236 171 266; x_wconf 86' lang='lat' dir='ltr'><strong>c</strong></span> <span class='ocrx_word' id='word_1_3' title='bbox 523 222 787 269; x_wconf 86' lang='lat' dir='ltr'>IOANNIS</span> <span class='ocrx_word' id='word_1_4' title='bbox 829 221 1352 268; x_wconf 86' lang='lat' dir='ltr'><strong>SARESBERIENSIS</strong></span> <span class='ocrx_word' id='word_1_5' title='bbox 1483 222 1594 286; x_wconf 82' lang='lat' dir='ltr'>[L1B.</span> <span class='ocrx_word' id='word_1_6' title='bbox 1611 235 1682 268; x_wconf 64' lang='lat' dir='ltr'><strong>vn</strong></span> 
     </span>
    </p>
   </div>
   <div class='ocr_carea' id='block_1_2' title="bbox 45 345 1818 2518">
    <p class='ocr_par' dir='ltr' id='par_1_2' title="bbox 45 345 1818 2518">
     <span class='ocr_line' id='line_1_2' title="bbox 189 345 1680 404; baseline -0.001 -14"><span class='ocrx_word' id='word_1_7' title='bbox 189 346 328 390; x_wconf 84' lang='lat' dir='ltr'><strong>nichil</strong></span> <span class='ocrx_word' id='word_1_8' title='bbox 359 346 543 390; x_wconf 89' lang='lat' dir='ltr'><strong>suauius</strong></span> <span class='ocrx_word' id='word_1_9' title='bbox 573 345 784 389; x_wconf 87' lang='lat' dir='ltr'><strong>uideatur</strong></span> <span class='ocrx_word' id='word_1_10' title='bbox 815 345 1072 388; x_wconf 91' lang='lat' dir='ltr'><strong>hominibus</strong></span> <span class='ocrx_word' id='word_1_11' title='bbox 1104 359 1239 402; x_wconf 91' lang='lat' dir='ltr'><strong>quam</strong></span> <span class='ocrx_word' id='word_1_12' title='bbox 1269 345 1417 389; x_wconf 91' lang='lat' dir='ltr'><strong>aliena</strong></span> <span class='ocrx_word' id='word_1_13' title='bbox 1447 346 1569 404; x_wconf 91' lang='lat' dir='ltr'><strong>loqui</strong></span> <span class='ocrx_word' id='word_1_14' title='bbox 1605 346 1680 391; x_wconf 91' lang='lat' dir='ltr'><strong>uel</strong></span> 
     </span>
     <span class='ocr_line' id='line_1_3' title="bbox 190 415 1685 473; baseline 0 -13"><span class='ocrx_word' id='word_1_15' title='bbox 190 417 338 460; x_wconf 90' lang='lat' dir='ltr'><strong>aliena</strong></span> <span class='ocrx_word' id='word_1_16' title='bbox 377 430 557 469; x_wconf 83' lang='lat' dir='ltr'><strong>curare3</strong></span> <span class='ocrx_word' id='word_1_17' title='bbox 601 415 679 459; x_wconf 89' lang='lat' dir='ltr'><strong>sed</strong></span> <span class='ocrx_word' id='word_1_18' title='bbox 714 431 742 459; x_wconf 91' lang='lat' dir='ltr'><strong>a</strong></span> <span class='ocrx_word' id='word_1_19' title='bbox 777 415 1048 473; x_wconf 89' lang='lat' dir='ltr'><strong>compositae</strong></span> <span class='ocrx_word' id='word_1_20' title='bbox 1083 416 1249 460; x_wconf 89' lang='lat' dir='ltr'><strong>mentis</strong></span> <span class='ocrx_word' id='word_1_21' title='bbox 1281 416 1470 460; x_wconf 90' lang='lat' dir='ltr'><strong>arbitrio</strong></span> <span class='ocrx_word' id='word_1_22' title='bbox 1502 417 1685 460; x_wconf 89' lang='lat' dir='ltr'><strong>uidetur</strong></span> 
     </span>
     <span class='ocr_line' id='line_1_4' title="bbox 190 486 1684 544; baseline 0 -14"><span class='ocrx_word' id='word_1_23' title='bbox 190 488 399 538; x_wconf 90' lang='lat' dir='ltr'><strong>alienum,</strong></span> <span class='ocrx_word' id='word_1_24' title='bbox 431 487 558 530; x_wconf 89' lang='lat' dir='ltr'><strong>decet</strong></span> <span class='ocrx_word' id='word_1_25' title='bbox 588 486 707 530; x_wconf 92' lang='lat' dir='ltr'><strong>enim</strong></span> <span class='ocrx_word' id='word_1_26' title='bbox 738 486 987 544; x_wconf 73' lang='lat' dir='ltr'>sapientem</span> <span class='ocrx_word' id='word_1_27' title='bbox 1018 489 1215 529; x_wconf 90' lang='lat' dir='ltr'><strong>mentem</strong></span> <span class='ocrx_word' id='word_1_28' title='bbox 1250 501 1513 544; x_wconf 89' lang='lat' dir='ltr'><strong>componere</strong></span> <span class='ocrx_word' id='word_1_29' title='bbox 1542 490 1596 530; x_wconf 90' lang='lat' dir='ltr'><strong>ut</strong></span> <span class='ocrx_word' id='word_1_30' title='bbox 1624 487 1684 530; x_wconf 87' lang='lat' dir='ltr'><strong>ad</strong></span> 
     </span>
     <span class='ocr_line' id='line_1_5' title="bbox 190 557 1684 615; baseline 0 -13"><span class='ocrx_word' id='word_1_31' title='bbox 190 573 367 602; x_wconf 90' lang='lat' dir='ltr'><strong>omnem</strong></span> <span class='ocrx_word' id='word_1_32' title='bbox 391 557 602 601; x_wconf 76' lang='lat' dir='ltr'><strong>fortunae</strong></span> <span class='ocrx_word' id='word_1_33' title='bbox 622 557 842 615; x_wconf 88' lang='lat' dir='ltr'><strong>impetum</strong></span> <span class='ocrx_word' id='word_1_34' title='bbox 863 557 1055 614; x_wconf 83' lang='lat' dir='ltr'><strong>querelis</strong></span> <span class='ocrx_word' id='word_1_35' title='bbox 1077 557 1269 601; x_wconf 80' lang='lat' dir='ltr'><strong>exclusis</strong></span> <span class='ocrx_word' id='word_1_36' title='bbox 1296 560 1474 602; x_wconf 88' lang='lat' dir='ltr'><strong>scutum</strong></span> <span class='ocrx_word' id='word_1_37' title='bbox 1495 558 1684 602; x_wconf 87' lang='lat' dir='ltr'><strong>rationis</strong></span> 
     </span>
     <span class='ocr_line' id='line_1_6' title="bbox 192 627 1723 685; baseline 0 -14"><span class='ocrx_word' id='word_1_38' title='bbox 192 628 321 685; x_wconf 82' lang='lat' dir='ltr'><strong>quasi</strong></span> <span class='ocrx_word' id='word_1_39' title='bbox 362 627 560 671; x_wconf 88' lang='lat' dir='ltr'><strong>uolubile</strong></span> <span class='ocrx_word' id='word_1_40' title='bbox 600 627 877 685; x_wconf 89' lang='lat' dir='ltr'><strong>praetorium</strong></span> <span class='ocrx_word' id='word_1_41' title='bbox 912 627 1272 685; x_wconf 74' lang='lat' dir='ltr'><strong>philosophantis</strong></span> <span class='ocrx_word' id='word_1_42' title='bbox 1307 631 1517 685; x_wconf 89' lang='lat' dir='ltr'><strong>opponat.</strong></span> <span class='ocrx_word' id='word_1_43' title='bbox 1594 627 1683 682; x_wconf 81' lang='lat' dir='ltr'><strong>Qui</strong></span> <span class='ocrx_word' id='word_1_44' title='bbox 1703 639 1723 675; x_wconf 91' lang='lat'><strong>5</strong></span> 
     </span>
     <span class='ocr_line' id='line_1_7' title="bbox 191 697 1685 756; baseline 0 -15"><span class='ocrx_word' id='word_1_45' title='bbox 191 698 311 742; x_wconf 90' lang='lat' dir='ltr'><strong>enim</strong></span> <span class='ocrx_word' id='word_1_46' title='bbox 333 712 434 741; x_wconf 90' lang='lat' dir='ltr'><strong>cum</strong></span> <span class='ocrx_word' id='word_1_47' title='bbox 456 700 603 741; x_wconf 90' lang='lat' dir='ltr'><strong>status</strong></span> <span class='ocrx_word' id='word_1_48' title='bbox 625 698 695 741; x_wconf 91' lang='lat' dir='ltr'><strong>sui</strong></span> <span class='ocrx_word' id='word_1_49' title='bbox 717 697 936 755; x_wconf 73' lang='lat' dir='ltr'><strong>qualitate</strong></span> <span class='ocrx_word' id='word_1_50' title='bbox 960 697 1151 749; x_wconf 76' lang='lat' dir='ltr'><strong>rixatur,</strong></span> <span class='ocrx_word' id='word_1_51' title='bbox 1172 697 1260 741; x_wconf 93' lang='lat' dir='ltr'><strong>nisi</strong></span> <span class='ocrx_word' id='word_1_52' title='bbox 1290 697 1406 741; x_wconf 87' lang='lat' dir='ltr'><strong>forte</strong></span> <span class='ocrx_word' id='word_1_53' title='bbox 1431 698 1486 741; x_wconf 91' lang='lat' dir='ltr'><strong>de</strong></span> <span class='ocrx_word' id='word_1_54' title='bbox 1513 698 1685 756; x_wconf 89' lang='lat' dir='ltr'><strong>peccati</strong></span> 
     </span>
     <span class='ocr_line' id='line_1_8' title="bbox 190 767 1686 826; baseline 0 -14"><span class='ocrx_word' id='word_1_55' title='bbox 190 768 478 826; x_wconf 84' lang='lat' dir='ltr'><strong>corruptione</strong></span> <span class='ocrx_word' id='word_1_56' title='bbox 510 767 752 826; x_wconf 84' lang='lat' dir='ltr'><strong>languidus</strong></span> <span class='ocrx_word' id='word_1_57' title='bbox 788 768 1065 826; x_wconf 84' lang='lat' dir='ltr'><strong>ingemiscat,</strong></span> <span class='ocrx_word' id='word_1_58' title='bbox 1093 767 1294 811; x_wconf 91' lang='lat' dir='ltr'><strong>nondum</strong></span> <span class='ocrx_word' id='word_1_59' title='bbox 1325 768 1686 826; x_wconf 82' lang='lat' dir='ltr'><strong>philosophantis</strong></span> 
     </span>
     <span class='ocr_line' id='line_1_9' title="bbox 189 838 1687 897; baseline 0 -15"><span class='ocrx_word' id='word_1_60' title='bbox 189 839 419 897; x_wconf 86' lang='lat' dir='ltr'><strong>ingressus</strong></span> <span class='ocrx_word' id='word_1_61' title='bbox 449 841 518 882; x_wconf 91' lang='lat' dir='ltr'><strong>est</strong></span> <span class='ocrx_word' id='word_1_62' title='bbox 546 838 682 883; x_wconf 86' lang='lat' dir='ltr'><strong>uiam.</strong></span> <span class='ocrx_word' id='word_1_63' title='bbox 741 838 810 882; x_wconf 93' lang='lat' dir='ltr'><strong>De</strong></span> <span class='ocrx_word' id='word_1_64' title='bbox 840 853 911 881; x_wconf 92' lang='lat' dir='ltr'><strong>me</strong></span> <span class='ocrx_word' id='word_1_65' title='bbox 942 838 1123 896; x_wconf 90' lang='lat' dir='ltr'><strong>quidem</strong></span> <span class='ocrx_word' id='word_1_66' title='bbox 1152 839 1315 883; x_wconf 88' lang='lat' dir='ltr'><strong>merito</strong></span> <span class='ocrx_word' id='word_1_67' title='bbox 1345 839 1473 896; x_wconf 90' lang='lat' dir='ltr'><strong>queri</strong></span> <span class='ocrx_word' id='word_1_68' title='bbox 1503 853 1687 897; x_wconf 91' lang='lat' dir='ltr'><strong>possum</strong></span> 
     </span>
     <span class='ocr_line' id='line_1_10' title="bbox 191 908 1685 967; baseline 0 -15"><span class='ocrx_word' id='word_1_69' title='bbox 191 908 271 966; x_wconf 92' lang='lat' dir='ltr'><strong>qui</strong></span> <span class='ocrx_word' id='word_1_70' title='bbox 302 908 588 967; x_wconf 84' lang='lat' dir='ltr'><strong>exigentibus</strong></span> <span class='ocrx_word' id='word_1_71' title='bbox 618 908 763 966; x_wconf 92' lang='lat' dir='ltr'><strong>culpis</strong></span> <span class='ocrx_word' id='word_1_72' title='bbox 792 908 902 952; x_wconf 90' lang='lat' dir='ltr'><strong>meis</strong></span> <span class='ocrx_word' id='word_1_73' title='bbox 932 908 981 951; x_wconf 93' lang='lat' dir='ltr'><strong>in</strong></span> <span class='ocrx_word' id='word_1_74' title='bbox 1011 909 1059 952; x_wconf 92' lang='lat' dir='ltr'><strong>id</strong></span> <span class='ocrx_word' id='word_1_75' title='bbox 1089 909 1295 952; x_wconf 88' lang='lat' dir='ltr'><strong>miseriae</strong></span> <span class='ocrx_word' id='word_1_76' title='bbox 1324 909 1550 967; x_wconf 90' lang='lat' dir='ltr'><strong>proiectus</strong></span> <span class='ocrx_word' id='word_1_77' title='bbox 1584 923 1685 952; x_wconf 91' lang='lat' dir='ltr'><strong>sum</strong></span> 
     </span>
     <span class='ocr_line' id='line_1_11' title="bbox 190 979 1749 1037; baseline -0.001 -15"><span class='ocrx_word' id='word_1_78' title='bbox 190 982 245 1022; x_wconf 91' lang='lat' dir='ltr'><strong>ut</strong></span> <span class='ocrx_word' id='word_1_79' title='bbox 274 979 323 1021; x_wconf 92' lang='lat' dir='ltr'><strong>in</strong></span> <span class='ocrx_word' id='word_1_80' title='bbox 352 979 532 1037; x_wconf 88' lang='lat' dir='ltr'><strong>flagella</strong></span> <span class='ocrx_word' id='word_1_81' title='bbox 561 981 748 1036; x_wconf 88' lang='lat' dir='ltr'><strong>paratus</strong></span> <span class='ocrx_word' id='word_1_82' title='bbox 778 979 936 1022; x_wconf 89' lang='lat' dir='ltr'><strong>uidear</strong></span> <span class='ocrx_word' id='word_1_83' title='bbox 966 982 1012 1023; x_wconf 88' lang='lat' dir='ltr'><strong>et</strong></span> <span class='ocrx_word' id='word_1_84' title='bbox 1042 994 1091 1023; x_wconf 92' lang='lat' dir='ltr'><strong>os</strong></span> <span class='ocrx_word' id='word_1_85' title='bbox 1121 994 1272 1022; x_wconf 88' lang='lat' dir='ltr'><strong>meum</strong></span> <span class='ocrx_word' id='word_1_86' title='bbox 1302 983 1433 1023; x_wconf 90' lang='lat' dir='ltr'><strong>nocte</strong></span> <span class='ocrx_word' id='word_1_87' title='bbox 1456 979 1686 1023; x_wconf 87' lang='lat' dir='ltr'><strong>doloribus</strong></span> <span class='ocrx_word' id='word_1_88' title='bbox 1706 995 1749 1021; x_wconf 84' lang='lat'><strong>10</strong></span> 
     </span>
     <span class='ocr_line' id='line_1_12' title="bbox 143 1048 1686 1108; baseline 0.001 -16"><span class='ocrx_word' id='word_1_89' title='bbox 143 1058 175 1098; x_wconf 79' lang='lat' dir='ltr'>d</span> <span class='ocrx_word' id='word_1_90' title='bbox 192 1048 449 1107; x_wconf 83' lang='lat' dir='ltr'><strong>perforetur</strong></span> <span class='ocrx_word' id='word_1_91' title='bbox 472 1052 518 1093; x_wconf 89' lang='lat' dir='ltr'><strong>et</strong></span> <span class='ocrx_word' id='word_1_92' title='bbox 542 1049 620 1107; x_wconf 90' lang='lat' dir='ltr'><strong>qui</strong></span> <span class='ocrx_word' id='word_1_93' title='bbox 644 1064 718 1093; x_wconf 91' lang='lat' dir='ltr'><strong>me</strong></span> <span class='ocrx_word' id='word_1_94' title='bbox 744 1049 985 1094; x_wconf 91' lang='lat' dir='ltr'><strong>comedunt</strong></span> <span class='ocrx_word' id='word_1_95' title='bbox 1011 1064 1102 1093; x_wconf 91' lang='lat' dir='ltr'><strong>non</strong></span> <span class='ocrx_word' id='word_1_96' title='bbox 1127 1050 1370 1107; x_wconf 89' lang='lat' dir='ltr'><strong>quiescant.</strong></span> <span class='ocrx_word' id='word_1_97' title='bbox 1435 1049 1550 1095; x_wconf 85' lang='lat' dir='ltr'><strong>Cum</strong></span> <span class='ocrx_word' id='word_1_98' title='bbox 1579 1065 1686 1108; x_wconf 87' lang='lat' dir='ltr'><strong>ergo</strong></span> 
     </span>
     <span class='ocr_line' id='line_1_13' title="bbox 193 1120 1688 1179; baseline 0.001 -16"><span class='ocrx_word' id='word_1_99' title='bbox 193 1120 321 1164; x_wconf 88' lang='lat' dir='ltr'><strong>dolor</strong></span> <span class='ocrx_word' id='word_1_100' title='bbox 355 1134 482 1163; x_wconf 90' lang='lat' dir='ltr'><strong>meus</strong></span> <span class='ocrx_word' id='word_1_101' title='bbox 514 1120 563 1163; x_wconf 89' lang='lat' dir='ltr'><strong>in</strong></span> <span class='ocrx_word' id='word_1_102' title='bbox 598 1123 838 1178; x_wconf 90' lang='lat' dir='ltr'><strong>conspectu</strong></span> <span class='ocrx_word' id='word_1_103' title='bbox 869 1135 968 1164; x_wconf 91' lang='lat' dir='ltr'><strong>meo</strong></span> <span class='ocrx_word' id='word_1_104' title='bbox 1003 1120 1064 1164; x_wconf 90' lang='lat' dir='ltr'><strong>sit</strong></span> <span class='ocrx_word' id='word_1_105' title='bbox 1097 1135 1283 1178; x_wconf 90' lang='lat' dir='ltr'><strong>semper,</strong></span> <span class='ocrx_word' id='word_1_106' title='bbox 1317 1123 1510 1178; x_wconf 86' lang='lat' dir='ltr'><strong>putasne</strong></span> <span class='ocrx_word' id='word_1_107' title='bbox 1545 1121 1688 1179; x_wconf 86' lang='lat' dir='ltr'><strong>possit</strong></span> 
     </span>
     <span class='ocr_line' id='line_1_14' title="bbox 193 1190 1688 1235; baseline 0.001 -1"><span class='ocrx_word' id='word_1_108' title='bbox 193 1190 353 1234; x_wconf 87' lang='lat' dir='ltr'><strong>calami</strong></span> <span class='ocrx_word' id='word_1_109' title='bbox 388 1190 462 1233; x_wconf 90' lang='lat' dir='ltr'><strong>uel</strong></span> <span class='ocrx_word' id='word_1_110' title='bbox 497 1190 731 1234; x_wconf 87' lang='lat' dir='ltr'><strong>stridentis</strong></span> <span class='ocrx_word' id='word_1_111' title='bbox 762 1190 940 1234; x_wconf 89' lang='lat' dir='ltr'><strong>fistulae</strong></span> <span class='ocrx_word' id='word_1_112' title='bbox 974 1191 1201 1234; x_wconf 88' lang='lat' dir='ltr'><strong>suauitate</strong></span> <span class='ocrx_word' id='word_1_113' title='bbox 1230 1191 1447 1235; x_wconf 59' lang='lat' dir='ltr'><strong>mulceri?</strong></span> <span class='ocrx_word' id='word_1_114' title='bbox 1506 1191 1688 1235; x_wconf 86' lang='lat' dir='ltr'><strong>Faciam</strong></span> 
     </span>
     <span class='ocr_line' id='line_1_15' title="bbox 194 1261 1689 1319; baseline -0.001 -14"><span class='ocrx_word' id='word_1_115' title='bbox 194 1265 348 1305; x_wconf 89' lang='lat' dir='ltr'><strong>tamen</strong></span> <span class='ocrx_word' id='word_1_116' title='bbox 379 1263 623 1318; x_wconf 88' lang='lat' dir='ltr'><strong>utcumque</strong></span> <span class='ocrx_word' id='word_1_117' title='bbox 656 1263 837 1305; x_wconf 91' lang='lat' dir='ltr'><strong>auctore</strong></span> <span class='ocrx_word' id='word_1_118' title='bbox 872 1261 1068 1305; x_wconf 90' lang='lat' dir='ltr'><strong>Domino</strong></span> <span class='ocrx_word' id='word_1_119' title='bbox 1101 1261 1222 1319; x_wconf 91' lang='lat' dir='ltr'><strong>quod</strong></span> <span class='ocrx_word' id='word_1_120' title='bbox 1257 1262 1464 1313; x_wconf 90' lang='lat' dir='ltr'><strong>hortaris,</strong></span> <span class='ocrx_word' id='word_1_121' title='bbox 1486 1263 1533 1306; x_wconf 92' lang='lat' dir='ltr'><strong>et</strong></span> <span class='ocrx_word' id='word_1_122' title='bbox 1567 1262 1689 1305; x_wconf 86' lang='lat' dir='ltr'><strong>inter</strong></span> 
     </span>
     <span class='ocr_line' id='line_1_16' title="bbox 194 1331 1818 1390; baseline -0.002 -15"><span class='ocrx_word' id='word_1_123' title='bbox 194 1331 346 1375; x_wconf 88' lang='lat' dir='ltr'><strong>uarias</strong></span> <span class='ocrx_word' id='word_1_124' title='bbox 376 1346 481 1389; x_wconf 91' lang='lat' dir='ltr'><strong>opes</strong></span> <span class='ocrx_word' id='word_1_125' title='bbox 512 1334 559 1374; x_wconf 91' lang='lat' dir='ltr'><strong>et</strong></span> <span class='ocrx_word' id='word_1_126' title='bbox 585 1331 768 1375; x_wconf 84' lang='lat' dir='ltr'><strong>delicias</strong></span> <span class='ocrx_word' id='word_1_127' title='bbox 795 1331 1045 1383; x_wconf 88' lang='lat' dir='ltr'><strong>nationum,</strong></span> <span class='ocrx_word' id='word_1_128' title='bbox 1066 1331 1230 1389; x_wconf 92' lang='lat' dir='ltr'><strong>quibus</strong></span> <span class='ocrx_word' id='word_1_129' title='bbox 1261 1332 1419 1382; x_wconf 89' lang='lat' dir='ltr'><strong>affluis,</strong></span> <span class='ocrx_word' id='word_1_130' title='bbox 1440 1332 1582 1375; x_wconf 90' lang='lat' dir='ltr'><strong>ieiuni</strong></span> <span class='ocrx_word' id='word_1_131' title='bbox 1611 1347 1686 1390; x_wconf 88' lang='lat' dir='ltr'><strong>pe·</strong></span> <span class='ocrx_word' id='word_1_132' title='bbox 1708 1346 1748 1380; x_wconf 85' lang='lat'><strong>15</strong></span> <span class='ocrx_word' id='word_1_133' title='bbox 1815 1356 1818 1359; x_wconf 59' lang='lat'><strong>&gt;</strong></span> 
     </span>
     <span class='ocr_line' id='line_1_17' title="bbox 195 1400 1687 1459; baseline -0.001 -13"><span class='ocrx_word' id='word_1_134' title='bbox 195 1402 331 1446; x_wconf 89' lang='lat' dir='ltr'><strong>ctoris</strong></span> <span class='ocrx_word' id='word_1_135' title='bbox 348 1404 395 1445; x_wconf 91' lang='lat' dir='ltr'><strong>et</strong></span> <span class='ocrx_word' id='word_1_136' title='bbox 409 1400 561 1444; x_wconf 84' lang='lat' dir='ltr'><strong>aridae</strong></span> <span class='ocrx_word' id='word_1_137' title='bbox 576 1401 759 1459; x_wconf 88' lang='lat' dir='ltr'><strong>linguae</strong></span> <span class='ocrx_word' id='word_1_138' title='bbox 773 1401 1116 1459; x_wconf 89' lang='lat' dir='ltr'><strong>qualiacumque</strong></span> <span class='ocrx_word' id='word_1_139' title='bbox 1131 1402 1398 1446; x_wconf 89' lang='lat' dir='ltr'><strong>munuscula</strong></span> <span class='ocrx_word' id='word_1_140' title='bbox 1419 1405 1499 1446; x_wconf 93' lang='lat' dir='ltr'><strong>tuo</strong></span> <span class='ocrx_word' id='word_1_141' title='bbox 1515 1402 1687 1446; x_wconf 90' lang='lat' dir='ltr'><strong>nomini</strong></span> 
     </span>
     <span class='ocr_line' id='line_1_18' title="bbox 195 1471 1690 1517; baseline -0.001 0"><span class='ocrx_word' id='word_1_142' title='bbox 195 1471 471 1517; x_wconf 86' lang='lat' dir='ltr'><strong>consecrabo.</strong></span> <span class='ocrx_word' id='word_1_143' title='bbox 542 1471 649 1515; x_wconf 90' lang='lat' dir='ltr'><strong>Non</strong></span> <span class='ocrx_word' id='word_1_144' title='bbox 688 1471 809 1515; x_wconf 90' lang='lat' dir='ltr'><strong>enim</strong></span> <span class='ocrx_word' id='word_1_145' title='bbox 850 1471 905 1515; x_wconf 91' lang='lat' dir='ltr'><strong>de</strong></span> <span class='ocrx_word' id='word_1_146' title='bbox 946 1472 1200 1516; x_wconf 91' lang='lat' dir='ltr'><strong>subtilitate</strong></span> <span class='ocrx_word' id='word_1_147' title='bbox 1239 1473 1567 1516; x_wconf 89' lang='lat' dir='ltr'><strong>sententiarum</strong></span> <span class='ocrx_word' id='word_1_148' title='bbox 1608 1476 1690 1516; x_wconf 90' lang='lat' dir='ltr'><strong>aut</strong></span> 
     </span>
     <span class='ocr_line' id='line_1_19' title="bbox 195 1542 1688 1600; baseline 0 -14"><span class='ocrx_word' id='word_1_149' title='bbox 195 1543 437 1587; x_wconf 90' lang='lat' dir='ltr'><strong>uerborum</strong></span> <span class='ocrx_word' id='word_1_150' title='bbox 458 1545 698 1586; x_wconf 88' lang='lat' dir='ltr'><strong>uenustate</strong></span> <span class='ocrx_word' id='word_1_151' title='bbox 718 1557 965 1600; x_wconf 87' lang='lat' dir='ltr'><strong>praesumo,</strong></span> <span class='ocrx_word' id='word_1_152' title='bbox 980 1542 1058 1586; x_wconf 90' lang='lat' dir='ltr'><strong>sed</strong></span> <span class='ocrx_word' id='word_1_153' title='bbox 1079 1543 1134 1586; x_wconf 91' lang='lat' dir='ltr'><strong>de</strong></span> <span class='ocrx_word' id='word_1_154' title='bbox 1155 1543 1414 1588; x_wconf 87' lang='lat' dir='ltr'><strong>sinceritate</strong></span> <span class='ocrx_word' id='word_1_155' title='bbox 1435 1543 1688 1587; x_wconf 89' lang='lat' dir='ltr'><strong>deuotionis</strong></span> 
     </span>
     <span class='ocr_line' id='line_1_20' title="bbox 45 1613 1688 1672; baseline -0.002 -13"><span class='ocrx_word' id='word_1_156' title='bbox 45 1620 128 1668; x_wconf 83' lang='lat'><strong>637</strong></span> <span class='ocrx_word' id='word_1_157' title='bbox 148 1628 180 1658; x_wconf 91' lang='lat' dir='ltr'><strong>a</strong></span> <span class='ocrx_word' id='word_1_158' title='bbox 196 1613 320 1657; x_wconf 88' lang='lat' dir='ltr'><strong>uitae</strong></span> <span class='ocrx_word' id='word_1_159' title='bbox 354 1628 456 1657; x_wconf 90' lang='lat' dir='ltr'><strong>cum</strong></span> <span class='ocrx_word' id='word_1_160' title='bbox 492 1613 652 1671; x_wconf 90' lang='lat' dir='ltr'><strong>quouis</strong></span> <span class='ocrx_word' id='word_1_161' title='bbox 686 1615 863 1656; x_wconf 87' lang='lat' dir='ltr'><strong>oratore</strong></span> <span class='ocrx_word' id='word_1_162' title='bbox 906 1613 1198 1667; x_wconf 81' lang='lat' dir='ltr'><strong>contendam3</strong></span> <span class='ocrx_word' id='word_1_163' title='bbox 1239 1617 1388 1658; x_wconf 89' lang='lat' dir='ltr'><strong>certus</strong></span> <span class='ocrx_word' id='word_1_164' title='bbox 1428 1614 1548 1672; x_wconf 90' lang='lat' dir='ltr'><strong>quod</strong></span> <span class='ocrx_word' id='word_1_165' title='bbox 1589 1629 1688 1657; x_wconf 86' lang='lat' dir='ltr'><strong>eam</strong></span> 
     </span>
     <span class='ocr_line' id='line_1_21' title="bbox 196 1683 1754 1743; baseline 0 -16"><span class='ocrx_word' id='word_1_166' title='bbox 196 1699 304 1742; x_wconf 86' lang='lat' dir='ltr'><strong>prae</strong></span> <span class='ocrx_word' id='word_1_167' title='bbox 345 1698 455 1727; x_wconf 88' lang='lat' dir='ltr'><strong>auro</strong></span> <span class='ocrx_word' id='word_1_168' title='bbox 493 1684 750 1741; x_wconf 87' lang='lat' dir='ltr'><strong>sapientum</strong></span> <span class='ocrx_word' id='word_1_169' title='bbox 785 1686 832 1727; x_wconf 91' lang='lat' dir='ltr'><strong>et</strong></span> <span class='ocrx_word' id='word_1_170' title='bbox 863 1683 1168 1741; x_wconf 91' lang='lat' dir='ltr'><strong>eloquentium</strong></span> <span class='ocrx_word' id='word_1_171' title='bbox 1209 1687 1397 1743; x_wconf 85' lang='lat' dir='ltr'><strong>argento</strong></span> <span class='ocrx_word' id='word_1_172' title='bbox 1435 1684 1688 1742; x_wconf 90' lang='lat' dir='ltr'><strong>acceptabis</strong></span> <span class='ocrx_word' id='word_1_173' title='bbox 1710 1702 1754 1727; x_wconf 67' lang='grc' dir='ltr'><strong>πο</strong></span> 
     </span>
     <span class='ocr_line' id='line_1_22' title="bbox 197 1753 1688 1813; baseline 0 -15"><span class='ocrx_word' id='word_1_174' title='bbox 197 1754 443 1812; x_wconf 87' lang='lat' dir='ltr'><strong>discipulus</strong></span> <span class='ocrx_word' id='word_1_175' title='bbox 462 1754 585 1797; x_wconf 88' lang='lat' dir='ltr'><strong>illius</strong></span> <span class='ocrx_word' id='word_1_176' title='bbox 605 1753 683 1811; x_wconf 91' lang='lat' dir='ltr'><strong>qui</strong></span> <span class='ocrx_word' id='word_1_177' title='bbox 704 1753 794 1797; x_wconf 92' lang='lat' dir='ltr'><strong>duo</strong></span> <span class='ocrx_word' id='word_1_178' title='bbox 813 1753 992 1797; x_wconf 90' lang='lat' dir='ltr'><strong>minuta</strong></span> <span class='ocrx_word' id='word_1_179' title='bbox 1017 1753 1182 1798; x_wconf 92' lang='lat' dir='ltr'><strong>uiduae</strong></span> <span class='ocrx_word' id='word_1_180' title='bbox 1206 1755 1431 1813; x_wconf 90' lang='lat' dir='ltr'><strong>pomposis</strong></span> <span class='ocrx_word' id='word_1_181' title='bbox 1451 1755 1688 1799; x_wconf 91' lang='lat' dir='ltr'><strong>oblationi-</strong></span> 
     </span>
     <span class='ocr_line' id='line_1_23' title="bbox 196 1823 1689 1884; baseline 0.001 -16"><span class='ocrx_word' id='word_1_182' title='bbox 196 1825 281 1868; x_wconf 91' lang='lat' dir='ltr'><strong>bus</strong></span> <span class='ocrx_word' id='word_1_183' title='bbox 302 1824 499 1868; x_wconf 91' lang='lat' dir='ltr'><strong>diuitum</strong></span> <span class='ocrx_word' id='word_1_184' title='bbox 519 1823 749 1882; x_wconf 87' lang='lat' dir='ltr'><strong>praetulit.</strong></span> <span class='ocrx_word' id='word_1_185' title='bbox 797 1823 898 1867; x_wconf 91' lang='lat' dir='ltr'><strong>Erit</strong></span> <span class='ocrx_word' id='word_1_186' title='bbox 919 1824 1056 1867; x_wconf 91' lang='lat' dir='ltr'><strong>etiam</strong></span> <span class='ocrx_word' id='word_1_187' title='bbox 1076 1823 1234 1869; x_wconf 79' lang='lat' dir='ltr'><strong>fauore</strong></span> <span class='ocrx_word' id='word_1_188' title='bbox 1254 1825 1394 1884; x_wconf 85' lang='lat' dir='ltr'><strong>digna</strong></span> <span class='ocrx_word' id='word_1_189' title='bbox 1414 1826 1689 1884; x_wconf 89' lang='lat' dir='ltr'><strong>simplicitas,</strong></span> 
     </span>
     <span class='ocr_line' id='line_1_24' title="bbox 197 1894 1691 1954; baseline 0.002 -16"><span class='ocrx_word' id='word_1_190' title='bbox 197 1897 244 1939; x_wconf 87' lang='lat' dir='ltr'><strong>et</strong></span> <span class='ocrx_word' id='word_1_191' title='bbox 274 1910 365 1938; x_wconf 89' lang='lat' dir='ltr'><strong>non</strong></span> <span class='ocrx_word' id='word_1_192' title='bbox 390 1909 523 1952; x_wconf 89' lang='lat' dir='ltr'><strong>quem</strong></span> <span class='ocrx_word' id='word_1_193' title='bbox 550 1909 730 1938; x_wconf 87' lang='lat' dir='ltr'><strong>sensum</strong></span> <span class='ocrx_word' id='word_1_194' title='bbox 756 1894 904 1952; x_wconf 90' lang='lat' dir='ltr'><strong>prima</strong></span> <span class='ocrx_word' id='word_1_195' title='bbox 935 1894 1050 1938; x_wconf 81' lang='lat' dir='ltr'><strong>facie</strong></span> <span class='ocrx_word' id='word_1_196' title='bbox 1076 1895 1217 1938; x_wconf 88' lang='lat' dir='ltr'><strong>uerba</strong></span> <span class='ocrx_word' id='word_1_197' title='bbox 1243 1895 1498 1954; x_wconf 84' lang='lat' dir='ltr'><strong>significent</strong></span> <span class='ocrx_word' id='word_1_198' title='bbox 1524 1897 1602 1940; x_wconf 88' lang='lat' dir='ltr'><strong>sed</strong></span> <span class='ocrx_word' id='word_1_199' title='bbox 1632 1912 1691 1941; x_wconf 84' lang='lat' dir='ltr'><strong>ex</strong></span> 
     </span>
     <span class='ocr_line' id='line_1_25' title="bbox 198 1964 1688 2023; baseline 0.002 -15"><span class='ocrx_word' id='word_1_200' title='bbox 198 1980 287 2023; x_wconf 92' lang='lat' dir='ltr'><strong>quo</strong></span> <span class='ocrx_word' id='word_1_201' title='bbox 308 1980 441 2008; x_wconf 89' lang='lat' dir='ltr'><strong>sensu</strong></span> <span class='ocrx_word' id='word_1_202' title='bbox 460 1964 535 2008; x_wconf 88' lang='lat' dir='ltr'><strong>uel</strong></span> <span class='ocrx_word' id='word_1_203' title='bbox 555 1965 613 2008; x_wconf 91' lang='lat' dir='ltr'><strong>ad</strong></span> <span class='ocrx_word' id='word_1_204' title='bbox 634 1979 767 2023; x_wconf 89' lang='lat' dir='ltr'><strong>quem</strong></span> <span class='ocrx_word' id='word_1_205' title='bbox 787 1979 967 2008; x_wconf 89' lang='lat' dir='ltr'><strong>sensum</strong></span> <span class='ocrx_word' id='word_1_206' title='bbox 995 1965 1110 2008; x_wconf 91' lang='lat' dir='ltr'><strong>fiant</strong></span> <span class='ocrx_word' id='word_1_207' title='bbox 1135 1965 1282 2010; x_wconf 89' lang='lat' dir='ltr'><strong>fidelis</strong></span> <span class='ocrx_word' id='word_1_208' title='bbox 1308 1966 1448 2010; x_wconf 89' lang='lat' dir='ltr'><strong>lector</strong></span> <span class='ocrx_word' id='word_1_209' title='bbox 1470 1967 1688 2011; x_wconf 89' lang='lat' dir='ltr'><strong>attendes.</strong></span> 
     </span>
     <span class='ocr_line' id='line_1_26' title="bbox 197 2034 1751 2093; baseline 0.002 -14"><span class='ocrx_word' id='word_1_210' title='bbox 197 2035 274 2079; x_wconf 88' lang='lat' dir='ltr'><strong>Sic</strong></span> <span class='ocrx_word' id='word_1_211' title='bbox 314 2035 434 2078; x_wconf 91' lang='lat' dir='ltr'><strong>enim</strong></span> <span class='ocrx_word' id='word_1_212' title='bbox 473 2035 608 2093; x_wconf 89' lang='lat' dir='ltr'><strong>nugis</strong></span> <span class='ocrx_word' id='word_1_213' title='bbox 648 2035 765 2078; x_wconf 90' lang='lat' dir='ltr'><strong>seria</strong></span> <span class='ocrx_word' id='word_1_214' title='bbox 800 2034 1110 2079; x_wconf 88' lang='lat' dir='ltr'><strong>immiscentur</strong></span> <span class='ocrx_word' id='word_1_215' title='bbox 1144 2039 1191 2080; x_wconf 93' lang='lat' dir='ltr'><strong>et</strong></span> <span class='ocrx_word' id='word_1_216' title='bbox 1230 2036 1348 2080; x_wconf 81' lang='lat' dir='ltr'><strong>falsa</strong></span> <span class='ocrx_word' id='word_1_217' title='bbox 1381 2037 1501 2081; x_wconf 90' lang='lat' dir='ltr'><strong>ueris</strong></span> <span class='ocrx_word' id='word_1_218' title='bbox 1535 2041 1590 2082; x_wconf 89' lang='lat' dir='ltr'><strong>ut</strong></span> <span class='ocrx_word' id='word_1_219' title='bbox 1629 2038 1687 2082; x_wconf 89' lang='lat' dir='ltr'><strong>ad</strong></span> <span class='ocrx_word' id='word_1_220' title='bbox 1708 2053 1751 2088; x_wconf 83' lang='lat'><strong>²5</strong></span> 
     </span>
     <span class='ocr_line' id='line_1_27' title="bbox 197 2105 1688 2164; baseline 0.002 -15"><span class='ocrx_word' id='word_1_221' title='bbox 197 2120 398 2149; x_wconf 87' lang='lat' dir='ltr'><strong>summae</strong></span> <span class='ocrx_word' id='word_1_222' title='bbox 433 2105 642 2149; x_wconf 90' lang='lat' dir='ltr'><strong>ueritatis</strong></span> <span class='ocrx_word' id='word_1_223' title='bbox 674 2105 846 2149; x_wconf 89' lang='lat' dir='ltr'><strong>cultum</strong></span> <span class='ocrx_word' id='word_1_224' title='bbox 882 2106 1033 2149; x_wconf 90' lang='lat' dir='ltr'><strong>omnia</strong></span> <span class='ocrx_word' id='word_1_225' title='bbox 1065 2121 1122 2149; x_wconf 84' lang='lat' dir='ltr'><strong>ex</strong></span> <span class='ocrx_word' id='word_1_226' title='bbox 1153 2107 1383 2164; x_wconf 85' lang='lat' dir='ltr'><strong>proposito</strong></span> <span class='ocrx_word' id='word_1_227' title='bbox 1420 2107 1688 2152; x_wconf 83' lang='lat' dir='ltr'><strong>referantur.</strong></span> 
     </span>
     <span class='ocr_line' id='line_1_28' title="bbox 199 2176 1694 2234; baseline 0.003 -15"><span class='ocrx_word' id='word_1_228' title='bbox 199 2176 295 2220; x_wconf 91' lang='lat' dir='ltr'><strong>Nec</strong></span> <span class='ocrx_word' id='word_1_229' title='bbox 335 2179 527 2228; x_wconf 90' lang='lat' dir='ltr'><strong>moueat,</strong></span> <span class='ocrx_word' id='word_1_230' title='bbox 562 2176 601 2219; x_wconf 92' lang='lat' dir='ltr'><strong>si</strong></span> <span class='ocrx_word' id='word_1_231' title='bbox 642 2190 732 2233; x_wconf 86' lang='lat' dir='ltr'><strong>qua</strong></span> <span class='ocrx_word' id='word_1_232' title='bbox 771 2191 937 2227; x_wconf 89' lang='lat' dir='ltr'><strong>eorum,</strong></span> <span class='ocrx_word' id='word_1_233' title='bbox 978 2191 1093 2234; x_wconf 90' lang='lat' dir='ltr'><strong>quae</strong></span> <span class='ocrx_word' id='word_1_234' title='bbox 1132 2177 1206 2221; x_wconf 90' lang='lat' dir='ltr'><strong>hic</strong></span> <span class='ocrx_word' id='word_1_235' title='bbox 1246 2178 1519 2232; x_wconf 83' lang='lat' dir='ltr'><strong>scribuntur,</strong></span> <span class='ocrx_word' id='word_1_236' title='bbox 1559 2179 1694 2224; x_wconf 91' lang='lat' dir='ltr'><strong>aliter</strong></span> 
     </span>
     <span class='ocr_line' id='line_1_29' title="bbox 199 2246 1691 2307; baseline 0.003 -17"><span class='ocrx_word' id='word_1_237' title='bbox 199 2246 495 2290; x_wconf 89' lang='lat' dir='ltr'><strong>inueniantur</strong></span> <span class='ocrx_word' id='word_1_238' title='bbox 532 2246 654 2297; x_wconf 90' lang='lat' dir='ltr'><strong>alibi,</strong></span> <span class='ocrx_word' id='word_1_239' title='bbox 689 2261 791 2290; x_wconf 90' lang='lat' dir='ltr'><strong>cum</strong></span> <span class='ocrx_word' id='word_1_240' title='bbox 824 2249 871 2290; x_wconf 90' lang='lat' dir='ltr'><strong>et</strong></span> <span class='ocrx_word' id='word_1_241' title='bbox 905 2246 1120 2291; x_wconf 89' lang='lat' dir='ltr'><strong>historiae</strong></span> <span class='ocrx_word' id='word_1_242' title='bbox 1155 2247 1204 2290; x_wconf 92' lang='lat' dir='ltr'><strong>in</strong></span> <span class='ocrx_word' id='word_1_243' title='bbox 1236 2247 1427 2292; x_wconf 91' lang='lat' dir='ltr'><strong>diuersis</strong></span> <span class='ocrx_word' id='word_1_244' title='bbox 1461 2253 1691 2307; x_wconf 88' lang='lat' dir='ltr'><strong>gestorum</strong></span> 
     </span>
     <span class='ocr_line' id='line_1_30' title="bbox 199 2317 1691 2375; baseline 0.002 -14"><span class='ocrx_word' id='word_1_245' title='bbox 199 2317 376 2361; x_wconf 89' lang='lat' dir='ltr'><strong>casibus</strong></span> <span class='ocrx_word' id='word_1_246' title='bbox 408 2317 494 2360; x_wconf 92' lang='lat' dir='ltr'><strong>sibi</strong></span> <span class='ocrx_word' id='word_1_247' title='bbox 527 2317 721 2361; x_wconf 90' lang='lat' dir='ltr'><strong>inuicem</strong></span> <span class='ocrx_word' id='word_1_248' title='bbox 751 2317 1036 2375; x_wconf 86' lang='lat' dir='ltr'><strong>reperiantur</strong></span> <span class='ocrx_word' id='word_1_249' title='bbox 1065 2318 1326 2370; x_wconf 90' lang='lat' dir='ltr'><strong>contrariae,</strong></span> <span class='ocrx_word' id='word_1_250' title='bbox 1348 2319 1426 2362; x_wconf 90' lang='lat' dir='ltr'><strong>sed</strong></span> <span class='ocrx_word' id='word_1_251' title='bbox 1458 2320 1517 2363; x_wconf 91' lang='lat' dir='ltr'><strong>ad</strong></span> <span class='ocrx_word' id='word_1_252' title='bbox 1548 2335 1691 2364; x_wconf 91' lang='lat' dir='ltr'><strong>unum</strong></span> 
     </span>
     <span class='ocr_line' id='line_1_31' title="bbox 196 2387 1756 2448; baseline 0.003 -17"><span class='ocrx_word' id='word_1_253' title='bbox 196 2387 415 2431; x_wconf 80' lang='lat' dir='ltr'><strong>&#39;utilitatis</strong></span> <span class='ocrx_word' id='word_1_254' title='bbox 435 2390 482 2431; x_wconf 93' lang='lat' dir='ltr'><strong>et</strong></span> <span class='ocrx_word' id='word_1_255' title='bbox 501 2387 751 2431; x_wconf 88' lang='lat' dir='ltr'><strong>honestatis</strong></span> <span class='ocrx_word' id='word_1_256' title='bbox 769 2388 1012 2445; x_wconf 88' lang='lat' dir='ltr'><strong>proficiunt</strong></span> <span class='ocrx_word' id='word_1_257' title='bbox 1030 2388 1243 2432; x_wconf 79' lang='lat' dir='ltr'><strong>fructum.</strong></span> <span class='ocrx_word' id='word_1_258' title='bbox 1303 2389 1423 2432; x_wconf 90' lang='lat' dir='ltr'><strong>Nam</strong></span> <span class='ocrx_word' id='word_1_259' title='bbox 1443 2391 1692 2448; x_wconf 88' lang='lat' dir='ltr'><strong>periculum</strong></span> <span class='ocrx_word' id='word_1_260' title='bbox 1711 2410 1756 2444; x_wconf 82' lang='lat'><strong>30</strong></span> 
     </span>
     <span class='ocr_line' id='line_1_32' title="bbox 200 2457 1693 2518; baseline 0.004 -18"><span class='ocrx_word' id='word_1_261' title='bbox 200 2457 299 2500; x_wconf 87' lang='lat' dir='ltr'><strong>ueri</strong></span> <span class='ocrx_word' id='word_1_262' title='bbox 332 2457 562 2501; x_wconf 89' lang='lat' dir='ltr'><strong>statuendi</strong></span> <span class='ocrx_word' id='word_1_263' title='bbox 595 2457 732 2502; x_wconf 89' lang='lat' dir='ltr'><strong>michi</strong></span> <span class='ocrx_word' id='word_1_264' title='bbox 768 2473 859 2502; x_wconf 89' lang='lat' dir='ltr'><strong>non</strong></span> <span class='ocrx_word' id='word_1_265' title='bbox 892 2458 1034 2513; x_wconf 79' lang='lat' dir='ltr'><strong>faci03</strong></span> <span class='ocrx_word' id='word_1_266' title='bbox 1078 2459 1157 2503; x_wconf 90' lang='lat' dir='ltr'><strong>sed</strong></span> <span class='ocrx_word' id='word_1_267' title='bbox 1189 2474 1303 2516; x_wconf 90' lang='lat' dir='ltr'><strong>quae</strong></span> <span class='ocrx_word' id='word_1_268' title='bbox 1338 2460 1459 2518; x_wconf 89' lang='lat' dir='ltr'><strong>apud</strong></span> <span class='ocrx_word' id='word_1_269' title='bbox 1491 2461 1693 2506; x_wconf 89' lang='lat' dir='ltr'><strong>diuersos</strong></span> 
     </span>
    </p>
   </div>
   <div class='ocr_carea' id='block_1_3' title="bbox 201 2549 1694 2635">
    <p class='ocr_par' dir='ltr' id='par_1_3' title="bbox 201 2549 1694 2635">
     <span class='ocr_line' id='line_1_33' title="bbox 201 2549 1694 2635; baseline 0.005 -50"><span class='ocrx_word' id='word_1_270' title='bbox 201 2549 429 2635; x_wconf 53' lang='lat' dir='ltr'><strong>{tgiggatgr</strong></span> <span class='ocrx_word' id='word_1_271' title='bbox 444 2550 478 2587; x_wconf 88' lang='lat' dir='ltr'>A</span> <span class='ocrx_word' id='word_1_272' title='bbox 637 2551 659 2589; x_wconf 91' lang='lat'>8</span> <span class='ocrx_word' id='word_1_273' title='bbox 685 2550 866 2599; x_wconf 86' lang='lat' dir='ltr'><strong>conqueri</strong></span> <span class='ocrx_word' id='word_1_274' title='bbox 882 2551 948 2588; x_wconf 76' lang='grc' dir='ltr'><strong>ΔΡ</strong></span> <span class='ocrx_word' id='word_1_275' title='bbox 1107 2562 1156 2590; x_wconf 85' lang='lat'><strong>20</strong></span> <span class='ocrx_word' id='word_1_276' title='bbox 1180 2552 1428 2600; x_wconf 86' lang='lat' dir='ltr'><strong>eloquentum</strong></span> <span class='ocrx_word' id='word_1_277' title='bbox 1445 2554 1480 2590; x_wconf 89' lang='lat' dir='ltr'>A</span> <span class='ocrx_word' id='word_1_278' title='bbox 1647 2566 1694 2603; x_wconf 82' lang='lat'><strong>24</strong></span> 
     </span>
     <span class='ocr_line' id='line_1_34' title="bbox 269 2610 363 2634; baseline 0 0"><span class='ocrx_word' id='word_1_279' title='bbox 269 2610 295 2634; x_wconf 92' lang='lat' dir='ltr'><strong>n</strong></span> <span class='ocrx_word' id='word_1_280' title='bbox 346 2610 363 2634; x_wconf 83' lang='lat' dir='ltr'><strong>s</strong></span> 
     </span>
    </p>
   </div>
   <div class='ocr_carea' id='block_1_4' title="bbox 202 2678 1700 2971">
    <p class='ocr_par' dir='ltr' id='par_1_4' title="bbox 202 2678 1700 2971">
     <span class='ocr_line' id='line_1_35' title="bbox 223 2678 1695 2759; baseline 0.006 -48"><span class='ocrx_word' id='word_1_281' title='bbox 223 2685 273 2759; x_wconf 80' lang='lat' dir='ltr'><strong>M5</strong></span> <span class='ocrx_word' id='word_1_282' title='bbox 300 2678 461 2712; x_wconf 77' lang='lat' dir='ltr'><strong>uolubile</strong></span> <span class='ocrx_word' id='word_1_283' title='bbox 479 2680 713 2723; x_wconf 79' lang='lat' dir='ltr'><strong>praetorium</strong></span> <span class='ocrx_word' id='word_1_284' title='bbox 732 2679 1052 2726; x_wconf 73' lang='lat' dir='ltr'><strong>philosophantis:</strong></span> <span class='ocrx_word' id='word_1_285' title='bbox 1076 2691 1113 2716; x_wconf 84' lang='lat' dir='ltr'><strong>v.</strong></span> <span class='ocrx_word' id='word_1_286' title='bbox 1142 2678 1298 2717; x_wconf 85' lang='lat' dir='ltr'><strong>Hieron.</strong></span> <span class='ocrx_word' id='word_1_287' title='bbox 1328 2682 1408 2717; x_wconf 82' lang='lat' dir='ltr'><strong>adv.</strong></span> <span class='ocrx_word' id='word_1_288' title='bbox 1433 2683 1552 2719; x_wconf 74' lang='lat' dir='ltr'><strong>Iovin.</strong></span> <span class='ocrx_word' id='word_1_289' title='bbox 1578 2681 1620 2720; x_wconf 92' lang='grc'><strong>11.</strong></span> <span class='ocrx_word' id='word_1_290' title='bbox 1650 2694 1695 2729; x_wconf 88' lang='grc'><strong>14</strong></span> 
     </span>
     <span class='ocr_line' id='line_1_36' title="bbox 206 2723 1697 2776; baseline 0.006 -17"><span class='ocrx_word' id='word_1_291' title='bbox 206 2723 220 2770; x_wconf 96' lang='grc'><strong>(</strong></span> <span class='ocrx_word' id='word_1_292' title='bbox 265 2723 355 2771; x_wconf 84' lang='lat' dir='ltr'><strong>igne</strong></span> <span class='ocrx_word' id='word_1_293' title='bbox 380 2726 421 2761; x_wconf 92' lang='lat' dir='ltr'><strong>P.</strong></span> <span class='ocrx_word' id='word_1_294' title='bbox 447 2727 494 2761; x_wconf 90' lang='lat' dir='ltr'><strong>L.</strong></span> <span class='ocrx_word' id='word_1_295' title='bbox 520 2725 627 2761; x_wconf 82' lang='lat' dir='ltr'><strong>xxiii.</strong></span> <span class='ocrx_word' id='word_1_296' title='bbox 653 2732 739 2774; x_wconf 83' lang='lat'><strong>305)</strong></span> <span class='ocrx_word' id='word_1_297' title='bbox 769 2727 816 2764; x_wconf 88' lang='lat' dir='ltr'><strong>de</strong></span> <span class='ocrx_word' id='word_1_298' title='bbox 843 2726 1025 2775; x_wconf 86' lang='lat' dir='ltr'><strong>Diogenis</strong></span> <span class='ocrx_word' id='word_1_299' title='bbox 1049 2726 1174 2774; x_wconf 85' lang='lat' dir='ltr'><strong>cynici</strong></span> <span class='ocrx_word' id='word_1_300' title='bbox 1199 2727 1324 2765; x_wconf 87' lang='lat' dir='ltr'><strong>dolio:</strong></span> <span class='ocrx_word' id='word_1_301' title='bbox 1359 2730 1510 2776; x_wconf 65' lang='lat' dir='ltr'><strong>Frigore</strong></span> <span class='ocrx_word' id='word_1_302' title='bbox 1534 2733 1633 2767; x_wconf 78' lang='lat' dir='ltr'><strong>enim</strong></span> <span class='ocrx_word' id='word_1_303' title='bbox 1656 2743 1697 2769; x_wconf 78' lang='lat' dir='ltr'><strong>os</strong></span> 
     </span>
     <span class='ocr_line' id='line_1_37' title="bbox 204 2774 1696 2826; baseline 0.006 -20"><span class='ocrx_word' id='word_1_304' title='bbox 204 2774 299 2808; x_wconf 79' lang='lat' dir='ltr'><strong>(lolii</strong></span> <span class='ocrx_word' id='word_1_305' title='bbox 314 2774 475 2809; x_wconf 83' lang='lat' dir='ltr'><strong>uertebat</strong></span> <span class='ocrx_word' id='word_1_306' title='bbox 491 2775 533 2809; x_wconf 80' lang='lat' dir='ltr'><strong>in</strong></span> <span class='ocrx_word' id='word_1_307' title='bbox 550 2776 749 2817; x_wconf 76' lang='lat' dir='ltr'><strong>meridiem,</strong></span> <span class='ocrx_word' id='word_1_308' title='bbox 767 2781 901 2812; x_wconf 70' lang='lat' dir='ltr'><strong>aestate</strong></span> <span class='ocrx_word' id='word_1_309' title='bbox 917 2777 967 2812; x_wconf 84' lang='lat' dir='ltr'><strong>ad</strong></span> <span class='ocrx_word' id='word_1_310' title='bbox 985 2778 1265 2822; x_wconf 78' lang='lat' dir='ltr'><strong>septentrionem</strong></span> <span class='ocrx_word' id='word_1_311' title='bbox 1273 2790 1288 2822; x_wconf 90' lang='lat'><em>;</em></span> <span class='ocrx_word' id='word_1_312' title='bbox 1312 2782 1355 2821; x_wconf 83' lang='lat' dir='ltr'><strong>et,</strong></span> <span class='ocrx_word' id='word_1_313' title='bbox 1374 2783 1564 2826; x_wconf 79' lang='lat' dir='ltr'><strong>utcumque</strong></span> <span class='ocrx_word' id='word_1_314' title='bbox 1580 2781 1636 2815; x_wconf 77' lang='lat' dir='ltr'><strong>sol</strong></span> <span class='ocrx_word' id='word_1_315' title='bbox 1658 2792 1696 2816; x_wconf 74' lang='lat' dir='ltr'><strong>se</strong></span> 
     </span>
     <span class='ocr_line' id='line_1_38' title="bbox 204 2821 1696 2873; baseline 0.006 -18"><span class='ocrx_word' id='word_1_316' title='bbox 204 2821 462 2864; x_wconf 75' lang='lat' dir='ltr'><strong>inclinauerat‚</strong></span> <span class='ocrx_word' id='word_1_317' title='bbox 482 2822 658 2868; x_wconf 72' lang='lat' dir='ltr'><strong>Dioyenis</strong></span> <span class='ocrx_word' id='word_1_318' title='bbox 670 2824 785 2859; x_wconf 73' lang='lat' dir='ltr'><strong>simul</strong></span> <span class='ocrx_word' id='word_1_319' title='bbox 794 2827 1025 2870; x_wconf 78' lang='lat' dir='ltr'><strong>praetorium</strong></span> <span class='ocrx_word' id='word_1_320' title='bbox 1040 2825 1258 2860; x_wconf 81' lang='lat' dir='ltr'><strong>uertebatur.</strong></span> <span class='ocrx_word' id='word_1_321' title='bbox 1423 2837 1468 2863; x_wconf 89' lang='lat'><strong>10</strong></span> <span class='ocrx_word' id='word_1_322' title='bbox 1491 2829 1533 2862; x_wconf 79' lang='lat' dir='ltr'><strong>in</strong></span> <span class='ocrx_word' id='word_1_323' title='bbox 1541 2829 1696 2873; x_wconf 73' lang='lat' dir='ltr'><strong>flayella</strong></span> 
     </span>
     <span class='ocr_line' id='line_1_39' title="bbox 202 2869 1700 2919; baseline 0.007 -17"><span class='ocrx_word' id='word_1_324' title='bbox 202 2873 380 2914; x_wconf 79' lang='lat' dir='ltr'><strong>paratus:</strong></span> <span class='ocrx_word' id='word_1_325' title='bbox 406 2869 465 2905; x_wconf 84' lang='lat' dir='ltr'><strong>Ps.</strong></span> <span class='ocrx_word' id='word_1_326' title='bbox 483 2869 623 2907; x_wconf 83' lang='lat' dir='ltr'><strong>xxxvii.</strong></span> <span class='ocrx_word' id='word_1_327' title='bbox 645 2873 698 2908; x_wconf 86' lang='lat'><strong>18.</strong></span> <span class='ocrx_word' id='word_1_328' title='bbox 805 2883 845 2908; x_wconf 76' lang='grc' dir='ltr'><strong>οε</strong></span> <span class='ocrx_word' id='word_1_329' title='bbox 859 2883 979 2908; x_wconf 75' lang='lat' dir='ltr'><strong>meum</strong></span> <span class='ocrx_word' id='word_1_330' title='bbox 994 2873 1091 2909; x_wconf 88' lang='lat' dir='ltr'><strong>etc.:</strong></span> <span class='ocrx_word' id='word_1_331' title='bbox 1116 2884 1149 2907; x_wconf 89' lang='lat' dir='ltr'><strong>v.</strong></span> <span class='ocrx_word' id='word_1_332' title='bbox 1168 2872 1237 2909; x_wconf 94' lang='lat' dir='ltr'><strong>Iob</strong></span> <span class='ocrx_word' id='word_1_333' title='bbox 1253 2885 1341 2908; x_wconf 87' lang='lat' dir='ltr'>xxx.</span> <span class='ocrx_word' id='word_1_334' title='bbox 1365 2883 1418 2919; x_wconf 89' lang='lat'><strong>17.</strong></span> <span class='ocrx_word' id='word_1_335' title='bbox 1534 2884 1576 2911; x_wconf 88' lang='lat'><strong>12</strong></span> <span class='ocrx_word' id='word_1_336' title='bbox 1593 2877 1700 2912; x_wconf 83' lang='lat' dir='ltr'><strong>dolor</strong></span> 
     </span>
     <span class='ocr_line' id='line_1_40' title="bbox 207 2917 1693 2971; baseline 0.006 -20"><span class='ocrx_word' id='word_1_337' title='bbox 207 2927 308 2952; x_wconf 61' lang='lat' dir='ltr'><strong>&#39;neus</strong></span> <span class='ocrx_word' id='word_1_338' title='bbox 323 2919 418 2953; x_wconf 84' lang='lat' dir='ltr'><strong>etc.:</strong></span> <span class='ocrx_word' id='word_1_339' title='bbox 446 2917 505 2953; x_wconf 80' lang='lat' dir='ltr'><strong>Ps.</strong></span> <span class='ocrx_word' id='word_1_340' title='bbox 524 2917 665 2955; x_wconf 87' lang='lat' dir='ltr'><strong>xxxvii.</strong></span> <span class='ocrx_word' id='word_1_341' title='bbox 688 2920 742 2956; x_wconf 85' lang='lat'><strong>18.</strong></span> <span class='ocrx_word' id='word_1_342' title='bbox 818 2930 861 2957; x_wconf 90' lang='lat'><strong>21</strong></span> <span class='ocrx_word' id='word_1_343' title='bbox 890 2922 962 2957; x_wconf 84' lang='lat' dir='ltr'><strong>duo</strong></span> <span class='ocrx_word' id='word_1_344' title='bbox 978 2921 1123 2957; x_wconf 76' lang='lat' dir='ltr'><strong>minuta</strong></span> <span class='ocrx_word' id='word_1_345' title='bbox 1139 2922 1214 2958; x_wconf 82' lang='lat' dir='ltr'><strong>etc.</strong></span> <span class='ocrx_word' id='word_1_346' title='bbox 1231 2931 1241 2956; x_wconf 91' lang='lat'>:</span> <span class='ocrx_word' id='word_1_347' title='bbox 1267 2933 1300 2957; x_wconf 88' lang='lat' dir='ltr'><strong>v.</strong></span> <span class='ocrx_word' id='word_1_348' title='bbox 1313 2920 1432 2959; x_wconf 81' lang='lat' dir='ltr'><strong>Marc.</strong></span> <span class='ocrx_word' id='word_1_349' title='bbox 1446 2921 1513 2959; x_wconf 80' lang='lat' dir='ltr'><strong>xii.</strong></span> <span class='ocrx_word' id='word_1_350' title='bbox 1526 2933 1570 2968; x_wconf 90' lang='lat'><strong>41</strong></span> <span class='ocrx_word' id='word_1_351' title='bbox 1587 2934 1693 2971; x_wconf 83' lang='lat' dir='ltr'><strong>seqq.</strong></span> 
     </span>
    </p>
   </div>
   <div class='ocr_carea' id='block_1_5' title="bbox 317 2981 362 3016">
    <p class='ocr_par' dir='ltr' id='par_1_5' title="bbox 317 2981 362 3016">
     <span class='ocr_line' id='line_1_41' title="bbox 317 2981 362 3016; baseline 0 -11"><span class='ocrx_word' id='word_1_352' title='bbox 317 2981 362 3016; x_wconf 76' lang='lat'><strong>92</strong></span> 
     </span>
    </p>
   </div>
  </div>
 </body>
</html>
