1846 3262
85 207 167 247 601
185 205 216 246 b
569 201 832 247 IOANNIS
872 199 1393 246 SARESBERIENSIS
1545 197 1657 260 [mn.
1670 209 1723 244 VI

188 331 219 371 b
238 324 576 384 Impugnabant
611 324 728 368 enim
761 324 912 367 hostes
947 323 1136 381 imperii,
1165 322 1243 366 sed
1275 322 1490 366 mandata
1519 322 1603 365 Dei
1634 336 1723 365 ser-

236 395 434 449 uabant3
481 395 519 438 si
559 409 668 438 uero
706 394 1097 452 praecipiebantur
1134 396 1352 437 temerare
1393 393 1548 451 legem,
1578 392 1724 435 Deum

237 465 408 509 homini
449 464 776 523 praeferebant.
841 464 1068 508 Sedebant
1108 463 1332 522 principes
1371 466 1417 506 et
1456 463 1726 506 accusabant

238 550 339 589 eos3
388 536 454 578 illi
496 535 820 579 exercebantur
859 535 907 577 in
947 533 1340 578 iustificationibus
1390 533 1585 584 Domini,
1628 547 1723 577 con-

238 609 412 649 stanter
437 606 669 662 loquentes
695 607 741 648 et
768 608 952 662 agentes
979 605 1075 648 sine
1102 603 1363 648 confusione
1392 603 1607 646 mandata
1631 603 1726 646 eius
1746 619 1765 653 5

237 691 339 719 cum
369 676 490 719 omni
520 675 694 718 fiducia.
755 675 906 718 Dauid
937 690 1113 732 quoque
1142 674 1360 717 militasse
1393 673 1560 732 legitur
1589 673 1727 717 Achis

238 748 284 789 et
312 746 446 788 fidem
477 748 524 788 et
553 745 855 788 reuerentiam
886 745 1127 788 militantis
1156 744 1376 801 implesse.

297 815 422 858 Haec
446 818 599 858 autem
626 815 750 858 omni
774 815 963 858 militiae
993 813 1190 857 formula
1219 813 1561 871 praescribenda
1585 815 1653 856 est
1682 815 1729 856 et

238 885 465 942 implenda
497 887 551 928 ut
580 884 677 928 Deo
707 885 904 942 primum
934 884 1045 927 fides
1075 883 1239 935 debita,
1269 883 1430 926 deinde
1459 882 1651 941 principi
1682 885 1729 926 et

238 955 303 999 rei
332 955 537 1013 publicae
567 958 774 999 seruetur
802 954 1049 1000 incolumis.
1109 954 1169 997 Et
1199 969 1373 1011 semper
1401 953 1572 997 maiora
1599 968 1727 1011 prae·
1749 967 1790 991 10

238 1026 504 1070 iudicabunt
536 1025 796 1076 minoribus,
832 1025 939 1082 quia
972 1039 1054 1068 nec
1089 1024 1154 1068 rei
1189 1023 1393 1082 publicae
1425 1038 1507 1068 nec
1536 1023 1728 1081 principi

238 1096 350 1139 fides
370 1095 592 1139 seruanda
612 1098 680 1138 est
701 1098 858 1138 contra
885 1095 1032 1138 Deum
1063 1094 1141 1138 sed
1166 1093 1410 1137 secundum
1435 1094 1593 1145 Deum,
1613 1093 1730 1137 sicut

239 1166 376 1209 habet
397 1166 495 1223 ipsa
515 1165 745 1223 conceptio
765 1165 976 1208 militaris
997 1164 1276 1208 sacramenti.
1335 1163 1465 1207 Vnde
1485 1163 1730 1221 plurimum

239 1235 379 1279 miror
410 1235 448 1279 si
482 1235 582 1293 quis
613 1235 820 1293 princeps
855 1236 945 1279 illis
978 1235 1143 1278 habeat
1172 1235 1306 1278 fidem
1337 1249 1448 1292 quos
1477 1235 1604 1278 uidet
1634 1234 1730 1278 Deo

197 1315 224 1347 ο
242 1321 334 1357 suo,
354 1305 426 1349 cui
447 1304 518 1364 (ut
537 1308 685 1348 cetera
711 1304 902 1364 taceam)
930 1305 1066 1349 etiam
1095 1307 1374 1348 sacramento
1401 1304 1589 1348 militiae
1617 1304 1729 1348 obli·
1749 1314 1789 1349 15

241 1376 338 1434 gati
379 1378 497 1427 sunt,
536 1375 670 1418 fidem
711 1375 909 1418 debitam
948 1391 1039 1418 non
1079 1390 1269 1419 seruare.
1331 1374 1536 1428 Quonam
1575 1375 1731 1418 morbo

241 1446 430 1489 rationis
469 1445 644 1488 laborat
684 1445 761 1503 qui
802 1460 905 1489 eum
945 1445 1031 1489 sibi
1071 1445 1248 1488 fidelem
1284 1444 1381 1488 fore
1416 1445 1558 1489 credit
1600 1459 1732 1502 quem

242 1516 369 1559 uidet
402 1530 496 1559 esse
525 1519 786 1573 corruptum
817 1519 862 1558 et
892 1514 1113 1573 perfidum
1145 1515 1195 1557 in
1224 1514 1353 1558 illum
1383 1515 1455 1558 cui
1487 1515 1732 1572 plurimum

242 1586 407 1630 debet?
468 1585 557 1628 Sed
578 1585 708 1628 timet
728 1585 998 1643 principem3
1028 1587 1158 1636 certe,
1172 1585 1209 1627 si
1231 1584 1394 1628 fortior
1412 1585 1734 1643 superuenerit‚

243 1656 531 1714 praetimebit
566 1658 612 1699 et
646 1655 786 1698 illum.
852 1655 1047 1699 Amatur
1077 1655 1195 1699 forte
1225 1655 1456 1713 princeps;
1497 1658 1558 1708 at,
1587 1655 1626 1699 si
1656 1656 1732 1699 be·
1752 1671 1796 1697 πο

243 1725 424 1783 nignior
459 1729 504 1769 et
541 1722 857 1768 beneficentior
889 1725 1161 1783 apparuerit,
1194 1728 1240 1768 et
1276 1725 1404 1768 illum
1441 1726 1738 1783 praeamabit.

245 1794 352 1838 Non
372 1797 440 1838 est
460 1809 549 1852 quo
576 1809 623 1838 se
646 1809 738 1838 non
764 1797 916 1838 uertat
940 1795 1106 1852 impius
1130 1795 1208 1852 qui
1236 1795 1462 1838 hominem
1490 1795 1585 1839 Deo
1608 1810 1733 1853 prae-

245 1864 360 1919 fert3
403 1880 686 1923 nequaquam
727 1865 928 1909 seruabit
967 1865 1103 1909 fidem
1143 1865 1384 1909 secundam
1425 1866 1502 1924 qui
1542 1866 1735 1925 primam

246 1935 423 1978 irritam
455 1934 582 1979 facit.

249 2049 357 2108 Cap.
377 2063 441 2093 10.
467 2050 533 2093 De
544 2049 814 2107 priuileyiis
828 2049 1054 2102 militum,
1072 2054 1109 2094 et
1126 2050 1246 2107 quod
1261 2055 1542 2095 sacramento
1558 2051 1737 2096 astricti
1757 2071 1797 2106 ²5

386 2123 497 2164 swnt
517 2120 749 2174 Ecclesiae,
770 2124 808 2164 et
830 2135 972 2177 quare
992 2120 1180 2177 ¹qladius
1200 2121 1419 2178 offeratur
1439 2122 1599 2167 altari.
1631 2157 1634 2160 ι

205 2207 236 2248 d
310 2207 447 2251 Recte
476 2222 584 2250 uero
613 2207 908 2250 militantium
938 2207 1177 2266 priuilegia
1206 2208 1351 2252 multa
1385 2212 1503 2261 sunt,
1533 2224 1648 2267 quae
1682 2210 1739 2253 de

250 2278 348 2321 iure
389 2277 575 2334 antiquo
614 2277 751 2320 latius
790 2280 958 2335 patent.
1029 2277 1149 2322 Nam
1190 2282 1236 2322 et
1275 2279 1504 2323 liberiores
1545 2283 1653 2324 sunt
1693 2283 1740 2324 et

250 2349 455 2406 pluribus
494 2348 857 2392 immunitatibus
886 2348 1099 2407 gaudent.
1163 2349 1236 2392 Ab
1268 2350 1466 2408 angariis
1502 2353 1548 2394 et
1576 2365 1739 2408 paran-

250 2418 389 2476 gariis
424 2421 470 2461 et
505 2417 697 2461 sordidis
730 2419 991 2462 muneribus
1026 2419 1174 2471 alieni,
1210 2420 1311 2463 iura
1343 2435 1519 2478 quoque
1553 2420 1740 2465 licenter
1758 2441 1801 2476 30

250 2489 462 2547 ignorant
502 2491 559 2540 et,
598 2488 704 2532 licet
743 2489 792 2532 in
831 2492 1055 2547 potestate
1094 2490 1198 2542 sint,
1230 2490 1279 2533 in
1314 2491 1530 2535 castrensi
1565 2491 1740 2550 peculio

254 2606 309 2640 11,
331 2607 373 2633 12
398 2597 492 2634 fides
508 2596 676 2644 principi
691 2596 732 2632 M
927 2607 969 2643 13
996 2597 1228 2635 sacramenti
1245 2597 1427 2636 militaris
1443 2596 1490 2635 A¹
1696 2599 1741 2637 18

252 2644 422 2691 plurium
441 2644 465 2681 S
610 2648 654 2682 28
679 2643 892 2692 liberiores]
912 2645 1108 2683 uberiores
1127 2646 1168 2683 M

302 2749 323 2784 3
348 2740 525 2775 Sedebant
542 2741 638 2776 etc.:
665 2751 698 2775 v.
717 2738 776 2775 Ps.
794 2738 919 2776 cxviii.
938 2749 995 2785 23.
1108 2740 1132 2776 6
1156 2741 1284 2776 Dauid
1301 2742 1397 2777 etc.:
1422 2751 1455 2777 v,
1479 2750 1494 2778 1
1515 2739 1608 2787 Reg.
1625 2740 1742 2778 xxvii.

253 2795 274 2822 2
294 2798 395 2832 seqq.
498 2797 541 2834 19
565 2789 748 2834 sifortior
761 2789 1031 2833 super-uenerit:
1057 2799 1090 2823 v.
1110 2787 1199 2824 Luc.
1212 2787 1261 2825 xi.
1274 2798 1331 2824 22.
1430 2799 1477 2835 29
1500 2790 1559 2824 Ab
1575 2791 1745 2835 angariis

252 2835 350 2918 ξίίξχε
369 2833 514 2927 1ν7..1)13.
529 2834 556 2873 1.
574 2844 608 2883 5.
629 2845 674 2873 10
692 2834 710 2882 ᾗ
731 2845 777 2879 2;
804 2834 894 2872 cod.
914 2834 1051 2873 Iustin.
1065 2847 1100 2872 x.
1120 2844 1178 2881 47.
1194 2846 1248 2881 12,
1268 2835 1333 2874 xii.
1349 2838 1406 2874 16.
1417 2847 1462 2884 33
1488 2836 1575 2884 Dig.
1590 2836 1693 2875 xxix.
1709 2847 1741 2883 1,

366 2963 410 2999 ²4
