1846 3262
58 207 138 249 723
157 207 188 238 a

538 195 801 242 IOANNIS
842 195 1363 241 SARESBERIENSIS
1469 194 1579 257 [ΜΒ.
1595 193 1689 239 vm

204 319 436 363 Insultant
463 319 503 362 ei
528 318 758 377 tragediae
782 318 1071 375 antiquorum
1093 332 1144 361 eo
1165 318 1283 375 quod
1304 322 1496 376 angusta
1516 317 1688 362 homini

204 390 421 448 possessio
442 389 532 432 fuit
553 404 667 446 quae
686 388 870 432 deorum
895 388 1095 431 omnium
1120 388 1344 432 domicilio
1364 388 1539 433 sufficit.
1598 388 1689 432 Sed

204 463 367 511 tamen,
399 460 504 503 licet
544 458 773 516 appetitus
808 458 977 516 gloriae
1012 473 1186 516 semper
1219 458 1429 501 uideatur
1463 459 1511 501 in
1546 458 1690 516 eulpa,

205 546 329 574 error
358 545 510 573 eorum
536 529 825 587 perniciosior
853 532 921 572 est
946 529 1023 587 qui
1049 529 1123 572 uel
1151 529 1389 572 sceleribus
1415 529 1690 573 innotescere

204 601 357 659 magni
385 601 624 643 duxerunt.
687 599 943 651 Pausanias,
964 614 1065 643 cum
1086 599 1351 643 Hermoclea
1374 602 1690 657 percunctatus

205 674 321 714 esset
351 686 544 728 quonam
575 671 707 714 modo
738 670 888 714 subito
918 670 1065 714 clarus
1089 673 1240 727 posset
1267 670 1467 721 euadere,
1488 673 1624 727 atque
1651 670 1691 714 is

205 741 518 798 respondisset,
537 741 575 784 si
596 741 828 784 occidisset
848 740 1043 797 aliquem
1062 740 1213 782 uirum
1234 740 1467 790 illustrem,
1482 739 1691 783 futurum

155 811 185 851 b
205 814 257 854 ut
284 812 332 854 in
359 811 548 869 gloriam
577 811 673 855 eius
701 811 848 869 ipsum
877 810 1160 862 redundaret,
1187 810 1400 854 continuo
1432 810 1691 868 Philippum

204 882 445 933 interemit,
467 885 513 925 et
537 881 718 939 quidem
747 881 866 939 quod
894 881 1087 938 petierat
1111 884 1340 924 assecutus
1361 883 1439 924 est.
1500 881 1620 924 Nam
1645 883 1692 924 et

204 968 251 997 se
282 952 522 1010 parricidio
554 955 712 996 notum
748 952 938 1010 posteris
973 951 1170 995 reddidit
1200 954 1246 995 et
1281 951 1442 995 celebri
1473 951 1690 1009 supplicio

203 1023 410 1081 patibuli,
434 1023 506 1066 cui
533 1022 696 1066 affixus
723 1025 803 1074 est,
827 1037 988 1066 corona
1013 1037 1160 1074 aurea,
1182 1037 1317 1079 quam
1345 1022 1551 1073 Mirtalis‚
1577 1037 1691 1079 quae

205 1098 251 1138 et
273 1094 492 1152 Olimpias
513 1093 634 1137 dicta
654 1097 734 1145 est,
749 1093 886 1151 capiti
903 1094 999 1137 eius
1014 1093 1250 1151 pendentis
1270 1093 1495 1150 imposuit,
1515 1093 1691 1136 nullum

204 1165 341 1209 dante
382 1164 605 1208 solatium.
665 1164 722 1208 In
759 1164 1007 1208 uindictam
1042 1167 1195 1207 tamen
1230 1163 1473 1221 pudicitiae
1508 1178 1589 1221 per
1622 1163 1690 1206 in-

203 1236 367 1279 iuriam
403 1235 685 1293 prostitutae,
717 1234 924 1292 Philippo
959 1249 1050 1278 non
1086 1235 1302 1292 puniente
1341 1234 1419 1278 sed
1460 1234 1691 1278 deridente

204 1306 429 1357 iniuriam,
442 1308 591 1363 potest
612 1308 792 1349 auctore
808 1304 954 1362 Trogo
974 1305 1259 1362 aliquatenus
1280 1305 1448 1349 crimen
1469 1305 1690 1363 sacrilegii

206 1376 421 1420 excusari.
483 1375 704 1419 Inuentus
744 1378 812 1419 est
853 1376 930 1433 qui
971 1376 1144 1419 Dianae
1186 1375 1436 1433 Ephesinae
1471 1375 1690 1433 templum

205 1447 344 1490 uellet
378 1446 612 1490 incendere
644 1448 698 1489 ut
732 1446 1032 1503 pulcherrimo
1067 1461 1198 1503 opere
1231 1449 1494 1503 consumpto
1528 1461 1691 1490 nomen

204 1517 301 1561 eius
327 1532 407 1575 per
434 1520 581 1560 totum
611 1519 833 1560 terrarum
863 1517 1015 1560 orbem
1046 1517 1384 1568 diffunderetur,
1405 1516 1691 1574 furoremque

205 1603 336 1632 suum
362 1587 536 1631 detexit
561 1587 798 1645 impositus
827 1587 999 1640 ecule03
1030 1590 1087 1638 et,
1107 1588 1195 1631 nisi
1223 1587 1473 1644 Theoponti
1498 1602 1689 1645 magnae

204 1658 442 1702 facundiae
482 1657 714 1715 ingenium
753 1673 855 1700 eum
894 1658 988 1701 suis
1027 1657 1434 1715 comprehendisset
1472 1657 1686 1710 historiis,

164 1742 190 1772 c
206 1730 319 1780 bene
349 1728 664 1772 consuluerant
692 1727 873 1786 Ephesii
901 1728 1078 1771 decreto
1102 1728 1326 1772 communi
1357 1730 1608 1771 statuentes
1637 1731 1692 1772 ut

205 1799 427 1843 teterrimi
477 1798 671 1841 hominis
720 1798 934 1842 memoria
984 1798 1238 1842 aboleretur
1291 1797 1480 1841 silentio.
1542 1798 1691 1842 Simili

206 1870 387 1927 quidem
427 1869 642 1912 uidentur
681 1868 872 1926 gloriam
906 1869 1115 1912 affectare
1149 1868 1286 1912 immo
1321 1868 1481 1912 maiori
1516 1868 1693 1912 insania

207 1941 285 1998 qui
325 1955 415 1983 non
456 1939 708 1998 Ephesinae
755 1939 928 1983 Dianae
967 1939 1185 1998 templum
1226 1939 1446 1997 religiosis
1492 1940 1692 1984 moribus

207 2010 502 2054 excidendum
534 2009 612 2054 sed
641 2010 860 2068 templum
894 2010 1093 2068 Spiritus
1133 2010 1290 2060 sancti,
1325 2009 1528 2054 homines
1559 2013 1693 2063 totos,

206 2081 379 2124 animas
394 2081 563 2125 scilicet
577 2083 623 2124 et
638 2095 833 2138 corpora,
849 2083 903 2124 ut
922 2096 1003 2139 per
1022 2081 1105 2125 hoc
1121 2081 1378 2124 hominibus
1397 2080 1693 2133 innotescant,

205 2253 229 2289 6
254 2251 302 2298 is]
324 2252 384 2289 his
402 2251 433 2288 A
602 2253 624 2289 8
644 2257 727 2299 post
745 2250 825 2289 eius
841 2253 925 2288 add.
944 2251 984 2288 id
1002 2251 1071 2289 G¹S
1191 2250 1422 2298 phylippum
1439 2250 1480 2287 Μ
1651 2260 1696 2297 14

206 2300 395 2347 phylippo
413 2299 454 2337 M
601 2310 646 2347 19
670 2299 897 2347 theopompi
916 2299 982 2336 SM
1127 2310 1171 2337 21
1200 2299 1445 2337 consulerant
1462 2298 1503 2341 M
1649 2309 1695 2337 22

207 2347 405 2386 deterrimi
421 2348 455 2384 A
640 2358 685 2395 23
710 2348 893 2386 affectare
911 2347 1077 2396 gloriam
1093 2348 1140 2384 Αι

258 2506 273 2532 1
302 2497 492 2532 Insultant
518 2497 618 2532 etc.:
655 2508 687 2532 v.
717 2495 803 2533 Val.
831 2495 932 2532 Max.
961 2495 1032 2533 loc.
1064 2495 1142 2539 cit.‚
1172 2495 1238 2542 qui
1263 2498 1395 2533 tamen
1429 2495 1476 2533 de
1502 2497 1698 2541 tragoediis

207 2546 443 2590 antiquorum
459 2542 559 2579 nihil
575 2543 704 2581 habet.
891 2555 912 2580 2
931 2547 1109 2590 possessio
1124 2555 1132 2580 :
1161 2544 1379 2580 Notandum
1397 2546 1456 2580 est
1473 2543 1697 2581 vocabulum

206 2594 357 2638 yloriae,
375 2591 477 2638 quod
494 2593 580 2638 post
599 2595 775 2638 possessio
801 2592 987 2629 exhibent
1003 2592 1088 2629 val.
1107 2592 1208 2629 Max.
1228 2591 1386 2636 codices,
1406 2591 1539 2629 delent
1564 2593 1696 2633 autem

210 2640 384 2683 editores,
402 2640 505 2687 apud
525 2639 710 2677 Ioannem
727 2640 867 2677 deesse.
993 2649 1010 2687 5
1038 2642 1249 2677 Pausanias
1265 2642 1337 2677 etc.
1355 2651 1364 2676 :
1391 2639 1477 2677 Val.
1494 2640 1596 2676 Max.
1615 2639 1694 2677 viii.

212 2699 255 2733 14
273 2690 349 2725 ext.
367 2699 400 2733 4.
573 2698 606 2733 9,
630 2699 674 2724 10
697 2690 796 2724 Nam
811 2694 844 2724 et
860 2701 896 2724 se
913 2690 985 2724 etc.
1000 2702 1008 2724 :
1034 2701 1065 2724 v.
1082 2688 1167 2725 Val.
1185 2688 1286 2725 Max.
1306 2688 1379 2725 loc.
1397 2688 1474 2733 cit„
1492 2687 1625 2724 lustin.
1643 2688 1695 2725 ix.

209 2745 229 2780 7
250 2735 267 2782 §
293 2747 346 2772 10.
511 2746 549 2772 11
578 2737 765 2772 Mirtalis:
792 2749 827 2772 v.
843 2736 980 2772 lustin.
997 2736 1047 2772 ix.
1068 2746 1087 2782 7
1108 2736 1125 2784 §
1150 2748 1203 2783 13.
1358 2747 1400 2781 13
1426 2738 1476 2772 In
1494 2738 1697 2772 uindictam

209 2786 302 2820 etc.:
330 2796 362 2822 v.
381 2783 516 2820 Iustin.
533 2783 582 2820 ix.
600 2785 633 2820 6.
825 2785 867 2821 16
892 2786 1075 2820 Inuentus
1091 2790 1142 2821 est
1158 2787 1230 2821 etc.
1247 2796 1256 2821 :
1283 2796 1315 2821 v.
1333 2784 1416 2820 val.
1434 2783 1535 2820 Max.
1552 2783 1630 2820 viii.
1653 2794 1696 2828 14

207 2834 283 2867 ext.
304 2840 335 2877 5.
457 2833 692 2876 Ephesinae:
718 2834 901 2879 Ephesiae
919 2832 1002 2868 Val.
1021 2832 1121 2870 Max.
1270 2842 1312 2878 19
1341 2833 1561 2877 leoponti:
1590 2832 1697 2868 Ἠιεο·

204 2881 333 2925 pompi
349 2879 434 2916 Val.
452 2879 553 2916 Max.
698 2890 741 2927 25
769 2882 943 2927 templum
960 2883 1125 2928 Spiritus
1140 2882 1279 2917 sancti:
1311 2891 1324 2917 1
1346 2878 1429 2916 Cor.
1446 2879 1494 2915 vi.
1517 2889 1570 2926 19.

322 2953 385 2993 ²48

1710 612 1728 646 5

1711 970 1753 994 10

1712 1325 1751 1360 15

1713 1679 1757 1704 20

1714 2030 1755 2066 τε
