1846 3262
93 221 175 265 ‚618
195 229 222 260 c
569 215 834 262 IOANNIS
874 212 1395 260 SARESBERIENSIS
1543 208 1655 271 [ΜΒ.
1670 219 1722 253 VI

236 341 427 386 militiae
461 354 652 398 quorum
687 354 796 383 usus
835 338 1050 382 exercitio
1084 353 1175 381 non
1214 337 1434 381 firmatur.
1509 333 1721 380 Ceterum

236 412 354 456 sicut
382 426 456 455 ars
486 409 650 455 sterilis
678 413 746 453 est
775 424 884 453 usus
915 409 1085 467 ignara,
1115 408 1178 452 sic
1213 411 1260 451 et
1292 422 1401 451 usus
1433 405 1723 464 imperfectus

236 485 305 526 est
345 482 422 540 qui
468 496 526 524 ex
565 483 662 524 arte
701 495 792 524 non
831 480 1052 538 prouenit.
1133 479 1216 523 Est
1261 478 1404 537 igitur
1442 475 1723 535 singulorum

236 553 418 596 initium
450 567 477 594 a
506 554 682 602 natura,
712 565 802 608 qua
841 550 1091 594 reluctante
1121 552 1167 594 et
1196 549 1268 608 (ut
1297 548 1385 592 dici
1415 547 1545 605 solet)
1574 545 1723 589 inuita

237 622 443 666 Minerua
469 621 608 665 nichil
636 623 755 664 recte
785 620 1086 679 aggredimur.
1159 620 1423 678 Progressus
1455 618 1512 661 ab
1547 631 1633 660 usu
1663 616 1723 660 ab
1740 630 1759 664 5

236 696 334 736 arte
364 691 592 750 perfectio,
620 691 658 734 si
689 693 842 734 tamen
871 691 967 750 iugi
997 691 1318 735 exercitatione
1349 689 1489 732 fuerit
1518 687 1721 732 solidata.

238 763 428 821 Optinet
466 762 550 806 hoc
585 762 634 804 in
673 761 934 806 liberalibus
968 762 1177 805 uirilibus
1213 764 1259 805 et
1292 759 1528 804 mecanicis
1562 761 1644 802 aut
1682 757 1721 801 si

237 848 350 891 quae
378 835 485 876 sunt
512 847 703 890 quarum
730 832 931 876 nondum
964 832 1238 876 audierimus
1265 831 1548 882 mentionem,
1568 832 1622 873 ut
1647 843 1722 872 ars

191 907 220 947 d
237 903 479 947 infecunda
499 903 559 947 sit
579 903 676 946 sine
695 917 782 947 usu
803 905 849 946 et
868 918 977 947 usus
996 903 1261 947 temerarius
1282 902 1376 946 sine
1397 904 1506 945 arte.
1556 899 1724 943 Militia

237 989 342 1031 ergo
363 974 458 1017 sine
479 975 576 1017 arte
604 973 724 1017 iners
752 975 831 1024 est,
851 972 1094 1017 inofficiosa
1120 973 1217 1016 sine
1242 987 1338 1016 usu.
1400 971 1617 1025 Quocirca
1643 969 1722 1028 qui
1742 983 1790 1017 10?

236 1044 364 1087 miles
380 1058 473 1087 esse
488 1043 695 1095 uoluerit,
708 1043 960 1100 praediscat
976 1046 1119 1086 artem
1136 1057 1322 1100 eamque
1341 1056 1426 1085 usu
1447 1044 1494 1085 et
1508 1040 1723 1085 exercitio
1744 1035 1746 1038 ¹

236 1115 386 1157 firmet
400 1117 464 1166 ut,
477 1128 578 1158 cum
594 1113 761 1157 electus
776 1113 917 1157 fuerit
933 1115 978 1157 et
991 1113 1180 1157 militiae
1196 1115 1472 1157 sacramento
1488 1111 1721 1169 ascriptus,

236 1185 302 1228 rei
318 1184 521 1242 publicae
537 1187 583 1227 et
598 1184 683 1227 sibi
699 1184 875 1227 utiliter
889 1184 1020 1227 uiuat
1035 1187 1082 1227 et
1100 1199 1191 1227 non
1212 1184 1283 1235 sit,
1296 1186 1433 1241 prout
1454 1182 1722 1226 Plutarchus

236 1255 315 1306 ait,
329 1269 489 1298 manus
509 1269 677 1298 manca.
738 1254 825 1298 His
846 1255 965 1298 enim
985 1255 1135 1298 uerbis
1155 1254 1204 1297 in
1224 1253 1518 1297 Institutione
1539 1252 1720 1296 Traiani

235 1324 478 1368 nouissime
497 1339 605 1367 usus
626 1327 705 1376 est,
729 1339 831 1368 cum
852 1340 879 1368 a
905 1325 1114 1368 manibus
1133 1324 1367 1382 prolapsus
1395 1326 1463 1368 est
1490 1323 1548 1367 ad
1575 1323 1720 1381 pedes.
1741 1342 1782 1378 1⁵

237 1394 489 1452 Sequamur
508 1409 614 1453 ergo
635 1410 737 1438 eum
765 1398 821 1447 et,
842 1396 959 1439 sicut
984 1395 1079 1453 ipse
1106 1395 1184 1448 ait,
1206 1395 1334 1453 quasi
1361 1410 1507 1439 soccos
1534 1395 1722 1453 pedibus

237 1465 455 1509 faciamus
485 1468 538 1508 ut
568 1480 659 1508 non
689 1466 974 1509 offendantur
1003 1466 1061 1509 ad
1100 1466 1296 1524 lapidem
1326 1466 1553 1510 obicemue
1581 1466 1721 1510 alium

237 1550 370 1593 quem
400 1535 640 1593 multiplex
669 1536 836 1595 ingerit
865 1551 1006 1581 casus.

295 1637 402 1696 Cap.
435 1651 502 1683 20.
563 1637 656 1692 Qui
685 1637 781 1681 sint
805 1638 939 1695 pedes
957 1631 1037 1681 'rei
1060 1637 1275 1694 publicae
1304 1642 1344 1683 et
1374 1639 1428 1683 de
1457 1652 1573 1683 cura
1601 1638 1664 1683 eis

818 1708 1146 1765 impendenda.
1739 1743 1782 1767 ,ο

295 1789 434 1833 Pedes
454 1788 634 1847 quidem
660 1789 737 1847 qui
758 1789 1000 1833 humiliora
1019 1792 1230 1834 exercent
1249 1789 1404 1842 officia,
1424 1790 1720 1848 appellantur,

236 1875 427 1917 quorum
468 1860 680 1916 obsequio
709 1860 851 1903 totius
881 1860 946 1903 rei
976 1860 1181 1918 publicae
1211 1861 1414 1904 membra
1443 1876 1524 1919 per
1553 1864 1720 1906 terram

233 1929 518 1987 gradiuntur.
578 1929 636 1973 In
661 1929 732 1973 his
753 1930 933 1987 quidem
957 1930 1254 1988 agricolarum
1282 1931 1399 1974 ratio
1426 1932 1624 1975 uertitur
1643 1933 1721 1990 qui

87 2005 166 2053 619
188 2013 218 2042 a
234 2000 381 2041 terrae
411 2014 584 2057 semper
614 1999 831 2043 adherent
861 2000 955 2043 siue
995 2000 1044 2043 in
1076 2000 1371 2044 sationalibus
1402 2001 1499 2045 siue
1534 2002 1583 2045 in
1618 2017 1721 2047 con-

234 2068 383 2112 sitiuis
403 2070 499 2113 siue
519 2070 567 2112 in
594 2070 770 2127 pascuis
797 2070 893 2113 siue
920 2070 969 2113 in
995 2071 1143 2114 floreis
1171 2072 1413 2129 agitentur.
1473 2072 1560 2116 His
1584 2073 1721 2117 etiam
1740 2090 1781 2125 25

234 2142 540 2196 aggregantur
578 2139 748 2182 multae
788 2139 954 2197 species
994 2140 1177 2184 lanificii
1218 2145 1425 2199 artesque
1460 2142 1722 2196 mecanicae,

234 2223 348 2265 quae
398 2209 446 2251 in
496 2209 619 2267 ligno
669 2209 790 2252 ferro
841 2225 914 2253 ere
958 2211 1239 2268 metallisque
1279 2212 1418 2256 uariis
1458 2201 1721 2266 consistunt,

233 2278 418 2322 seruiles
473 2294 649 2336 quoque
703 2279 1102 2324 obsecundationes
1152 2284 1198 2324 et
1253 2282 1523 2340 multiplices
1572 2284 1721 2329 uictus

233 2346 498 2403 adquirendi
548 2347 759 2405 uitaeque
809 2348 1131 2392 sustentandae
1180 2352 1262 2393 aut
1308 2365 1403 2394 rem
1450 2350 1721 2397 familiarem

232 2464 257 2540 z53
280 2456 500 2503 agredimur
518 2456 542 2493 S
673 2466 693 2502 7
721 2457 883 2496 Obtinet
900 2458 968 2495 SM
1032 2459 1266 2497 mechanicis
1282 2459 1381 2497 CBA
1520 2472 1565 2499 10
1588 2462 1720 2502 inhers

230 2552 346 2598 Pedes
362 2552 397 2587 A
437 2516 479 2551 13
505 2505 705 2553 plutarcus
721 2505 756 2541 A
940 2517 984 2552 14
1009 2508 1174 2545 mancha
1191 2508 1219 2546 C
1401 2519 1445 2557 19
1469 2510 1524 2547 rei
1540 2512 1719 2559 publicae

221 2652 354 2737 fudi-it5
367 2647 1111 2743 sbssibdzctgasstfigilmffpull·‹glaggmqfflt'llag
1118 2649 1174 2734 Ῑὶἑ
1199 2653 1718 2742 idocxercitogioezgrgztlm

230 2744 344 2793 artas.
513 2751 559 2786 24
583 2744 662 2798 siae
679 2746 721 2779 in
737 2746 979 2782 sationalibus
995 2748 1091 2782 etc.:
1119 2758 1152 2784 v.
1171 2758 1269 2793 quae
1286 2747 1374 2784 Isid.
1398 2750 1494 2796 Oriy.
1512 2762 1571 2788 xv.
1591 2762 1633 2798 13
1654 2752 1673 2800 ξ
1692 2753 1717 2790 6

232 2785 379 2833 (Migne
403 2789 443 2824 P.
467 2790 510 2825 L.
536 2789 669 2828 lxxxii.
698 2792 781 2839 553)
801 2795 956 2830 auctore
975 2793 1105 2830 Servio
1125 2794 1276 2840 (Comm.
1295 2797 1338 2831 in
1362 2797 1462 2844 Very.
1481 2799 1606 2845 Geory.
1621 2799 1649 2837 i.
1667 2801 1718 2838 ad

228 2832 334 2889 init.)
363 2847 409 2871 ex
436 2836 610 2874 Varrone
641 2838 748 2876 citat.
943 2842 988 2878 28
1012 2843 1163 2879 seruile-3
1190 2844 1534 2885 obsecundationes:
1560 2859 1595 2885 v.
1624 2847 1715 2886 eod.

229 2881 367 2919 Iustm.
386 2894 423 2920 1.
441 2894 485 2931 31
506 2884 524 2932 ξ
545 2895 602 2932 34.
1712 2891 1715 2895 ⁴

340 2954 384 2998 58
