1846 3262
151 248 253 282 ou.
268 239 371 297 xxx]
663 239 1103 286 POLICRATICVS
1647 242 1734 283 800
1754 254 1779 283 c

151 363 269 404 esset
310 360 526 420 religione
562 362 855 407 monstrabat.
934 362 1173 421 Episcopos
1213 378 1318 422 ergo
1357 364 1404 406 in
1444 363 1630 407 exilium

150 430 410 489 deportatos
443 432 575 475 iussit
605 432 780 475 euocari
815 435 861 476 et
892 434 1153 477 confiscatas
1186 448 1338 478 eorum
1377 433 1464 477 sibi
1503 433 1630 477 reddi

151 501 439 545 substantias.
517 502 701 559 Templa
743 516 918 560 quoque
966 517 1243 561 paganorum
1285 504 1499 548 uelociter
1537 503 1629 547 suis
1646 500 1677 542 d

153 571 412 615 necessariis
446 572 673 630 praecepit
707 573 892 630 aperire,
922 575 969 616 et
1008 588 1121 630 quae
1161 574 1225 617 eis
1257 574 1411 618 ablata
1449 573 1633 617 fuerant

114 655 136 690 ε
154 641 467 692 incunctanter
486 642 722 685 restituere
749 643 953 686 sanciuit.
1013 643 1186 687 Palatio
1213 644 1389 702 expulit
1408 644 1634 687 eunuchos

153 712 356 755 tonsores
388 715 435 755 et
473 726 621 765 cocos;
663 712 888 755 eunuchos
920 712 1100 769 quidem
1135 727 1187 756 eo
1226 713 1346 771 quod
1384 728 1501 757 uxor
1539 713 1636 756 eius

153 780 338 832 obierat,
373 785 476 839 post
513 796 647 839 quam
687 795 778 825 non
811 781 946 824 duxit
979 782 1139 835 aliam3
1179 797 1303 827 cocos
1337 786 1489 826 autem
1529 783 1636 840 quia

153 865 278 894 more
335 850 588 909 philosophi
637 851 748 896 cibis
795 851 1071 909 simplicibus
1119 853 1333 896 utebatur
1354 867 1364 906 ;
1434 856 1636 897 tonsores

155 921 379 979 quoniam,
398 925 452 965 ut
470 921 566 979 ipse
585 921 662 972 ait,
682 935 799 964 unus
818 921 982 965 sufficit
1000 922 1166 966 multis.
1227 922 1476 980 Scriptores
1495 923 1635 980 pluri·

97 1009 140 1034 10
155 1004 280 1034 mum
309 991 610 1034 uenerabatur
638 991 918 1048 cultoresque
946 991 1294 1049 disciplinarum,
1324 992 1403 1036 sed
1441 992 1636 1036 maxime

155 1060 533 1119 philosophantes.
593 1060 723 1104 Vnde
757 1063 804 1104 et
838 1060 962 1104 fama
995 1061 1118 1105 uiros
1148 1062 1404 1105 huiusmodi
1438 1062 1637 1120 undique

155 1130 456 1189 congregabat
484 1130 602 1174 circa
630 1130 811 1188 palatia,
841 1130 919 1187 qui
949 1131 1268 1175 circumamicti
1306 1132 1455 1189 palliis
1494 1132 1639 1190 magis

156 1200 318 1244 habitu
349 1215 484 1258 quam
526 1200 785 1258 magisterio
824 1200 1149 1258 pandebantur.
1210 1201 1439 1259 Erantque
1477 1217 1638 1260 graues

157 1271 382 1318 uniuersis
403 1270 676 1315 Christianis
695 1271 948 1315 seductores
967 1271 1056 1314 uiri
1085 1275 1131 1315 et
1157 1272 1439 1330 imperatoris
1465 1287 1639 1330 semper
1657 1274 1733 1313 801
1753 1286 1783 1315 a

98 1357 141 1392 15
160 1340 366 1399 religioni
395 1340 612 1384 fauentes.
672 1341 892 1384 Noctibus
921 1341 1117 1399 uigilans
1155 1342 1461 1385 conscribebat
1491 1341 1639 1393 libros,

158 1425 270 1469 quos
289 1411 338 1453 in
357 1414 517 1454 senatu
542 1410 718 1468 publice
738 1411 970 1456 recitabat.
1028 1411 1160 1455 Solus
1180 1412 1299 1455 enim
1320 1412 1640 1469 imperatorum

157 1495 188 1525 a
214 1480 334 1524 Iulio
364 1479 526 1525 Cesare
545 1480 594 1523 in
620 1480 746 1524 curia
765 1481 975 1525 recitauit
993 1482 1228 1525 orationes.
1288 1481 1521 1525 Publicum
1540 1497 1639 1525 cur·

158 1565 259 1595 sum
278 1551 502 1595 mularum
519 1553 565 1595 et
584 1551 855 1595 caballorum
875 1551 1086 1608 inhibuit,
1098 1552 1256 1596 iubens
1272 1567 1346 1596 eos
1364 1553 1641 1597 utilitatibus

158 1621 350 1680 publicis
380 1621 639 1665 ministrari.
699 1621 823 1665 Haec
857 1621 953 1665 eius
985 1637 1122 1679 opera
1154 1622 1344 1666 laudant
1380 1623 1511 1680 pauci
1542 1623 1640 1681 plu-

100 1712 145 1737 πο
161 1690 353 1749 rimique
371 1691 645 1749 uituperant,
665 1691 771 1749 quia
790 1695 962 1735 remoto
980 1691 1105 1736 fastu
1131 1692 1290 1750 palatii
1309 1693 1643 1751 contemptibile

161 1760 372 1805 uideatur
389 1761 640 1818 imperium.
700 1761 835 1819 Apud
856 1761 1150 1805 Sozomenum
1170 1762 1318 1806 fertur
1337 1763 1443 1820 quia
1463 1777 1570 1806 mox
1594 1762 1643 1804 in

159 1830 259 1888 ipso
276 1830 495 1887 principio
514 1830 577 1874 sic
597 1834 750 1888 aperte
765 1834 811 1874 et
829 1831 1115 1889 impudenter
1132 1832 1319 1889 negauit
1338 1832 1642 1876 Christianam

162 1900 297 1944 fidem
326 1904 380 1944 ut
410 1901 677 1958 quibusdam
706 1901 934 1944 sacrificiis
963 1905 1009 1945 et
1037 1901 1406 1952 inuocationibus,
1427 1917 1538 1959 quas
1567 1917 1642 1945 ex-

161 1970 412 2028 peditiones
441 1970 606 2028 pagani
640 1973 815 2021 uocant,
850 1973 896 2013 et
926 1971 1144 2028 sanguine
1174 1970 1404 2014 immolato
1439 1974 1642 2014 nostrum

101 2059 143 2095 ²⁵
163 2039 389 2098 baptisma
414 2040 616 2083 studeret
642 2040 765 2083 ablui
793 2043 839 2083 et
866 2040 1181 2083 abrenuntiare
1201 2040 1521 2083 ecclesiasticae
1541 2055 1642 2084 con-

165 2109 359 2153 fessioni.
419 2109 490 2152 Ex
509 2109 587 2153 illo
607 2110 726 2153 enim
746 2113 946 2167 tempore
971 2112 1066 2153 tam
1090 2110 1293 2153 secretim
1314 2124 1447 2166 quam
1467 2109 1642 2167 publice

163 2182 211 2224 et
229 2179 278 2222 in
298 2179 478 2236 templis
496 2180 660 2237 pagani
680 2179 867 2223 licenter
891 2179 1107 2223 sacrificia
1125 2179 1421 2224 celebrabant.
1481 2179 1642 2223 Fertur
1659 2178 1688 2218 b

164 2252 316 2293 autem
344 2249 461 2307 quia,
480 2249 589 2292 dum
615 2249 856 2306 aliquando
883 2249 1163 2302 sacrificaret,
1183 2251 1410 2292 ostensum
1436 2249 1498 2292 sit
1523 2250 1564 2292 ei
1594 2249 1642 2292 in

164 2318 410 2362 uisceribus
431 2318 603 2362 hostiae
622 2319 801 2377 signum
820 2318 963 2362 crucis
982 2332 1144 2362 corona
1163 2318 1499 2362 circumdatum.
1543 2319 1643 2372 Quo

106 2408 149 2442 30
164 2389 264 2432 uiso
297 2388 374 2431 alii
414 2388 594 2446 quidem
633 2388 861 2445 perterriti
902 2402 1036 2431 uerae
1075 2387 1303 2445 religionis
1340 2388 1558 2431 uirtutem
1597 2391 1644 2432 et

166 2458 415 2503 Christiani
454 2458 677 2516 dogmatis
723 2458 1007 2502 eternitatem
1050 2457 1380 2509 intellexerunt,
1423 2472 1475 2501 eo
1523 2458 1642 2515 quod

165 2543 328 2572 corona
358 2528 572 2572 uictoriae
602 2528 817 2571 indicium
850 2530 919 2571 est
952 2530 999 2571 et
1030 2527 1228 2570 ambitus
1261 2527 1488 2571 circularis
1517 2527 1566 2570 in
1595 2542 1644 2572 se

166 2598 343 2641 rediens
373 2600 442 2641 est
465 2598 569 2641 finis
598 2598 810 2655 ignarus3
838 2597 1044 2655 princeps
1074 2601 1237 2651 autem,
1267 2596 1525 2641 confortans
1554 2612 1641 2651 eos,

169 2668 256 2711 sibi
285 2683 497 2726 prospera
526 2668 765 2712 monstrari
794 2667 986 2712 asseruit
1014 2670 1060 2711 et
1087 2667 1192 2724 quia
1218 2667 1396 2725 signum
1422 2667 1646 2726 dogmatis

168 2779 191 2805 2
216 2766 291 2804 sibi
306 2779 373 2804 om.
391 2766 454 2803 CA
598 2776 616 2814 5
645 2765 831 2803 sancciuit
846 2765 880 2802 A
1022 2776 1069 2811 24
1092 2764 1295 2802 inmolatio
1312 2763 1372 2801 S¹z
1403 2764 1644 2804 inmolaticio

168 2816 203 2852 A
217 2827 334 2862 nutv-y.
353 2813 434 2852 S²M
578 2825 626 2861 34
649 2813 853 2851 monstrari
867 2824 1050 2860 prospera
1064 2813 1112 2848 Α1
1206 2812 1408 2850 asseruerit
1423 2813 1490 2851 SM

218 2914 260 2941 21
288 2905 403 2950 Apud
417 2905 652 2941 sozomenum
668 2904 740 2940 ete„
759 2915 767 2940 :
795 2915 827 2939 v.
847 2883 1012 2938 Caenida.
1029 2902 1134 2938 Hm..
1149 2902 1250 2948 Tru‘p.
1267 2900 1315 2938 vt
1333 2911 1366 2938 2.

235 2976 316 2996 mn
339 2976 360 2996 n
854 2975 877 3014 3
907 2974 937 3002 1>
1467 2968 1538 3012 385*
