1846 3262
152 241 254 286 mr.
270 239 343 302 ιχ]
671 241 1115 289 PoLICRArlcvs
1293 279 1301 289 1
1662 247 1742 297 6⁵7
1763 247 1794 286 b

153 363 318 421 arguit,
349 379 481 422 quem
512 367 664 408 tamen
700 368 755 409 ut
792 365 1172 409 litteratissimum
1202 364 1341 408 fuisse
1376 364 1544 417 doceat,
1577 365 1644 409 ait

150 436 254 490 post
301 437 450 478 cetera
499 436 662 493 quibus
720 436 939 494 singulari
989 435 1225 494 praeconio
1279 436 1643 480 commendatur:

151 502 357 562 Denique
382 508 428 548 et
448 505 543 563 ipse
564 505 738 549 Tullius
758 506 863 550 huic
892 506 984 550 tale
1011 506 1320 550 testimonium
1350 506 1558 564 perhibet
1587 509 1641 550 ut

150 573 200 616 in
219 573 348 618 libris
367 575 678 620 Achademicis
697 576 819 620 dicat
839 591 938 620 eam
968 591 1082 634 quae
1112 577 1177 620 ibi
1203 580 1413 620 uersatur
1439 576 1641 634 disputa-

112 660 133 694 5
151 644 321 688 tionem
339 660 386 689 se
402 646 610 689 habuisse
630 661 732 690 cum
749 646 807 690 M.
824 647 1036 698 Varrone,
1049 646 1227 690 homine
1242 646 1425 705 (inquit)
1438 646 1642 690 omnium

152 714 285 759 facile
309 716 568 760 acutissimo
598 719 645 760 et
674 717 771 760 sine
801 717 1084 761 dubitatione
1113 717 1381 761 doctissimo.
1442 717 1547 761 Non
1577 717 1644 761 ait

152 791 163 809 ⁸
176 785 540 844 eloquentissimo
556 787 566 803 ²
586 788 660 831 uel
681 793 690 811 ‘
706 787 1052 839 facundissimo:
1073 787 1285 845 quoniam
1312 802 1471 831 reuera
1491 788 1540 830 in
1560 788 1644 832 hac
1662 797 1688 828 c

151 855 370 901 facultate
390 858 584 901 multum
604 858 751 916 impar
771 861 851 910 est,
871 858 949 902 sed
971 863 981 882 ‘
994 858 1196 902 omnium
1227 857 1359 901 facile
1386 858 1645 902 acutissimo

156 930 203 970 et
237 927 551 971 indubitanter
582 928 862 972 doctissimo.’
921 928 979 971 In
1014 928 1161 986 primo
1193 931 1346 971 autem
1380 928 1508 980 libro,
1542 944 1645 972 cum

93 1011 135 1035 10
153 997 352 1041 eiusdem
359 997 577 1042 Varronis
592 998 865 1042 litteratoria
879 1013 1015 1056 opera
1031 998 1334 1056 praedicaret:
1363 997 1469 1050 Nos,
1483 999 1644 1057 inquit,

151 1067 200 1110 in
246 1071 402 1111 nostra
441 1068 552 1112 urbe
586 1069 923 1126 peregrinantes
963 1071 1252 1126 errantesque
1294 1072 1527 1126 tamquam
1563 1070 1641 1113 ho·

151 1138 290 1196 spites
330 1139 400 1182 tui
439 1138 545 1181 libri
590 1139 718 1196 quasi
759 1139 942 1182 domum
990 1139 1270 1182 reduxerunt
1316 1142 1370 1182 ut
1415 1153 1645 1196 possemus

150 1208 392 1266 aliquando
408 1208 486 1266 qui
502 1212 548 1252 et
564 1208 642 1252 ubi
659 1224 855 1252 essemus
871 1224 1120 1267 agnoscere.
1181 1209 1251 1252 Tu
1271 1212 1438 1252 etatem
1458 1210 1645 1267 patriae,

151 1281 206 1322 tu
234 1278 554 1337 descriptiones
584 1282 851 1337 temporum,
879 1283 932 1323 tu
963 1294 1191 1324 sacrorum
1223 1279 1336 1331 iura,
1361 1282 1414 1323 tu
1444 1279 1646 1323 sacerdo·

91 1365 132 1399 15
152 1351 263 1400 tum,
291 1353 345 1393 tu
382 1349 682 1401 domesticam,
713 1353 767 1393 tu
802 1350 1029 1408 publicam
1060 1350 1356 1408 disciplinam,
1390 1353 1444 1394 tu
1471 1349 1645 1393 sedium

151 1419 385 1477 regionum
411 1419 622 1470 locorum,
646 1422 703 1463 ‘tu
733 1419 934 1476 omnium
964 1420 1224 1463 diuinarum
1254 1416 1644 1478 humanarumque

152 1505 303 1534 rerum
323 1491 507 1534 nomina
525 1505 692 1549 genera
707 1490 851 1534 officia
866 1495 913 1534 et
928 1506 1084 1534 causas
1099 1490 1327 1549 aperuisti.
1387 1491 1483 1534 Iste
1503 1491 1646 1549 igitur
1662 1490 1692 1531 d

152 1560 226 1603 uir
245 1563 340 1603 tam
361 1561 551 1619 insignis
572 1560 919 1618 excellentisque
940 1560 1141 1618 peritiae,
1156 1561 1233 1619 qui
1254 1567 1348 1605 tam
1368 1561 1514 1604 multa
1533 1560 1646 1619 legit

154 1633 208 1674 ut
228 1630 268 1674 ei
296 1631 468 1688 aliquid
494 1631 687 1675 scribere
717 1646 899 1675 uacasse
925 1631 1154 1684 miremur,
1175 1635 1270 1675 tam
1294 1631 1440 1674 multa
1466 1630 1646 1688 scripsit

93 1720 138 1744 20
158 1715 294 1759 quam
318 1701 463 1744 multa
482 1702 564 1744 uix
584 1716 855 1759 quemquam
876 1701 1023 1759 legere
1042 1701 1242 1760 potuisse
1261 1702 1517 1754 credamus3
1546 1701 1645 1753 iste,

153 1772 350 1830 inquam,
380 1772 454 1815 uir
486 1774 644 1816 tantus
678 1772 860 1830 ingenio
894 1774 1139 1830 tantusque
1174 1772 1390 1823 doctrina,
1419 1772 1458 1815 si
1493 1787 1645 1815 rerum

152 1842 281 1885 uelut
301 1842 571 1894 diuinarum,
591 1842 647 1886 de
668 1842 831 1900 quibus
861 1842 1029 1894 scribit,
1050 1845 1336 1901 oppugnator
1364 1845 1481 1885 esset
1507 1845 1644 1899 atque

152 1912 406 1956 destructor
426 1927 588 1970 easque
607 1927 699 1956 non
719 1912 778 1956 ad
798 1912 1059 1970 religionem
1090 1913 1167 1956 sed
1195 1913 1253 1955 ad
1279 1912 1644 1970 superstitionem

151 1981 320 2026 diceret
349 1982 586 2040 pertinere,
615 1982 763 2026 nescio
793 1985 947 2026 utrum
982 1986 1078 2026 tam
1108 1983 1254 2026 multa
1283 1983 1332 2025 in
1363 1982 1427 2026 eis
1456 1982 1644 2025 ridenda

93 2073 136 2108 ²⁵
152 2053 508 2111 contempnenda
537 2055 583 2096 et
612 2053 878 2096 detestanda
907 2053 1219 2098 conscriberet.
1276 2052 1393 2097 Cum
1418 2067 1524 2111 ergo
1544 2052 1643 2095 'uiri

153 2124 401 2167 acutissimi
417 2126 463 2167 et
482 2123 578 2167 sine
598 2123 693 2166 ulla
712 2123 1006 2175 dubitatione,
1020 2123 1234 2168 Cicerone
1254 2126 1382 2174 teste,
1397 2123 1643 2166 doctissimi

152 2194 413 2252 superstitio
443 2193 622 2251 scriptis
660 2193 854 2251 propriis
884 2209 983 2237 eam
1014 2194 1383 2237 conuincentibus
1423 2196 1644 2251 arguatur

153 2267 415 2321 constetque
447 2264 811 2321 superstitionem
847 2263 1063 2307 falsitatis
1099 2264 1213 2307 uitio
1240 2263 1417 2315 uirtuti,
1447 2277 1561 2320 quae
1593 2262 1642 2306 in

154 2334 250 2378 sola
284 2334 478 2377 ueritate
509 2333 726 2384 consistit,
757 2348 850 2377 esse
886 2334 1138 2391 oppositam
1169 2337 1215 2377 et
1244 2333 1512 2390 sapientiam
1545 2332 1641 2376 sine

91 2422 138 2457 30
154 2404 327 2447 uirtute
343 2419 438 2446 esse
456 2418 547 2446 non
567 2419 706 2461 posse,
720 2404 820 2460 quis
841 2418 898 2446 ex
918 2404 1013 2446 sola
1032 2404 1233 2455 lectione,
1245 2403 1334 2446 nisi
1354 2403 1473 2446 adsit
1492 2403 1642 2460 gratia

153 2473 427 2517 illustratrix
457 2473 653 2516 creatrix
682 2473 1046 2530 uiuificatrixque
1075 2473 1312 2524 uirtutum,
1332 2472 1486 2517 credat
1512 2487 1640 2531 posse

152 2543 252 2587 fieri
282 2542 508 2586 hominem
538 2543 820 2600 sapientem?

154 2696 188 2736 5,
205 2688 229 2724 6
254 2685 369 2723 facile
387 2684 559 2722 omnium
574 2684 623 2722 A¹
766 2697 815 2733 30
837 2685 931 2723 assit
946 2686 1022 2723 AM

205 2832 227 2867 3
251 2822 417 2867 Denique
442 2820 513 2856 etc.
539 2830 659 2865 usque
685 2818 735 2855 ad
759 2820 993 2856 conscriberet
1018 2819 1104 2867 (657
1115 2819 1188 2866 D)t
1212 2818 1310 2867 Aug.
1335 2821 1379 2856 de
1406 2820 1447 2858 G'.
1473 2821 1520 2857 D.
1538 2820 1587 2858 vi.
1605 2831 1639 2859 2.

153 2879 179 2916 9
202 2870 475 2905 indubitanter:
501 2869 580 2904 sine
595 2869 675 2903 ulla
690 2868 912 2904 dubitatione
927 2867 1024 2915 Aug.
1164 2877 1208 2915 25
1238 2868 1331 2905 Cum
1347 2879 1428 2915 erqo
1443 2870 1524 2905 uiri
1540 2870 1613 2908 etc.
1629 2882 1639 2906 :

155 2917 206 2955 cf.
224 2917 320 2964 Aug.
336 2916 380 2952 de
400 2917 439 2952 C.
456 2917 506 2954 D.
523 2914 573 2953 vi.
588 2916 623 2953 6.
639 2914 727 2952 init.

211 2990 295 3010 vm
308 2990 330 3010 n
881 2984 904 3012 Β
1464 2987 1529 3023 1²9
