1846 3262
161 229 262 264 car.
277 218 361 280 xx]
671 216 1078 263 POLICRATICV
1081 217 1114 262 S
1660 225 1746 268 794
1766 225 1792 263 c

161 341 240 386 ubi
259 343 390 385 erant
410 340 540 392 idola,
556 340 760 398 dixitque
775 339 834 383 ad
849 354 1023 398 regem:
1052 338 1251 383 Verbum
1267 342 1487 383 secretum
1502 337 1645 381 habeo

161 410 219 455 ad
251 414 297 454 te
327 411 367 455 Ο
400 426 492 456 rex.
571 411 631 454 Et
662 410 737 453 ille
769 409 1011 467 imperauit
1041 409 1281 452 silentium.
1356 408 1645 466 Egressisque

161 481 368 525 omnibus
395 481 472 538 qui
503 481 620 524 circa
650 495 751 523 eum
782 483 923 531 erant,
944 480 1170 537 ingressus
1200 483 1268 523 est
1295 479 1419 522 Aoth
1441 478 1500 522 ad
1530 493 1644 522 eum.

161 551 356 595 Sedebat
387 555 538 594 autem
568 551 615 593 in
646 550 791 594 estiuo
820 550 1029 593 cenaculo
1063 550 1195 593 solus.
1255 549 1496 606 Dixitque:
1535 548 1644 592 Ver·

122 637 143 672 5
161 621 269 664 bum
302 621 386 664 Dei
422 621 564 664 habeo
596 620 654 663 ad
685 624 742 664 te.
820 619 908 673 Qui
944 620 1099 663 statim
1132 619 1330 663 surrexit
1369 619 1424 662 de
1465 619 1644 662 throno.

163 690 382 735 Extendit
405 691 528 734 Aoth
552 705 734 733 manum
756 690 986 733 sinistram
1017 693 1064 733 et
1093 690 1202 733 tulit
1231 690 1369 733 sicam
1399 689 1454 732 de
1485 689 1646 732 dextro

162 761 330 805 femore
369 775 450 804 suo
490 760 728 818 infixitque
764 775 861 804 eam
901 760 949 802 in
984 763 1188 803 uentrem
1228 759 1324 803 eius
1363 763 1457 802 tam
1497 758 1646 802 ualide

161 834 216 875 ut
263 830 450 888 capulus
489 829 659 873 ferrum
708 833 969 887 sequeretur
1017 829 1065 872 in
1114 830 1301 873 uulnere
1348 844 1399 873 ac
1445 829 1646 887 pinguis-

159 900 277 944 simo
305 900 437 958 adipe
467 900 774 958 stringeretur.
835 899 931 943 Nec
961 899 1120 943 eduxit
1148 900 1349 958 gladium
1379 900 1457 943 sed
1487 899 1567 952 ita,
1594 901 1648 942 ut

103 983 148 1013 xo
163 973 454 1028 percusserat,
488 970 672 1027 reliquit
703 970 752 1013 in
791 984 984 1028 corpore.
1065 969 1320 1027 Statimque
1359 984 1440 1027 per
1478 972 1649 1013 secreta

163 1042 353 1083 naturae
388 1039 481 1083 alui
514 1044 708 1083 stercora
746 1042 1060 1097 proruperunt.
1131 1039 1255 1083 Aoth
1293 1042 1445 1083 autem
1484 1039 1647 1083 clausis

160 1109 500 1168 diligentissime
520 1109 648 1152 ostiis
667 1112 714 1152 et
733 1109 982 1153 obfirmatis
1008 1123 1109 1152 sera
1136 1123 1217 1167 per
1245 1109 1466 1167 posticum
1497 1124 1645 1166 egres-

159 1193 238 1223 sus
267 1182 346 1223 aet.
404 1179 465 1223 Et
495 1179 626 1222 alibi:
657 1179 811 1223 Sisara
840 1179 1020 1237 fugiens
1059 1179 1267 1237 peruenit
1306 1179 1364 1222 ad
1398 1179 1644 1223 tentorium
1662 1186 1692 1227 d

162 1248 288 1292 Iahel
307 1249 462 1292 uxoris
482 1249 636 1292 Abner
656 1248 796 1293 Cinei.
842 1249 953 1293 Erat
968 1249 1087 1292 enim
1102 1263 1194 1306 pax
1209 1248 1329 1292 inter
1347 1248 1480 1292 Iabin
1495 1263 1645 1307 regem

100 1339 143 1374 ις,
162 1319 278 1363 Asor
303 1322 350 1363 et
378 1318 560 1363 domum
587 1319 742 1363 Abner
766 1318 906 1364 Cinei.
967 1318 1158 1376 Egressa
1182 1319 1325 1378 igitur
1350 1318 1477 1362 Iahel
1502 1319 1550 1371 in
1575 1334 1645 1362 oc-

159 1403 339 1434 cursum
356 1388 534 1434 Sisarae
550 1388 669 1432 dixit
683 1389 742 1433 ad
758 1403 860 1432 eum
874 1405 883 1431 :
911 1388 1042 1432 Intra
1055 1388 1114 1432 ad
1129 1404 1212 1440 me,
1228 1389 1405 1433 domine
1421 1389 1496 1440 mi,
1512 1389 1647 1439 intra,

160 1474 218 1503 ne
237 1459 408 1503 timeas.
472 1458 574 1513 Qui,
594 1459 821 1517 ingressus
842 1459 1180 1503 tabernaculum
1202 1459 1298 1503 eius
1318 1463 1365 1503 et
1384 1463 1567 1518 opertus
1588 1459 1646 1502 ab

159 1545 215 1575 ea
236 1529 386 1587 pallio,
406 1529 525 1573 dixit
550 1529 607 1573 ad
630 1544 752 1573 eam:
784 1529 854 1573 Da
877 1529 1014 1572 michi
1044 1530 1224 1574 obsecro
1247 1529 1481 1588 paululum
1503 1544 1646 1587 aquae

161 1600 269 1658 quia
301 1599 433 1643 ualde
467 1599 584 1645 sitio.
656 1600 782 1653 Quae
813 1600 991 1658 aperuit
1023 1603 1170 1643 utrem
1205 1600 1335 1644 lactis
1369 1604 1415 1644 et
1447 1600 1573 1644 dedit
1604 1600 1645 1643 ei

100 1685 148 1715 ,ο
162 1670 314 1714 bibere
334 1673 380 1713 et
399 1670 576 1727 operuit
595 1669 734 1713 illum.
794 1669 1014 1727 Dixitque
1035 1670 1188 1714 Sisara
1202 1670 1260 1713 ad
1285 1686 1407 1714 eam:
1437 1670 1520 1714 Sta
1540 1673 1646 1713 ante

161 1740 327 1783 ostium
347 1739 623 1784 tabernaculi
643 1743 699 1791 et,
720 1754 821 1784 cum
842 1741 1018 1784 uenerit
1042 1740 1204 1798 aliquis
1231 1741 1513 1799 interrogans
1534 1744 1580 1784 te
1600 1743 1646 1784 et

160 1809 334 1854 dicens:
375 1810 609 1867 Numquid
633 1810 706 1853 hic
733 1814 803 1854 est
830 1810 1026 1868 aliquis'3
1056 1811 1354 1869 respondebis,
1383 1811 1535 1854 nullus
1566 1814 1645 1855 est.

161 1878 287 1923 Tulit
325 1880 478 1937 itaque
518 1880 644 1924 Iahel
684 1895 801 1924 uxor
840 1881 994 1924 Abner
1033 1880 1212 1924 clauum
1251 1881 1540 1932 tabernaculi,
1577 1897 1645 1924 as-

163 1964 343 1993 sumens
362 1950 533 2007 pariter
553 1954 599 1993 et
618 1949 841 1994 malleum.
900 1950 960 1994 Et
980 1950 1180 2008 ingressa
1200 1951 1457 1995 abscondite
1478 1954 1524 1994 et
1543 1966 1644 1995 cum

103 2036 146 2070 ²5
164 2019 343 2063 silentio
375 2022 444 2063 est
474 2020 711 2077 posuitque
745 2034 883 2078 supra
915 2023 1093 2078 tempus
1131 2021 1292 2079 capitis
1332 2021 1428 2064 eius
1466 2021 1643 2064 clauum
1661 2031 1744 2073 795
1764 2034 1794 2061 a

163 2102 509 2147 percussumque
528 2089 689 2132 malleo
709 2090 868 2133 defixit
887 2090 935 2133 in
959 2090 1190 2134 cerebrum
1216 2105 1357 2148 usque
1381 2091 1438 2134 ad
1466 2094 1644 2134 terram.

160 2158 252 2213 Qui
272 2173 474 2217 soporem
493 2159 628 2203 morti
648 2160 821 2203 socians
836 2160 1001 2203 defecit
1015 2164 1062 2204 et
1081 2164 1286 2204 mortuus
1307 2164 1388 2205 est.
1428 2160 1647 2204 Laudem-

162 2243 218 2272 ne
238 2243 344 2287 ergo
363 2231 444 2272 aut
468 2229 743 2286 uituperium
771 2234 1008 2274 consecuta
1034 2233 1103 2274 est
1130 2232 1444 2288 posterorum?
1506 2231 1645 2274 Bene-

158 2299 294 2350 dicta,
322 2299 474 2357 inquit
509 2299 754 2357 Scriptura,
789 2300 908 2343 inter
943 2300 1152 2344 mulieres
1184 2300 1310 2344 Iahel
1343 2315 1459 2344 uxor
1493 2302 1646 2344 Abner

101 2385 144 2417 3ο
163 2368 305 2420 Cinei,
325 2373 372 2425 et
401 2369 691 2412 benedicatur
720 2371 768 2412 in
797 2370 1085 2414 tabernaculo
1114 2385 1205 2414 suo.
1266 2370 1443 2428 Aquam
1472 2372 1644 2428 petenti

162 2440 231 2483 lac
250 2439 376 2482 dedit
402 2442 448 2483 et
475 2439 522 2481 in
543 2439 649 2482 fiala
674 2440 925 2497 principum
946 2440 1112 2484 obtulit
1131 2440 1343 2485 butirum.
1404 2440 1645 2484 Sinistram

161 2524 346 2555 manum
375 2509 500 2552 misit
529 2509 587 2552 ad
616 2509 794 2553 clauum
821 2513 867 2554 et
892 2510 1100 2554 dextram
1121 2510 1179 2554 ad
1199 2510 1430 2554 fabrorum
1450 2510 1645 2562 malleos,

166 2666 181 2691 1
208 2654 325 2701 ydola.
341 2653 438 2691 CBA
616 2663 634 2701 5
660 2655 772 2690 trono
788 2653 822 2690 A
994 2664 1036 2692 12
1060 2653 1197 2692 hostiis
1216 2653 1242 2691 S
1360 2654 1557 2693 affirmatis
1574 2655 1644 2693 SM

163 2712 206 2750 25
232 2702 376 2749 timpus
393 2700 521 2738 0²AB²
665 2712 709 2748 32
738 2702 935 2739 dexteram
953 2701 984 2737 B

214 2846 228 2872 ¹
237 2846 258 2882 3
282 2837 413 2872 Sisara
429 2836 526 2872 ete:
554 2834 671 2871 ludio.
688 2834 736 2892 iv.
759 2844 800 2880 17
812 2846 918 2919 sequ.
976 2883 984 2890 ι
1045 2845 1102 2880 14,
1123 2845 1178 2882 ις,
1196 2846 1252 2882 23,
1274 2845 1320 2883 29
1344 2837 1492 2874 Abner:
1517 2837 1645 2884 potius

164 2886 272 2921 Aber.
418 2885 476 2930 28,
494 2893 542 2931 ²9
567 2885 763 2920 Benedicta
780 2885 876 2921 etc.:
921 2883 1020 2921 udxc.
1037 2896 1070 2922 ν.
1088 2894 1133 2930 24
1143 2896 1250 2931 seqq.

1468 2961 1533 3003 ³³⁵
