1846 3262
86 238 170 280 739
191 239 217 270 c
562 223 824 269 IoANNis
867 222 1385 267 SARESBERIENSIS
1487 220 1715 283 [mm-1112

212 382 214 384 .
231 347 445 391 defuncta
465 347 553 390 uiri
570 360 703 389 cursu
719 348 814 388 etas
830 344 1131 402 ingredientes
1145 346 1372 387 actuosam
1382 343 1526 386 uitam
1538 342 1708 386 fauoris

231 416 519 459 nutrimentis
553 414 915 472 prosequebatur.
976 412 1097 466 Quas
1124 412 1337 463 Athenas,
1364 427 1499 469 quam
1534 412 1709 462 scolam,

233 502 346 544 quae
369 486 620 542 alienigena
646 484 797 527 studia
821 483 926 525 huic
953 483 1219 526 domesticae
1246 482 1507 539 disciplinae
1530 485 1709 539 praetu-

233 556 389 599 lerim?
448 555 562 598 Inde
588 554 849 598 oriebantur
874 552 1054 597 Camilli
1094 552 1328 610 Scipiones
1366 552 1560 595 Fabricii
1582 551 1710 594 Fabii

233 629 279 669 et
295 625 503 668 Marcelli.
564 624 640 674 Ac,
656 639 712 666 ne
733 623 911 681 singula
932 623 1122 666 Romani
1142 622 1318 680 imperii
1338 622 1510 664 lumina
1529 635 1709 678 percur-
1730 639 1748 673 5

233 695 371 738 rendo
396 694 479 737 sim
509 694 694 751 longior,
714 693 818 736 inde
846 692 928 736 celi
954 692 1195 749 superioris
1222 691 1468 735 clarissima
1491 705 1596 748 pars
1616 689 1711 733 diui

235 764 418 809 cesares
458 764 732 807 effulserunt.
806 763 930 806 Haec
965 762 1183 805 Valerius.
1244 761 1333 805 Sed
1366 763 1411 804 et
1445 761 1540 818 ipse
1573 760 1713 812 Plato,

235 849 335 878 cum
352 836 468 876 esset
483 833 609 876 diues
629 836 724 890 (pro
744 835 943 889 tempore
963 834 1115 875 tamen
1136 834 1181 875 et
1201 831 1483 884 conditione),
1501 833 1546 873 et
1560 831 1714 873 thoros

190 906 219 945 cl
237 904 331 948 eius
351 904 573 961 Diogenes
599 903 757 946 lutatis
781 903 969 960 pedibus
996 902 1288 955 conculcaret,
1307 903 1360 944 ut
1385 903 1535 958 posset
1554 914 1715 943 uacare

235 974 552 1031 philosophiae,
588 973 723 1030 elegit
758 972 1089 1023 Achademiam‚
1121 972 1277 1015 uillam
1312 971 1370 1014 ab
1401 971 1512 1014 urbe
1546 969 1714 1027 procul,
1734 989 1776 1013 10

234 1059 324 1087 non
364 1044 507 1087 solum
547 1044 768 1086 desertam
808 1043 884 1086 sed
924 1043 1060 1086 etiam
1100 1042 1394 1100 pestilentem,
1428 1043 1482 1084 ut
1521 1055 1629 1084 cura
1669 1043 1715 1083 et

234 1114 498 1157 assiduitate
512 1114 766 1157 morborum
779 1113 979 1156 libidinis
992 1113 1186 1170 impetus
1199 1111 1501 1169 frangeretur3
1522 1110 1715 1167 discipu-

234 1184 354 1241 lique
390 1183 460 1226 sui
502 1183 672 1226 nullam
708 1183 842 1225 aliam
877 1183 1096 1226 sentirent
1129 1182 1409 1239 uoluptatem
1442 1181 1530 1223 nisi
1562 1195 1716 1223 earum

235 1269 384 1297 rerum
413 1268 523 1310 quas
548 1253 780 1297 discerent.
856 1253 937 1296 Est
965 1256 1116 1296 autem
1146 1253 1222 1296 uia
1249 1252 1456 1295 omnibus
1486 1250 1716 1308 praeclusa

236 1323 493 1380 disciplinis,
527 1323 564 1366 si
594 1337 739 1366 comes
769 1322 1016 1380 sapientiae
1046 1322 1264 1366 sobrietas
1299 1324 1543 1372 amouetur‚
1580 1335 1715 1378 quam
1735 1329 1774 1363 15

236 1393 393 1450 utique
427 1396 579 1436 tenere
614 1407 705 1435 non
744 1395 933 1449 possunt
974 1392 1051 1449 qui
1091 1392 1325 1435 clamitant
1365 1391 1486 1449 apud
1525 1390 1716 1434 insulsos

237 1463 388 1507 omnia
407 1463 532 1506 siccis
554 1462 668 1505 dura
695 1476 789 1505 esse
813 1462 1053 1519 proposita.
1115 1461 1211 1519 Ego
1235 1461 1416 1519 quidem
1442 1461 1549 1504 noui
1576 1460 1717 1503 homi-

237 1547 339 1576 nem
360 1532 490 1590 longe
510 1532 769 1575 inferiorem
790 1532 975 1575 Platone
998 1531 1100 1587 (nisi
1121 1532 1227 1589 quia
1244 1531 1529 1576 Christianus
1549 1533 1617 1574 est
1636 1544 1717 1573 nec

237 1602 411 1646 licitum
434 1601 629 1644 arbitror
658 1600 917 1645 Christiano
946 1599 1164 1657 praeferri
1185 1601 1257 1643 uel
1287 1598 1717 1655 Platonem)—noui,

236 1673 432 1729 inquam,
456 1672 680 1714 hominem
705 1671 1018 1729 egrotatiuum,
1038 1671 1293 1714 morborum
1317 1670 1499 1713 incursu
1526 1669 1716 1720 assiduo,
1736 1680 1780 1706 20

236 1742 344 1785 dum
379 1745 530 1785 tamen
561 1756 652 1784 non
685 1743 942 1784 excrescant
980 1755 1114 1798 super
1152 1740 1199 1783 id
1239 1740 1359 1798 quod
1399 1739 1517 1783 ferre
1556 1741 1718 1796 potest,

83 1831 169 1871 740
190 1833 220 1862 a
237 1812 507 1869 gaudentem
527 1814 580 1854 ut
599 1811 745 1854 carnis
765 1810 950 1853 lasciuia
970 1813 1227 1854 conteratur
1247 1813 1293 1853 et
1313 1810 1498 1868 spiritus
1519 1809 1720 1866 erigatur

239 1884 285 1925 et
322 1881 556 1924 roboretur
594 1881 643 1923 in
682 1880 957 1938 agnitionem
997 1880 1096 1932 Dei,
1132 1884 1438 1937 contemptum
1472 1879 1644 1932 mundi,
1674 1881 1722 1922 et

238 1951 501 1995 exercitium
527 1951 725 2001 uirtutis,
750 1953 796 1993 et
820 1950 867 1993 id
891 1950 1035 1994 solum
1065 1950 1403 2000 desiderantem,
1430 1950 1538 1993 dum
1565 1963 1722 1993 sensus

238 2021 413 2064 animae
444 2024 490 2064 et
519 2021 715 2078 corporis
751 2023 988 2063 seruentur
1022 2020 1264 2063 incolumes
1295 2022 1340 2063 et
1375 2020 1471 2077 ipse
1503 2019 1721 2063 uiolentia
1740 2029 1782 2064 ²5

239 2091 509 2150 egritudinis
529 2106 556 2133 a
575 2090 784 2148 gerendis
804 2105 895 2133 non
911 2093 1156 2142 reuocetur,
1173 2090 1354 2147 aliquod
1368 2089 1607 2148 flagellum,
1622 2089 1722 2132 leue

239 2164 392 2205 tamen
425 2164 471 2204 et
497 2161 675 2203 infirmo
699 2160 943 2211 tolerabile,
963 2160 1019 2203 de
1043 2175 1180 2203 manu
1201 2160 1383 2203 Domini
1411 2162 1723 2217 expectantem

240 2234 287 2274 et
317 2230 671 2288 amplectentem.
740 2230 959 2274 Platonici
990 2245 1095 2288 ergo
1125 2232 1172 2273 et
1202 2229 1342 2273 Stoici
1373 2230 1422 2272 in
1453 2230 1724 2288 templorum

244 2331 277 2407 5¹3
289 2322 340 2359 At
354 2323 415 2406 NR
566 2323 590 2359 6
614 2321 821 2369 superioris
839 2322 937 2359 caeli
954 2321 995 2358 M
1171 2332 1216 2368 23
1242 2321 1441 2369 agnitione
1459 2322 1500 2358 M
1675 2322 1723 2359 28

242 2383 258 2407 s
279 2382 364 2417 oyc1

291 2468 311 2504 7
339 2461 408 2495 Sed
424 2465 458 2496 et
474 2461 550 2506 ipse
567 2461 673 2496 Plato
690 2460 766 2496 etc.
786 2470 905 2505 usque
925 2458 973 2495 ad
995 2459 1194 2495 discerent:
1221 2457 1378 2495 Hieron.
1404 2460 1485 2495 adv.
1510 2460 1626 2496 Iovin.
1642 2457 1683 2496 ii.
1700 2468 1724 2506 9

245 2507 390 2554 (Migne
414 2509 456 2544 P.
483 2510 526 2543 L.
554 2506 662 2545 xxiii.
687 2508 788 2554 298).
969 2507 990 2542 8
1014 2519 1082 2553 pro
1107 2511 1263 2552 tempore
1291 2511 1414 2542 tamen
1440 2511 1473 2542 et
1501 2508 1723 2544 conditione:

246 2566 323 2591 non
340 2566 387 2590 ex
404 2555 651 2602 Hieronymo.
856 2563 899 2599 17
924 2556 1049 2590 omnia
1067 2555 1139 2590 etc.
1158 2565 1167 2590 ε
1194 2567 1229 2590 v.
1247 2554 1337 2590 Hor.
1361 2556 1482 2590 Carm.
1501 2554 1526 2590 i.
1548 2555 1600 2591 18.
1618 2565 1639 2600 3
1655 2567 1665 2599 ;
1690 2567 1724 2592 v.

242 2614 357 2649 supra
374 2603 423 2639 ad
439 2603 487 2640 vi.
510 2613 552 2648 19
573 2604 656 2648 (617
671 2601 726 2649 B).
889 2603 941 2644 18,
963 2612 1005 2648 19
1030 2614 1094 2638 nec
1112 2603 1253 2638 licitum
1270 2603 1367 2639 eta:
1393 2614 1425 2638 v.
1444 2602 1544 2648 Aug.
1561 2604 1605 2638 de
1620 2603 1659 2638 C.
1674 2604 1723 2639 D.

244 2649 284 2687 ii.
308 2661 361 2694 14.
534 2661 582 2687 20
605 2651 787 2686 hominem
802 2652 1066 2695 eyrotatiuum:
1093 2649 1149 2686 De
1166 2649 1303 2696 seipso
1321 2649 1512 2695 loquitur;
1538 2649 1586 2686 cf.
1610 2662 1726 2697 supra

244 2697 284 2734 ii.
303 2708 350 2744 29
371 2697 456 2744 (476
471 2697 512 2742 B)
534 2700 630 2742 Quid
646 2700 689 2734 de
714 2700 862 2734 medicis
881 2699 1058 2743 practicis
1081 2699 1202 2733 dicam
1217 2700 1235 2734 ἓ
1282 2698 1387 2734 Absit
1411 2703 1453 2733 ut
1476 2699 1520 2734 de
1542 2699 1602 2734 his
1624 2699 1726 2744 quid·

243 2758 353 2792 quam
380 2757 595 2791 peruersum
622 2747 760 2793 loquar.
808 2747 858 2781 In
883 2757 1019 2782 manus
1043 2747 1140 2782 enim
1164 2757 1298 2787 eorum,
1317 2747 1544 2791 exiyentibus
1567 2747 1727 2792 peccatis

244 2795 342 2835 meis,
372 2795 486 2829 nimis
502 2795 719 2840 frequenter
742 2795 874 2829 incido.
1100 2803 1159 2839 24,
1178 2802 1221 2840 25
1247 2805 1374 2829 sensus
1396 2796 1543 2829 animae
1558 2795 1650 2830 eta:
1677 2792 1726 2829 cf.

248 2851 263 2876 1
283 2840 411 2876 Thess,
429 2853 462 2876 v.
482 2851 538 2886 23.
678 2842 724 2878 28
748 2842 931 2878 Platonici
946 2842 1044 2878 eta:
1069 2839 1227 2878 Hieron.
1248 2843 1327 2878 adv.
1344 2842 1459 2878 Iovin.
1476 2840 1517 2879 ii.
1533 2852 1558 2889 9
1577 2839 1724 2888 (Migne

244 2889 287 2924 P.
305 2889 348 2923 L.
366 2887 472 2924 xxiii.
489 2888 589 2935 298).

359 2960 424 3004 278
