1846 3262
143 231 247 266 cAP.
262 217 394 280 mv]
674 219 1114 266 POLICRATICVS
1649 229 1725 270 701
1743 218 1774 259 d

143 342 222 400 qui
253 346 411 400 sponte
447 343 772 387 beatitudinem
807 342 1076 386 abiecerunt.
1137 341 1250 396 Quis
1290 341 1408 385 enim
1448 354 1624 397 compa-

142 412 287 456 tiatur
317 413 382 456 eis
416 413 492 471 qui
525 429 553 456 a
588 413 692 457 felle
726 413 926 456 malitiae
960 412 1136 455 malunt
1174 426 1268 455 esse
1303 411 1454 454 miseri
1490 424 1625 468 quam
1639 418 1726 461 702
1745 421 1777 450 a

142 482 295 527 beati?
367 483 576 527 Patribus
615 484 835 541 siquidem
874 483 1047 541 pridem
1091 482 1261 540 placuit
1299 481 1626 525 beatitudinem

142 554 384 597 consistere
424 554 472 596 in
508 554 691 607 uirtute,
721 557 768 597 et
802 553 974 596 nullam
1015 553 1111 596 sine
1145 553 1334 596 caritate
1369 566 1496 610 posse
1532 566 1628 594 esse

105 643 125 677 5
142 623 372 675 uirtutem,
399 625 526 668 cuius
552 625 709 682 utique
737 623 912 667 fructus
938 622 1279 666 iocundissimus
1303 625 1383 675 est,
1409 621 1626 680 Apostolo

142 697 339 738 testante
369 695 446 752 qui
476 695 684 752 operibus
713 694 860 738 carnis
890 694 999 736 haec
1028 708 1164 750 opera
1190 692 1389 750 Spiritus
1419 707 1533 750 quae
1567 691 1625 735 ad

142 764 286 807 uitam
298 765 538 822 proficiunt
551 765 782 808 euidenter
797 764 983 822 opponit
996 778 1006 816 ;
1032 778 1145 820 quae
1161 767 1268 806 sunt
1280 778 1382 820 an,
1395 762 1628 820 patientia,

142 834 472 892 longanimitas,
506 835 697 886 bonitas,
731 834 959 892 gaudium,
995 833 1303 884 mansuetudo,
1337 832 1627 884 continentia,

141 905 338 948 castitas
398 905 488 958 Qui
518 920 624 962 ergo
656 905 737 948 hos
772 904 958 947 uirtutis
993 918 1140 946 ramos
1172 919 1200 946 a
1229 907 1351 946 terra
1380 903 1525 946 cordis
1555 902 1625 946 sui

83 991 127 1017 1ο
141 973 376 1018 811881(111111
397 977 443 1017 81
458 975 650 1018 radicem
667 974 880 1025 caritatis,
896 973 951 1016 de
967 988 1055 1030 qua
1068 973 1288 1024 oriuntur,
1309 973 1625 1025 exterminant,

141 1058 336 1102 quanam
366 1045 444 1087 uia
472 1045 531 1088 ad
560 1044 886 1088 beatitudinem
925 1043 1152 1100 pergunt?-
1211 1043 1348 1086 Plane
1382 1043 1521 1086 nichil
1556 1047 1626 1087 est

139 1113 259 1171 quod
285 1114 429 1172 magis
459 1114 694 1157 caritatem
724 1114 959 1171 impugnet
991 1127 1127 1169 quam
1162 1127 1384 1155 uenenum
1415 1113 1624 1157 inuidiae.

140 1183 223 1227 FAt
266 1187 417 1227 autem
462 1184 646 1234 inuidia,
691 1187 744 1227 ut
785 1183 1062 1241 philosophis
1105 1182 1288 1240 placuit,
1331 1183 1522 1226 tristitia
1567 1198 1624 1226 ex

137 1254 373 1311 apparenti
386 1255 683 1312 prosperitate
699 1253 887 1297 alicuius
903 1253 1085 1296 initium
1104 1253 1344 1309 (habens).
1371 1253 1421 1296 Si
1435 1253 1554 1296 enim
1567 1254 1622 1297 de

79 1340 121 1375 ¹5
138 1323 309 1367 tiranni
328 1324 402 1367 uel
422 1324 622 1382 peruersi
642 1324 754 1367 ciuis
774 1323 1010 1381 apparenti
1031 1323 1131 1380 quis
1151 1323 1448 1380 prosperitate
1468 1324 1621 1367 trista·
1639 1329 1670 1368 b

137 1397 226 1445 tur,
243 1409 525 1452 nequaquam
546 1394 815 1451 deturpatur
833 1393 1032 1437 inuidiae
1051 1393 1236 1437 macula.
1290 1393 1410 1436 Nam
1431 1402 1476 1453 et
1493 1394 1622 1438 bonis

137 1464 355 1522 displicet,
381 1479 483 1508 cum
512 1464 560 1507 in
590 1464 832 1521 perniciem
859 1463 1106 1507 multorum
1136 1464 1333 1507 succedit
1359 1465 1431 1507 his
1457 1465 1536 1522 qui
1563 1465 1622 1508 ad

136 1535 256 1578 mala
290 1534 535 1578 creduntur
568 1534 808 1591 proniores.
869 1533 919 1577 Si
953 1549 1060 1592 ergo
1094 1534 1212 1577 liuor
1246 1534 1374 1578 bonis
1405 1535 1624 1593 affligitur

136 1604 307 1657 alienis,
335 1605 521 1662 planum
551 1607 620 1647 est
650 1604 769 1662 quod
796 1619 824 1647 a
849 1604 1038 1648 caritate
1064 1604 1309 1662 plurimum
1337 1605 1478 1648 distat
1507 1621 1622 1663 quae

76 1694 123 1719 20
137 1689 219 1719 sua
244 1689 336 1718 non
360 1675 537 1732 quaerit
560 1674 639 1718 sed
660 1674 978 1732 proximorum.
1039 1673 1259 1719 Caritas
1246 1691 1295 1718 111
1323 1675 1453 1718 bonis
1481 1675 1621 1720 nichil

136 1745 358 1796 81111111,111
391 1744 522 1788 malis
551 1744 690 1788 nichil
719 1748 902 1802 reputat
931 1745 1150 1798 alienum3
1188 1745 1319 1789 malis
1348 1746 1622 1804 compatitur

136 1815 307 1867 alienis,
339 1815 458 1859 bona
495 1830 578 1859 sua
609 1815 825 1859 diffundit
860 1815 908 1858 in
940 1816 1192 1873 proximos3
1232 1832 1338 1859 nam
1370 1819 1416 1860 et
1447 1817 1621 1860 animos

135 1886 239 1930 unit
276 1888 330 1929 ut
363 1886 483 1929 idem
517 1885 662 1929 uelint
696 1885 902 1942 idemque
936 1886 1094 1930 nolint.
1154 1886 1236 1930 Ait
1266 1901 1457 1944 magnus
1491 1891 1622 1944 pater

135 1955 442 2015 Augustinus:
485 1955 610 1999 Tolle
644 1955 888 2008 inuidiam;
937 1971 1086 1998 meum
1121 1959 1251 1999 tuum
1293 1960 1362 2000 est
1402 1959 1448 1999 et
1487 1959 1619 1999 tuum

70 2050 119 2086 ²5
135 2040 297 2070 meum.
349 2026 410 2069 Et
424 2025 542 2069 forte
557 2040 648 2068 non
663 2026 750 2068 erit
765 2025 936 2082 aliquid
955 2040 1105 2068 meum
1126 2026 1199 2069 uel
1219 2029 1350 2069 tuum
1370 2027 1449 2069 sed
1468 2027 1621 2070 omnia

134 2099 291 2140 nostra
318 2099 463 2140 erunt.
522 2095 629 2153 Ipm
657 2095 776 2139 enim
806 2098 875 2138 est
904 2109 1031 2152 quae,
1061 2095 1180 2152 quod
1209 2096 1296 2139 sibi
1322 2096 1425 2139 uult
1453 2096 1619 2150 abesse,

135 2223 158 2259 7
177 2218 263 2260 pout
277 2214 369 2250 sunt
384 2215 558 2249 lacunam
573 2213 677 2248 habet
690 2212 716 2249 S
791 2222 836 2256 14
858 2211 1003 2248 habens
1020 2214 1116 2249 deest
1132 2214 1172 2249 in
1190 2214 1290 2250 codd.
1364 2223 1412 2249 20
1435 2214 1570 2260 querat
1585 2212 1619 2248 A

132 2266 215 2308 poet
234 2261 303 2298 sed
320 2263 406 2297 add.
421 2272 519 2307 quae
536 2260 577 2296 M
650 2259 805 2296 Karitas
822 2259 988 2296 CBASM

183 2376 206 2413 3
230 2366 405 2403 Patribus
428 2368 523 2402 etc.:
556 2365 619 2402 Ita
641 2364 783 2412 passim
807 2365 920 2402 docet
943 2363 1003 2400 Au
1053 2364 1193 2420 81111118,
1218 2365 1324 2413 apud
1346 2377 1462 2412 quem
1485 2366 1619 2402 tamen

134 2413 298 2452 totidem
314 2413 436 2450 verbis
454 2425 664 2459 expressam
680 2413 916 2451 sententiam
932 2413 1008 2448 hau
1050 2412 1189 2450 inveni.
1399 2422 1417 2460 5
1444 2414 1619 2460 Αροεεοῑο

135 2460 567 2507 etc-:v.Gal.v.19-23.
667 2471 705 2498 11
726 2462 1012 2497 nichilestetca
1037 2460 1086 2497 cf.
1098 2461 1187 2508 Aug
1186 2462 1404 2498 ..deoatech
1415 2463 1512 2498 Rud.
1524 2461 1618 2509 4§8

134 2511 285 2547 caritati
299 2510 397 2545 nihil
411 2511 606 2545 aduersius
619 2521 729 2556 quam
744 2510 931 2545 inuidenti
916 2521 955 2544 ια
969 2507 1119 2555 (Migne
1136 2473 1187 2545 Pg
1195 2510 1240 2544 L.
1259 2509 1309 2545 xl.
1328 2509 1618 2556 315).13

134 2559 205 2594 Est
231 2563 352 2594 autem
375 2559 525 2611 ἰηαίάία
548 2559 643 2594 818.
667 2557 778 2593 Η888
801 2555 967 2592 invidiae
996 2556 1261 2593 definitionem
1289 2557 1390 2593 unde
1415 2556 1619 2594 deduxerit

134 2606 300 2643 Ioannes
312 2604 460 2647 nescio;
485 2616 600 2651 quam
610 2606 742 2642 tamen
752 2603 910 2651 planum
922 2605 979 2640 est
990 2603 1161 2641 eiusdem
1172 2603 1389 2641 Stoicorum
1402 2604 1618 2644 sententiae

134 2652 499 2700 interpretationem
515 2664 596 2689 esse
614 2664 730 2698 quam
747 2651 867 2689 refert
887 2651 998 2699 Diog.
1024 2651 1148 2689 Iaert.
1165 2651 1229 2689 vii.
1251 2663 1312 2689 111
1342 2654 1382 2688 et
1405 2653 1478 2689 hoc
1502 2653 1618 2691 modo

134 2701 265 2739 reddit
280 2701 409 2738 Cicero
430 2702 534 2736 Tuae.
553 2702 659 2747 Βίῳ.
676 2699 726 2736 iv.
746 2701 768 2737 8
784 2699 802 2747 ξ
822 2711 862 2745 17
874 2701 1342 2736 Invidentiamessedicunt
1350 2702 1618 2746 noyn-studium

133 2755 335 2795 susceptam
348 2754 513 2803 propter·
516 2750 671 2784 alterius
685 2760 743 2784 m
758 2750 946 2784 secundas.
1101 2759 1149 2792 24
1177 2749 1275 2784 Tolle
1291 2751 1386 2786 etc.:
1409 2761 1442 2785 v.
1459 2748 1557 2796 Aug.
1575 2751 1618 2786 in

134 2799 270 2834 Ioann.
296 2798 415 2833 Truct.
435 2796 526 2832 xxii.
553 2806 573 2841 7
591 2794 611 2844 §
629 2797 651 2832 8
677 2796 825 2843 (11113118
849 2798 891 2832 P.
906 2797 951 2832 L.
975 2807 1087 2832 ων.
1116 2797 1235 2841 1646).
1355 2798 1401 2833 26
1425 2797 1539 2843 Ipsa:
1564 2809 1614 2835 88.

134 2844 300 2888 invidia3
326 2843 374 2881 cf.
391 2844 548 2881 Hieron.
566 2846 608 2880 in
628 2846 712 2880 Gal.
730 2857 760 2880 v.
777 2855 819 2880 21
840 2844 989 2891 (Migne
1004 2845 1047 2880 P.
1064 2845 1111 2881 L.
1126 2843 1227 2881 xxvi.
1245 2844 1344 2891 417),
1361 2843 1451 2881 Isid.
1466 2846 1558 2892 Duff.
1574 2845 1618 2883 ii.

134 2892 220 2941 405
244 2894 309 2940 165
330 2892 538 2941 (Mignef.
554 2894 598 2930 L.
615 2891 856 2939 lxxxiii.96).

1442 2973 1505 2999 211
