1846 3262
110 217 200 258 620
212 215 242 258 d

213 342 242 384 d

109 1284 185 1324 621
205 1294 236 1324 a

589 219 853 265 IOANNIS
895 218 1414 265 SARESBERIENSIS
1565 215 1677 280 [Lm.
1692 226 1745 262 VI

260 342 341 386 Rei
371 343 575 402 publicae
605 359 757 388 omnes
787 347 990 387 auctores
1025 358 1245 401 percurre,
1278 357 1429 386 rerum
1462 340 1746 401 publicarum

257 414 439 458 reuolue
478 415 700 468 historias,
740 414 838 458 uita
878 414 1024 458 ciuilis
1071 414 1156 457 tibi
1198 413 1364 457 rectius
1404 417 1450 458 et
1494 412 1746 471 elegantius

254 498 476 541 nusquam
497 488 707 528 occurret.
764 485 1012 542 Essentque
1032 484 1327 541 proculdubio
1346 484 1504 527 beatae
1524 483 1746 533 ciuitates,

255 554 293 597 si
318 554 432 598 hanc
453 555 538 598 sibi
559 555 743 599 uiuendi
763 555 1121 613 praescriberent
1141 554 1346 598 formam.

254 692 362 750 Cap.
386 706 450 738 22.
483 692 611 747 Quod
629 693 729 737 sine
743 694 1006 751 prudentia
1028 698 1067 738 et
1087 692 1399 738 sollicitudine
1414 692 1581 736 nullus
1594 690 1743 748 mayi-
1763 703 1783 739 5

369 767 540 807 stratus
559 763 763 808 subsistit
785 764 1044 818 incolumis,
1064 779 1144 809 ‘nec
1165 763 1291 822 uiyet
1312 779 1383 808 res
1395 763 1590 822 publica
1609 762 1746 806 cuius

370 838 509 891 caput
529 834 818 892 infirnwtur.

314 926 430 971 Loca
450 942 626 985 quoque
649 929 936 980 uenerabilia‚
958 929 996 972 si
1023 943 1159 987 apum
1183 928 1397 972 insistant
1423 927 1642 986 uestigiis,
1666 926 1745 970 uia

252 998 690 1055 compendiosissima
738 1002 785 1043 et
833 999 1045 1057 expedita
1093 999 1438 1057 proficiscuntur
1481 998 1539 1042 ad
1584 997 1742 1041 uitam.

252 1068 367 1111 Vide
405 1069 528 1126 apud
567 1069 799 1112 Maronem
845 1068 1143 1113 fundamenta
1190 1068 1450 1127 Cartaginis
1493 1071 1540 1112 et
1586 1082 1740 1111 earum
1761 1089 1805 1113 10

251 1138 488 1182 collatione
507 1139 664 1182 beatae
684 1139 810 1183 urbis
830 1140 1029 1198 auspicia
1049 1140 1217 1198 poteris
1237 1139 1465 1183 admirari.
1525 1138 1741 1183 Omnium

252 1223 445 1266 namque
476 1208 674 1252 laborem
709 1224 989 1253 communem
1023 1225 1236 1268 agnosces
1271 1213 1318 1253 et
1349 1210 1574 1253 neminem
1606 1208 1741 1253 otiari

251 1279 483 1336 ipsamque
512 1279 714 1338 reginam
743 1280 870 1324 cuius
900 1295 982 1338 ope
1002 1281 1202 1324 ciuitatis
1228 1283 1458 1324 structura
1487 1279 1742 1338 consurgit3

253 1352 310 1402 et,
330 1349 369 1392 si
393 1349 535 1393 labori
563 1349 829 1394 inferiorum
850 1366 1011 1394 manus
1041 1366 1145 1394 suas
1175 1365 1459 1408 nequaquam
1480 1350 1741 1402 immisceat,

251 1420 401 1463 oculos
421 1423 572 1464 tamen
593 1420 814 1478 impendit
840 1421 963 1479 operi
992 1424 1038 1465 et
1065 1422 1206 1465 totius
1230 1421 1395 1465 mentis
1422 1423 1600 1464 exercet
1619 1420 1739 1464 solli·
1762 1438 1802 1474 15

251 1490 507 1534 citudinem.
569 1491 688 1534 Nam
716 1492 811 1535 sine
839 1492 1080 1549 prudentia
1105 1495 1151 1536 et
1175 1492 1476 1536 sollicitudine
1496 1506 1587 1535 non
1608 1491 1740 1535 modo

251 1575 322 1604 res
351 1561 530 1618 publica
558 1576 650 1604 non
679 1562 880 1619 procedit
906 1563 984 1606 sed
1010 1577 1090 1606 nec
1117 1562 1306 1605 minima
1334 1562 1540 1606 consistit
1569 1561 1739 1606 domus.

251 1631 381 1674 Vnde
408 1631 456 1674 in
480 1632 863 1676 commendatione
883 1633 1031 1676 Vlixis
1059 1632 1283 1676 Homerus
1310 1632 1351 1676 ei
1375 1632 1583 1676 comitem
1611 1632 1741 1677 docet

250 1715 425 1759 semper
453 1702 740 1759 prudentiam
771 1703 962 1754 affuisse,
993 1717 1128 1760 quam
1159 1703 1253 1746 ritu
1282 1702 1455 1760 poetico
1485 1702 1738 1747 Mineruam

250 1772 543 1829 nuncupauit.
605 1772 816 1816 Imitator
842 1788 1019 1831 quoque
1037 1773 1160 1816 illius
1181 1773 1320 1824 Maro,
1342 1773 1493 1816 uirum
1513 1773 1734 1832 insignem
1756 1792 1801 1817 ιο

251 1842 389 1885 armis
416 1845 462 1885 et
493 1843 662 1900 pietate
696 1843 949 1887 describens
984 1845 1031 1886 et
1070 1859 1203 1901 quem
1242 1844 1431 1901 dignum
1471 1844 1646 1887 censuit
1684 1847 1738 1888 ut

250 1915 427 1970 patrem
458 1911 628 1956 faceret
659 1913 974 1965 Romanorum,
995 1914 1036 1957 ei
1067 1914 1115 1956 in
1148 1917 1268 1957 recte
1297 1914 1506 1972 gerendis
1530 1915 1737 1959 omnibus

251 1982 439 2026 Acatem
488 1983 688 2035 sociauit,
738 1999 790 2027 eo
839 1984 959 2041 quod
1009 1983 1263 2027 sollicitudo
1313 1984 1580 2042 prudentiae
1623 2000 1738 2043 quae

248 2053 446 2110 gerenda
472 2056 580 2097 sunt
599 2054 843 2098 rectissime
869 2057 1114 2112 promouet,
1142 2058 1188 2098 et
1207 2054 1307 2098 uiro
1335 2055 1655 2112 circumspecto
1674 2056 1738 2100 sic

248 2123 431 2181 negotia
457 2139 588 2181 saepe
615 2124 863 2182 procedunt
886 2127 939 2167 ut
964 2124 1100 2167 nullis
1124 2124 1438 2168 insidiantium
1466 2124 1580 2168 dolis
1609 2140 1736 2183 prae-
1756 2145 1799 2180 ²5

247 2194 458 2251 pediatur
485 2197 531 2238 et
558 2194 685 2252 quasi
709 2194 950 2238 inuisibilis
977 2194 1054 2238 uia
1080 2195 1377 2254 gerendorum
1397 2210 1488 2239 non
1508 2196 1738 2253 publicata

247 2263 306 2307 ad
355 2264 491 2307 finem
540 2264 805 2308 intentionis
854 2265 1091 2323 perueniat
1134 2265 1422 2309 destinatum.
1495 2265 1738 2324 Eleganter

248 2407 269 2434 2
295 2395 485 2443 hystorias
503 2397 577 2433 ΒΜ
675 2406 696 2443 7
723 2409 767 2434 ca
796 2397 847 2434 ud
863 2397 923 2435 AS
1034 2409 1077 2436 12
1102 2410 1307 2436 comunem
1325 2397 1350 2436 S
1459 2400 1500 2435 18
1526 2410 1676 2437 omerus
1694 2400 1736 2438 M

251 2455 295 2491 19
320 2444 473 2483 affuisse
490 2444 738 2492 prudentiam
789 2445 802 2466 ¹
946 2457 993 2484 20
1017 2458 1144 2484 marro
1161 2447 1202 2484 M
1348 2457 1394 2484 22
1419 2449 1524 2485 recte
1541 2447 1583 2484 in
1602 2448 1658 2485 Μι

298 2565 343 2591 10
367 2557 469 2602 apud
484 2557 697 2593 Maronem:
724 2569 757 2594 v.
773 2556 888 2605 Verg.
906 2558 1000 2594 Aen.
1019 2556 1045 2595 i.
1061 2568 1132 2604 423
1144 2570 1246 2604 seqq.
1344 2570 1492 2594 earum:
1517 2570 1568 2596 sc.
1591 2571 1732 2607 apum:

246 2614 280 2640 v.
297 2602 410 2650 Verg.
427 2605 520 2640 Aen.
538 2603 564 2639 i.
583 2614 655 2649 430
666 2617 768 2651 seqq.
943 2616 986 2652 13
1011 2607 1175 2652 reginam
1193 2610 1287 2643 etc.:
1311 2618 1343 2642 v.
1362 2606 1475 2654 Verg.
1490 2608 1586 2645 Aen.
1606 2607 1631 2645 i.
1651 2619 1734 2657 507,

251 2652 329 2697 508.
522 2653 563 2688 18
595 2653 715 2690 Vlixis
731 2655 803 2690 etc.
818 2664 827 2690 :
853 2666 886 2690 v.
903 2653 1019 2701 Apul.
1039 2656 1082 2690 de
1098 2656 1175 2691 Deo
1192 2656 1289 2691 Socr.
1307 2666 1342 2691 c.
1359 2664 1416 2700 24.
1611 2667 1668 2701 20,
1688 2669 1730 2695 21

247 2700 428 2743 insiynem
443 2701 562 2736 armis
578 2706 611 2736 et
620 2703 778 2748 pietate:
803 2714 837 2738 v.
857 2701 968 2749 Verg.
988 2704 1080 2738 Aen.
1095 2702 1143 2738 vi.
1159 2713 1241 2748 403.
1435 2713 1480 2749 23
1505 2704 1709 2742 sollicitudo
1724 2719 1733 2742 :

247 2746 296 2782 cf.
316 2745 417 2783 SerV.
439 2749 571 2786 Comm.
588 2751 630 2785 in
652 2751 752 2796 Very.
771 2751 863 2786 Aen.
883 2753 907 2787 i.
926 2760 996 2796 312
1012 2752 1178 2787 diximus
1192 2752 1332 2798 quaeri,
1345 2762 1413 2786 cur
1422 2752 1578 2788 Achates
1589 2755 1735 2790 Aeneae

245 2796 294 2829 sit
311 2806 432 2831 comes.
489 2798 603 2833 Varia
618 2800 762 2844 quidem
778 2800 962 2844 dicuntur,
980 2800 1110 2834 melius
1125 2804 1246 2834 tamen
1262 2800 1506 2845 hocfinqitur,
1518 2805 1560 2835 ut
1577 2805 1734 2839 tractum

244 2845 631 2936 ZeWergtacgnrgca
641 2847 866 2892 etymoloqia.
890 2844 1004 2892 Ἀχος
1017 2848 1114 2883 enim
1126 2848 1265 2884 dicitur
1271 2848 1488 2891 sollicitudo,
1500 2859 1591 2895 quae
1607 2861 1734 2896 regum

356 2961 399 2997 62
