1846 3262
69 217 158 259 608
178 227 210 257 a
558 211 821 258 IOANNIS
864 206 1386 254 SARESBERIENSIS
1529 203 1640 265 [ΜΒ.
1657 214 1710 247 Π

225 352 331 396 ergo
351 335 563 380 indicium
586 337 654 378 est
673 332 850 385 laboris,
870 331 997 374 labor
1020 329 1202 374 honoris
1221 328 1447 380 meritum,
1467 330 1520 371 ut
1540 327 1712 384 liqueat

225 407 431 452 omnibus
447 405 565 463 quod
581 404 657 461 qui
670 403 865 445 laborem
879 400 1099 443 indictum
1114 398 1303 441 militiae
1316 398 1466 441 subire
1480 397 1712 446 detrectat,

225 478 438 521 honorem
467 474 605 533 gladii
635 474 683 515 in
714 471 899 514 militari
929 469 1108 527 cingulo
1136 469 1309 512 frustra
1339 471 1503 526 portat.
1563 467 1714 525 Ipsius

226 561 400 605 quoque
421 544 588 602 cinguli
609 557 732 587 cassa
757 544 824 585 est
850 539 1120 598 significatio
1147 539 1235 582 nisi
1264 538 1398 581 fidem
1420 539 1515 581 eius
1535 538 1715 581 roboret

227 621 273 661 et
302 617 462 660 solidet
491 615 628 658 labor.
687 612 852 655 Videas
882 611 1048 653 multos
1078 609 1247 668 cinguli
1278 609 1446 652 honore
1477 611 1715 660 tumentes,
1734 623 1754 659 5

227 687 303 730 sed
338 686 425 729 nisi
460 686 672 727 honorem
708 682 930 725 laboriosa
961 680 1180 738 impleant
1214 680 1377 722 merita
1409 679 1529 722 idem
1562 681 1631 722 est
1665 693 1717 722 ac

228 758 266 800 si
298 771 379 814 pro
409 755 550 799 solida
580 752 834 797 substantia
865 751 965 809 quis
995 751 1200 794 uenditet
1231 765 1450 808 spumam.
1511 748 1718 793 Profecto

182 829 211 867 b
230 827 392 885 dignus
427 828 495 869 est
522 823 810 882 priuilegium
841 822 1026 880 perdere
1057 822 1135 879 qui
1163 836 1368 865 concessa
1395 821 1482 864 sibi
1512 820 1720 863 abutitur

228 899 460 955 potestate.
522 894 743 938 Abutitur
781 896 934 936 autem
975 892 1075 950 quis
1115 892 1188 935 uel
1228 907 1319 935 non
1352 891 1558 935 faciendo
1599 889 1720 949 quod

228 969 405 1024 oportet
420 965 493 1008 uel
510 964 715 1008 faciendo
732 963 850 1021 quod
866 962 963 1006 fieri
980 977 1071 1005 non
1087 964 1265 1019 oportet
1286 964 1343 1012 et,
1358 976 1460 1005 cum
1475 963 1719 1019 utrumque
1740 978 1782 1002 ιο

229 1037 289 1080 sit
315 1035 495 1086 malum,
523 1037 576 1077 ut
606 1033 783 1084 dicitur,
807 1035 1039 1090 peccatum
1067 1032 1230 1075 delicto
1257 1032 1443 1090 grauius
1471 1046 1566 1075 esse
1593 1030 1719 1075 solet.

230 1106 465 1163 Delinquit
495 1105 613 1149 enim
644 1104 722 1161 qui
752 1118 843 1147 non
873 1103 1032 1160 implet
1061 1102 1278 1155 officium3
1309 1103 1384 1146 sed
1410 1102 1543 1160 plane
1567 1103 1722 1160 peccat

231 1176 432 1234 quisquis
471 1174 715 1219 committit
754 1173 1039 1217 contrarium.
1120 1173 1238 1217 Albo
1278 1173 1499 1231 siquidem
1539 1173 1721 1230 nigrum

211 1247 374 1304 ,magis
414 1245 657 1303 opponitur
696 1258 831 1301 quam
870 1258 962 1286 non
1005 1243 1170 1294 album,
1212 1246 1258 1287 et
1297 1244 1489 1288 tristitia
1527 1243 1721 1287 letitiam

231 1316 374 1374 magis
394 1316 630 1373 impugnat
646 1329 780 1371 quam
797 1329 896 1371 spes
912 1316 992 1356 aut
1012 1313 1160 1364 timor,
1180 1329 1294 1372 quae
1314 1329 1460 1372 neque
1481 1314 1529 1357 in
1549 1313 1721 1357 letitiae
1743 1331 1782 1365 15

232 1387 452 1430 rationem
483 1385 650 1428 cadunt
679 1398 759 1427 nec
790 1383 830 1426 ei
861 1383 1056 1426 maxime
1086 1384 1395 1428 aduersantur.
1457 1384 1517 1428 Et
1541 1383 1722 1442 cingulo

234 1457 414 1514 quidem
443 1454 648 1498 abutitur
676 1456 771 1496 tam
798 1453 874 1496 ille
902 1453 978 1510 qui
1006 1468 1097 1497 non
1124 1454 1284 1512 implet
1311 1455 1430 1512 quod
1457 1457 1635 1512 oportet
1665 1468 1723 1497 ex

234 1526 422 1569 militiae
457 1526 733 1568 sacramento
766 1525 998 1580 tamquam
1033 1523 1109 1566 ille
1143 1523 1220 1581 qui
1256 1524 1495 1582 impugnat
1534 1523 1723 1567 militiae

235 1597 574 1640 sacramentum.
626 1593 861 1651 Delinquit
877 1596 1027 1636 tamen
1047 1594 1232 1651 grauius
1249 1595 1326 1652 qui
1342 1595 1591 1653 impugnat,
1607 1594 1724 1638 sicut

193 1682 219 1711 c
236 1665 378 1709 hostis
408 1679 542 1707 uerus
577 1664 743 1721 ignauo
777 1663 921 1706 milite
960 1663 1169 1707 odibilior
1208 1668 1286 1708 est,
1347 1665 1477 1708 Vnde
1517 1665 1595 1723 qui
1627 1680 1722 1708 rem
1743 1681 1787 1706 20

235 1734 460 1792 publicam
490 1736 536 1777 et
565 1733 779 1776 inermem
808 1748 991 1776 manum
1018 1734 1291 1778 militaribus
1317 1735 1456 1779 armis
1485 1735 1725 1794 impugnat

234 1804 476 1847 iustissime
503 1807 832 1855 exauctoratur,
853 1806 1084 1862 tamquam
1107 1804 1184 1848 ille
1205 1805 1282 1862 qui
1303 1806 1496 1864 figuram
1516 1807 1724 1850 hostilem

234 1873 443 1917 induerit.
504 1873 593 1917 Sed
617 1888 724 1931 prae
751 1874 910 1917 ceteris
937 1874 1145 1918 omnibus
1167 1875 1322 1919 diuino
1344 1879 1390 1919 et
1410 1876 1607 1920 humano
1628 1876 1726 1920 iure

235 1944 419 2003 grauius
439 1943 667 1987 feriuntur
687 1944 891 2002 sacrilegi
913 1947 959 1988 et
978 1945 1027 1987 hi
1049 1946 1126 2002 qui
1147 1946 1287 1990 uariis
1307 1946 1725 2004 perturbationibus

234 2015 504 2072 impugnant
544 2014 785 2057 Ecclesiam
825 2014 923 2067 Dei,
962 2015 1126 2072 quibus
1164 2016 1239 2059 lex
1278 2031 1370 2060 non
1404 2017 1724 2074 praecisionem
1745 2037 1787 2072 ²5

235 2085 522 2128 dexterarum
550 2084 627 2127 sed
654 2099 815 2142 penam
839 2084 1012 2143 irrogat
1038 2086 1288 2144 capitalem.
1351 2087 1400 2131 Si
1425 2087 1725 2145 patrocinium

234 2154 414 2197 illorum
447 2157 678 2197 assumant
708 2154 863 2199 Cicero
899 2158 945 2198 et
976 2155 1280 2209 Demostenes,
1310 2157 1348 2200 si
1383 2158 1432 2200 in
1468 2157 1728 2202 defensione

236 2238 389 2267 eorum
412 2224 615 2283 linguam
642 2227 776 2268 acuat
802 2228 848 2269 et
875 2226 1016 2269 totius
1046 2226 1215 2284 ingenii
1245 2227 1315 2271 sui
1342 2228 1463 2272 uires
1487 2228 1730 2272 exhauriat

237 2292 556 2346 Quintilianus,
583 2294 621 2338 si
651 2295 753 2338 iura
781 2295 1023 2354 uiguerint‚
1051 2297 1172 2354 quod
1201 2300 1304 2355 post
1333 2298 1482 2342 Deum
1511 2299 1560 2342 in
1590 2313 1730 2343 manu

234 2362 450 2420 principis
497 2367 576 2416 est,
617 2365 821 2409 fortunas
867 2381 1021 2410 eorum
1066 2370 1112 2411 et
1158 2367 1309 2426 capita
1355 2369 1467 2426 quin
1513 2369 1729 2428 legitimis
1747 2389 1791 2423 30

234 2431 465 2489 suppliciis
496 2432 720 2478 feriantur
750 2435 868 2479 tueri
896 2451 987 2480 non
1014 2439 1239 2494 poterunt.
1302 2438 1434 2492 Quod
1460 2439 1499 2483 si
1525 2439 1729 2498 gladium

238 2557 258 2592 7
285 2549 465 2587 uendicet
483 2550 523 2585 M
669 2561 690 2588 2
696 2559 714 2598 5
740 2550 1014 2598 prescisionem
1031 2551 1100 2589 SM
1245 2564 1294 2601 30
1316 2554 1523 2603 legittimis
1541 2556 1645 2594 BSM

287 2658 308 2693 7
333 2650 494 2695 Profecto
511 2652 605 2687 eta:
632 2662 678 2687 ex
696 2649 896 2698 Simplicio
914 2664 1018 2700 papa
1034 2652 1132 2691 citat
1149 2653 1255 2691 Grat.
1274 2656 1413 2692 Decret.
1431 2656 1462 2693 I.
1479 2655 1597 2694 lxxiv.
1621 2666 1654 2704 7,
1679 2657 1730 2696 11.

239 2695 290 2732 xi.
310 2707 329 2742 3
345 2709 376 2733 c..
396 2699 442 2743 63
462 2698 686 2746 (Friedberg
700 2698 725 2735 i.
744 2701 825 2746 263,
844 2702 943 2748 660).
1159 2713 1200 2739 12
1225 2705 1419 2750 Delinquit
1436 2707 1509 2742 etc.
1525 2718 1533 2742 :
1561 2705 1610 2742 cf.
1636 2706 1730 2745 Isid.

239 2746 329 2789 Diffi
347 2744 372 2781 i.
394 2755 459 2791 172
478 2745 627 2793 (Migne
646 2749 688 2784 P.
699 2749 742 2783 L.
760 2747 908 2785 lxxxiii.
933 2750 994 2795 28)
1018 2751 1201 2787 Delictum
1222 2754 1375 2798 quidam
1399 2754 1477 2789 leue
1498 2759 1732 2800 putauerunt

239 2804 311 2828 esse
332 2799 528 2839 peccatum,
555 2798 661 2842 quasi
692 2797 911 2842 neqliqentia
943 2799 1163 2843 derelictum,
1194 2801 1420 2837 iniustitiam
1452 2814 1540 2839 uero
1569 2805 1732 2840 immane

239 2842 386 2887 aliquod
402 2853 618 2890 samumque
635 2845 874 2882 commissum.
1079 2848 1126 2884 26
1149 2850 1365 2894 capitalem:
1391 2862 1425 2888 v.
1442 2848 1529 2898 Dig.
1547 2850 1664 2888 xlviii.
1687 2861 1731 2899 13

243 2887 261 2935 ξ
281 2899 304 2935 9
320 2890 497 2936 Sacrileyi
513 2893 629 2938 capite
639 2894 865 2939 puniuntur.

350 2960 395 3003 36
