1846 3262
59 254 143 295 792
161 243 191 285 d
538 242 804 288 IOANNIS
844 242 1364 289 SARESBERIENSIS
1465 246 1573 303 [ΗΒ.
1590 256 1685 290 vnI

209 366 402 424 Nigrum
450 366 508 409 ad
558 364 829 409 tirannidem
869 365 1142 422 aspirantem
1187 365 1300 409 uicit
1339 368 1386 409 et
1433 367 1688 422 interfecit;

209 436 371 479 Iudeos
402 439 447 479 et
478 435 726 479 Samaritas
754 434 1021 478 rebellantes
1056 435 1174 478 ferro
1205 436 1454 490 cohercuit3
1498 437 1688 482 Parthos

57 518 141 559 793
161 520 191 549 a
209 506 382 549 Arabas
403 505 745 562 Adiabenosque
765 505 1008 563 superauit.
1075 505 1163 549 Hic
1183 507 1251 549 est
1272 505 1466 550 Seuerus
1484 508 1688 565 gentium

208 576 364 627 uictor,
394 575 471 633 qui
506 575 555 618 in
590 575 850 618 Britannias
883 575 1063 619 defectu
1097 590 1210 633 pene
1240 576 1440 619 omnium
1470 577 1689 621 sociorum

207 649 391 696 tractus,
412 645 587 703 magnis
618 645 681 688 ibi
712 644 1015 703 grauibusque
1042 645 1223 703 praeliis
1247 660 1377 703 saepe
1400 646 1551 705 gestis,
1572 661 1688 691 rece-
1706 663 1727 700 5

208 718 333 773 ptam
372 718 548 772 partem
583 715 757 758 insulae
789 729 817 758 a
851 715 1010 758 ceteris
1059 715 1291 759 indomitis
1325 716 1536 774 gentibus
1570 717 1691 761 uallo

208 785 572 843 distinguendam
608 786 804 843 putauit.
864 785 1025 843 Itaque
1057 785 1301 829 maximam
1334 786 1500 830 fossam
1530 787 1690 831 firmis-

208 855 459 913 simumque
495 855 666 898 uallum
706 855 872 899 crebris
907 855 1091 913 insuper
1125 856 1327 900 turribus
1367 857 1692 900 communitum

207 939 289 983 per
322 928 502 968 centum
535 925 701 983 uiginti
738 925 827 969 duo
861 925 987 968 milia
1017 940 1230 983 passuum
1267 941 1295 970 a
1332 927 1446 970 mari
1478 927 1536 970 ad
1570 942 1693 971 mare

209 995 355 1038 duxit.
416 995 588 1053 Ibique,
609 996 726 1039 sicut
746 994 932 1039 Orosius
952 998 998 1039 et
1017 995 1094 1038 alii
1115 996 1316 1040 historici
1337 996 1552 1050 referunt,
1572 997 1694 1055 apud
1714 1018 1754 1042 10

210 1065 425 1123 oppidum
476 1066 726 1109 Eboracum
775 1066 931 1109 morbo
970 1065 1093 1110 obiit.
1174 1066 1406 1124 Siquidem
1457 1067 1695 1111 Britannia

211 1150 385 1179 uenena
405 1150 579 1193 semper
599 1135 834 1180 exhorruit
855 1139 901 1179 et
927 1136 975 1178 in
1002 1136 1226 1194 principes
1246 1152 1337 1181 non
1356 1137 1485 1181 nouit
1505 1138 1583 1181 sed
1612 1153 1695 1196 pro

211 1206 305 1248 suis
325 1205 601 1263 principibus
621 1206 814 1249 inuictos
839 1206 1012 1264 gladios
1033 1221 1247 1251 exercere.
1308 1207 1568 1251 Praefatum
1587 1222 1696 1252 uero

212 1276 426 1333 oppidum
467 1276 515 1318 in
547 1276 594 1318 id
634 1276 801 1319 uirium
841 1279 887 1319 et
926 1276 1195 1320 temeritatis
1234 1277 1448 1335 temporis
1486 1292 1695 1336 processu

213 1346 414 1389 excreuit
452 1349 505 1389 ut
536 1346 723 1390 urbibus
754 1346 954 1404 antiquis
987 1347 1151 1390 audeat
1185 1362 1232 1391 se
1264 1347 1491 1401 conferre3
1534 1348 1617 1392 hoc
1652 1348 1755 1400 ei15

214 1415 331 1459 forte
361 1416 479 1459 tanti
510 1416 794 1474 imperatoris
822 1417 1014 1460 contulit
1049 1417 1292 1474 sepultura.
1352 1418 1507 1476 Ipsum
1542 1421 1695 1461 tamen

213 1486 450 1544 gentilium
481 1487 574 1530 ritu
602 1490 648 1530 et
673 1487 921 1530 infidelium
942 1488 1169 1545 prauitate
1190 1489 1463 1532 tirannidem
1488 1489 1536 1532 in
1565 1488 1695 1533 Chri-

166 1561 196 1599 b
216 1556 385 1600 stianos
406 1557 654 1600 exercuisse
675 1560 720 1600 et
739 1571 877 1614 penas
897 1558 1074 1601 sceleris
1093 1558 1228 1602 luisse
1243 1561 1415 1602 certum
1431 1562 1510 1602 est.
1551 1559 1697 1603 Nemo

215 1627 333 1669 enim
382 1642 410 1670 a
450 1627 597 1671 seculo
636 1642 683 1670 se
728 1629 959 1685 apostatae
998 1628 1148 1685 angeli
1190 1629 1283 1687 egit
1324 1628 1578 1687 imaginem,
1618 1629 1696 1687 qui

217 1697 548 1755 dampnationis
569 1697 664 1741 eius
685 1700 731 1741 et
752 1698 1026 1742 confusionis
1046 1713 1137 1741 non
1157 1698 1297 1743 fuerit
1316 1699 1550 1757 particeps.
1717 1707 1762 1732 ²0

218 1853 326 1911 Cap.
350 1867 419 1899 20.
482 1853 611 1908 Quod
650 1855 921 1900 auctoritate
959 1855 1158 1900 diuinae
1190 1857 1398 1914 payinae
1436 1857 1622 1901 licitum
1661 1861 1701 1902 et

334 1924 589 1980 9lorz'os‘am
635 1929 696 1968 est
737 1924 947 1982 publicos
978 1926 1196 1970 tirannos
1229 1927 1434 1981 occidere,
1466 1927 1507 1971 si
1546 1932 1702 1972 tamen

325 1994 553 2051 fidelitate
589 2010 688 2039 non
728 1996 788 2039 sit
822 1996 1021 2040 tiranno
1055 1996 1278 2041 obnooeius
1316 1995 1579 2055 interfector
1617 2003 1701 2044 aut

335 2064 455 2108 alias
479 2065 718 2109 iustitiam
737 2070 820 2109 aut
840 2065 1111 2110 honestatem
1132 2082 1227 2111 non
1247 2067 1445 2112 amittat.

277 2167 481 2226 Longum
507 2172 575 2212 est
605 2169 644 2212 si
670 2169 908 2226 gentilium
928 2170 1210 2214 tirannorum
1230 2170 1288 2214 ad
1317 2173 1520 2230 tempora
1548 2175 1703 2216 nostra
1724 2183 1766 2218 ²5

218 2238 376 2281 seriem
402 2239 590 2282 uoluero
614 2240 816 2293 trahere3
847 2239 925 2283 sed
951 2240 1086 2284 unius
1109 2241 1192 2285 hoc
1217 2241 1351 2285 etatis
1377 2257 1468 2285 non
1487 2257 1704 2286 memora-

220 2376 242 2402 2
270 2366 441 2421 coercuit
462 2366 522 2403 CB
683 2376 700 2422 5
728 2367 783 2423 ibi
800 2367 952 2415 magnis
968 2367 1016 2404 A¹
1156 2379 1195 2425 ,9
1218 2381 1268 2406 xx
1285 2369 1360 2408 duo
1377 2369 1521 2407 CBAS:
1547 2371 1648 2408 xxii⁰
1665 2372 1706 2408 M

221 2414 453 2499 {123313113111
473 2414 498 2452 s
537 2474 579 2500 21
609 2415 868 2501 affsstraifflffi
975 2417 1364 2513 22¹?yr‘231‘5332m1332-‚2
1381 2420 1708 2516 mbr.²0‘‹'‚p‘.¹2¹3a¹²e}ff

274 2582 317 2608 10
340 2574 411 2609 alii
436 2575 622 2610 historici:
648 2573 672 2610 i.
688 2584 719 2610 e.
737 2572 898 2621 Eutrop.
916 2573 994 2611 viii.
1018 2585 1061 2621 19
1080 2573 1098 2621 ξ
1125 2585 1139 2612 1
1159 2587 1168 2619 ;
1194 2574 1242 2612 cf.
1260 2574 1454 2623 spartian.
1471 2589 1503 2614 c.
1527 2587 1579 2624 19,
1599 2577 1708 2615 ouius

222 2622 353 2657 tamen
372 2620 513 2657 librum
531 2621 710 2658 habuisse
729 2621 912 2659 Ioannem
929 2622 1028 2658 nihil
1044 2622 1206 2660 indicat.
1350 2626 1453 2670 apud
1476 2627 1550 2663 etc.
1568 2637 1577 2661 ε
1603 2625 1708 2663 Haeo

222 2668 336 2704 verba
354 2681 473 2715 usque
490 2669 538 2706 ad
556 2681 717 2706 exercere
733 2668 774 2705 in
790 2670 871 2706 cod.
889 2669 928 2706 C.
946 2670 1065 2707 minio
1083 2670 1231 2707 notavit
1249 2671 1447 2708 Parkerus.
1666 2683 1705 2711 11

224 2717 412 2762 Siquidem
438 2718 643 2753 Britannia
667 2719 763 2754 eta:
796 2717 856 2754 Ita
884 2717 940 2754 ait
969 2718 1016 2755 de
1046 2719 1229 2755 veneficio
1256 2719 1480 2757 Franciscus
1510 2719 1707 2758 Baconus:

225 2776 299 2800 non
314 2769 363 2799 est
376 2767 492 2800 nostri
499 2768 642 2811 yeneris
651 2777 714 2801 nec
723 2767 932 2811 sanquini83
953 2766 1037 2803 vide
1051 2768 1091 2803 et
1104 2767 1198 2803 haec
1208 2767 1322 2804 verba
1334 2769 1374 2804 et
1387 2780 1484 2814 quae
1498 2772 1711 2815 sequuntur

226 2822 288 2857 ap.
310 2811 510 2859 Spedding
529 2815 668 2849 Letters
689 2817 713 2852 ἃ
743 2815 829 2860 Life
851 2815 896 2860 of
910 2815 1047 2858 Bacon,
1065 2826 1096 2850 v.
1114 2827 1180 2861 pp.
1199 2823 1279 2861 215,
1299 2816 1380 2852 216.
1529 2820 1571 2853 16
1594 2819 1710 2864 sepul-

226 2864 333 2895 tura:
368 2859 553 2898 Seuerum
582 2861 685 2907 apud
711 2860 926 2898 Eboracum
958 2861 1152 2909 sepultum
1178 2874 1257 2900 esse
1284 2863 1416 2900 asserit
1445 2863 1632 2901 Radulfus
1660 2865 1708 2903 de

228 2905 363 2943 Diceto
382 2907 454 2952 (ed.
479 2908 616 2945 Stubbs
632 2909 657 2944 i.
677 2909 753 2956 68),

337 2987 399 3023 37²
