1846 3262
97 237 179 279 744
198 239 228 270 a
574 221 836 269 IOANNIS
878 219 1396 266 SARESBERIENSIS
1496 216 1717 280 [LIB.V111

201 368 232 398 a
249 348 441 391 Pheacas
468 349 548 390 aut
571 344 691 402 apud
712 344 853 387 Penos
880 357 1103 387 sermones
1129 342 1184 385 de
1208 341 1427 399 sapientia
1447 344 1596 385 erutos
1615 355 1717 384 con·

244 418 471 462 uiualibus
490 414 652 459 fabulis
672 413 932 464 miscuisset,
953 414 999 456 et
1017 412 1210 470 gratiam
1230 411 1320 455 illis
1339 411 1510 455 cetibus
1529 410 1718 454 amicam

241 487 447 545 perderet
467 488 513 528 et
532 485 579 526 in
600 498 646 526 se
666 483 805 526 risum
821 482 952 539 plane
968 481 1136 524 iustum
1152 481 1381 524 moueret?
1441 480 1559 538 Ergo
1573 479 1719 536 prima

242 558 337 601 eius
371 554 624 599 obseruatio
659 553 746 596 erit
779 552 986 595 estimare
1020 551 1245 595 conuiuas.
1307 550 1491 604 Deinde,
1523 550 1600 593 ubi
1633 549 1718 593 sibi

242 630 395 684 patere
419 625 564 668 locum
589 623 767 673 uiderit,
787 637 878 665 non
907 622 962 664 de
990 621 1098 679 ipsis
1125 620 1449 678 profunditatis
1475 635 1581 664 suae
1601 620 1720 663 inter
1737 637 1758 672 5

242 696 401 754 pocula
429 694 609 738 secretis
638 693 856 750 loquetur,
887 707 967 735 nec
997 692 1185 735 nodosas
1215 694 1262 734 et
1290 691 1448 734 anxias
1478 690 1556 734 sed
1586 689 1720 733 utiles

243 766 423 824 quidem
439 764 591 807 faciles
604 766 755 806 tamen
771 762 970 805 mouebit
986 762 1278 819 quaestiones.
1338 760 1456 803 Nam
1473 760 1588 803 sicut
1602 758 1722 801 inter

244 837 344 879 illos
366 836 443 892 qui
464 835 546 878 hoc
568 833 770 877 exercitii
791 847 932 890 genus
952 832 1121 875 habent
1141 832 1190 874 in
1208 831 1366 874 mediis
1387 830 1550 874 saltare
1570 827 1720 872 conui-

244 907 332 949 uiis
357 906 394 948 si
422 905 534 962 quis,
555 907 608 947 ut
635 918 681 946 se
709 903 902 960 amplius
926 905 1141 953 exerceat,
1162 901 1333 945 sodales
1360 900 1433 944 uel
1459 899 1518 951 ¹ad
1542 912 1721 943 cursum

244 976 317 1019 uel
338 975 395 1018 ad
415 974 687 1032 pugillatum
707 972 993 1023 lacessiuerit‚
1014 972 1141 1029 quasi
1164 972 1344 1029 ineptus
1370 969 1644 1028 relegabitur
1662 968 1721 1012 ab
1741 986 1783 1011 ιο

244 1045 476 1090 alacritate
522 1043 746 1096 conuiuii3
785 1043 847 1086 sic
897 1042 1017 1099 apud
1061 1057 1259 1085 mensam
1300 1040 1564 1098 quandoque
1603 1039 1723 1097 aptis

244 1114 648 1174 philosophandum
684 1116 751 1156 est
785 1115 839 1156 ut
870 1112 1031 1156 crateri
1071 1111 1256 1169 liquoris
1297 1111 1355 1154 ad
1394 1110 1586 1154 letitiam
1625 1108 1723 1151 nati

246 1185 512 1229 adhibeatur
543 1199 634 1227 non
673 1183 804 1226 modo
836 1181 1137 1239 Nimpharum
1173 1181 1250 1225 sed
1282 1181 1512 1224 Musarum
1547 1192 1723 1237 quoque

199 1267 229 1306 1)
247 1255 523 1298 admixtione
557 1253 807 1310 temperies.
865 1252 984 1295 Nam
1021 1252 1071 1304 si,
1102 1255 1156 1295 ut
1185 1251 1319 1294 fateri
1354 1264 1528 1294 necesse
1564 1250 1643 1302 est,
1674 1248 1723 1290 in

246 1325 368 1368 omni
389 1326 613 1367 conuentu
639 1326 720 1365 aut
745 1322 983 1365 tacendum
1011 1325 1080 1365 est
1106 1324 1186 1364 aut
1215 1320 1508 1378 loquendum3
1538 1333 1722 1376 (1116616-
1742 1337 1783 1372 1⁵

245 1408 346 1436 mus
376 1393 661 1436 silentiumne
689 1391 908 1435 conuiuiis
935 1406 994 1434 an
1024 1394 1270 1448 oportunus
1300 1404 1444 1433 sermo
1470 1388 1721 1432 conueniat.

246 1462 297 1507 Si
337 1462 467 1513 enim,
496 1464 549 1505 ut
589 1461 708 1518 apud
743 1461 945 1503 Athenas
980 1460 1166 1503 Athicas
1196 1459 1486 1516 Ariopagitae
1525 1460 1724 1501 tacentes

246 1533 459 1583 iudicant,
480 1532 545 1575 ita
565 1531 685 1574 inter
705 1531 858 1588 epulas
878 1532 1054 1587 oportet
1073 1529 1205 1581 sileri,
1226 1544 1316 1572 non
1341 1531 1409 1571 est
1435 1528 1556 1571 ultra
1586 1542 1721 1585 quae·

248 1602 437 1646 rendum
462 1602 580 1644 inter
605 1615 781 1643 mensas
805 1600 1208 1657 philosophandum
1236 1599 1296 1642 sit
1326 1613 1475 1642 necne.
1537 1597 1587 1641 Si
1614 1610 1722 1640 uero

247 1687 338 1716 11011
377 1674 510 1715 61111113
555 1674 683 1714 muta
727 1670 951 1724 conuiuia,
988 1685 1077 1721 cur,
1118 1669 1196 1712 ubi
1244 1683 1387 1712 sermo
1431 1667 1720 1725 permittitur,
1741 1685 1788 1711 πο

247 1742 461 1785 110116613116
481 1755 624 1783 6611110
650 1740 924 1798 prohibetur,
944 1739 1139 1782 maxime
1168 1753 1270 1782 cum
1296 1753 1387 1782 non
1407 1737 1556 1781 minus
1586 1751 1721 1795 quam

247 1811 434 1854 dulcedo
454 1810 550 1853 uini
571 1810 766 1852 hilarent
793 1809 933 1852 uerba
955 1809 1246 1852 conuiuiqu
1307 1807 1427 1861 Quid
1447 1808 1542 1860 hoc,
1562 1806 1723 1864 inquis,

247 1881 306 1924 ad
335 1879 696 1938 philosophiam?
756 1878 900 1922 Immo
926 1878 1065 1922 nichil
1092 1881 1187 1922 tam
1213 1880 1454 1936 cognatum
1478 1876 1724 1935 sapientiae

247 1965 382 2009 quam
397 1950 504 1994 locis
524 1952 570 1993 et
589 1948 864 2006 temporibus
884 1950 1038 2006 aptare
1059 1963 1293 2000 sermones,
1306 1961 1595 2005 personarum
1610 1960 1724 2004 quae

247 2020 439 2064 aderunt
459 2019 740 2063 estimatione
763 2018 811 2061 in
841 2019 1038 2062 medium
1065 2020 1236 2062 uocata.
1298 2017 1423 2060 Alios
1444 2016 1562 2060 enim
1582 2016 1724 2060 relata
1743 2037 1787 2074 ²5

247 2090 496 2134 incitarunt
526 2088 729 2146 exempla
752 2088 977 2131 uirtutum
1005 2088 1115 2131 alios
1145 2087 1458 2131 beneficiorum
1488 2086 1725 2130 nonnullos

248 2160 492 2203 modestiae
516 2162 569 2202 ut
589 2161 635 2202 et
654 2158 731 2215 qui
759 2158 891 2202 aliter
915 2158 1110 2215 agebant
1136 2172 1266 2215 saepe
1291 2156 1458 2200 auditis
1482 2156 1648 2200 talibus
1668 2156 1727 2200 ad

209 2245 234 2275 c
251 2230 605 2274 emendationem
636 2228 854 2271 uenirent.
915 2228 990 2271 Sic
1020 2231 1173 2271 autem
1207 2227 1332 2270 uitiis
1368 2227 1577 2278 irretitos,
1608 2226 1646 2270 si
1681 2228 1728 2270 et

250 2301 359 2344 haec
379 2300 428 2342 in
448 2298 668 2342 conuiuiis
688 2298 888 2356 exegerit
914 2298 1124 2355 loquendi
1152 2298 1271 2349 ordo,
1293 2296 1426 2340 feriet
1446 2296 1727 2354 philosophia

249 2385 340 2414 non
360 2369 615 2420 sentientes,
633 2371 687 2411 ut
703 2367 837 2411 Liber
855 2371 985 2426 pater
1004 2371 1131 2426 tyrso
1151 2367 1259 2411 ferit
1278 2382 1359 2425 per
1378 2367 1727 2425 obliquationem
1745 2385 1790 2420 30

253 2479 293 2507 11
315 2474 401 2516 post
435 2468 664 2515 quandoque
698 2469 782 2504 add.
817 2478 840 2503 a
874 2466 943 2513 (=
960 2466 1075 2514 aptis,
1107 2468 1202 2514 quod
1233 2477 1305 2503 voc.
1340 2477 1387 2502 ex
1416 2467 1600 2502 Macrobii
1627 2470 1728 2502 tenu

249 2516 431 2564 supplevi)
449 2515 538 2552 GBS
745 2525 786 2551 12
812 2514 1172 2563 phylosophandum
1190 2514 1230 2550 M
1416 2522 1458 2558 17
1485 2515 1529 2550 ut
1545 2525 1613 2551 om.
1631 2512 1728 2550 CBA

251 2564 418 2601 atthicas
436 2563 476 2599 M
610 2562 845 2609 arriopagite
862 2562 910 2598 A¹
1070 2573 1119 2599 20
1143 2564 1250 2599 muta
1265 2573 1343 2599 non
1360 2562 1473 2598 erunt
1489 2560 1523 2597 A
1681 2571 1728 2598 22

251 2612 432 2659 hylarent
451 2610 491 2647 M
586 2610 717 2657 inquis
733 2611 806 2648 hoc
823 2609 859 2645 A
1002 2620 1049 2657 29
1072 2610 1146 2647 hoc
1163 2610 1204 2646 M
1345 2618 1394 2654 30
1416 2608 1512 2646 tirso
1530 2607 1598 2646 SM

300 2711 322 2737 2
346 2702 525 2737 amicam:
561 2705 687 2746 aptam
714 2698 880 2735 Macrob.
1059 2708 1099 2735 11
1139 2699 1325 2735 conuiuii:
1361 2699 1533 2735 consortii
1560 2695 1727 2733 Macrob-

252 2750 487 2805 quandoque:
520 2750 666 2795 quando
690 2749 771 2783 licet
795 2745 960 2803 Macrob.
1123 2755 1165 2791 17
1191 2747 1233 2782 Si
1250 2748 1366 2783 enim:
1393 2748 1490 2800 Nam
1506 2747 1540 2781 εἰ
1562 2743 1729 2781 Macrob.

254 2797 732 2896 ὅᾌξῖῗᾶιέἕὲἓὲἓξῗῗὲῗ
750 2795 929 2889 ῗὲῗὲἷὲ
940 2792 1404 2879 ἑζὲέέἒίὲὸεῖῗῖἒὲηἶῗὲ
1421 2791 1566 2878 (1ιὲὲὲοέ
1572 2791 1727 2876 ἱῖιῖῐίξ

254 2890 447 2927 exhibent.
590 2900 637 2938 29
661 2891 768 2927 haec:
795 2891 861 2927 hoc
878 2888 1043 2926 Macrob.

364 2960 430 2996 286
