1846 3262
166 233 267 267 cAP.
284 220 358 283 VI]
687 221 1131 268 POLICRATICVS

163 344 233 388 De
262 348 406 388 morte
436 345 532 388 eius
562 345 729 389 diuersi
759 345 939 389 diuersa
968 345 1243 403 scripserunt
1269 343 1347 387 sed
1374 342 1651 401 probabilius

163 418 232 459 est
258 430 373 466 eum,
401 415 478 473 qui
508 415 769 459 innocenter
798 415 978 458 uixerat
1006 418 1051 458 et
1075 413 1384 472 philosophiae
1413 416 1652 471 praecepta

162 500 244 544 pro
263 486 438 530 uiribus
458 485 608 530 fuerat
628 486 868 537 insecutus,
879 486 1023 529 uitam
1043 485 1155 528 risui
1174 499 1266 527 non
1286 484 1478 528 cessisse.
1530 483 1651 526 Nam

162 556 282 612 quod
302 556 358 600 de
379 571 431 600 eo
451 556 657 600 nonnulli
681 556 871 600 tradunt
898 556 1006 613 quia
1029 554 1299 599 uerecundia
1325 557 1475 598 motus
1502 553 1652 598 emisit

124 645 144 681 5
161 626 371 684 spiritum
393 642 444 670 eo
472 627 591 685 quod
618 629 861 670 nautarum
884 626 1159 684 propositam
1186 640 1276 669 non
1305 625 1456 683 potuit
1479 624 1651 667 soluere

1671 221 1756 270 647
1779 231 1810 261 a

163 697 480 753 quaestionem,
502 701 678 741 constat
696 697 891 740 nominis
911 711 1060 740 errore
1079 695 1386 754 compositum.
1427 694 1651 752 Quicquid
1667 696 1698 735 b

163 767 283 811 enim
315 767 370 811 de
406 782 458 811 eo
489 768 731 812 Grecorum
763 767 1005 824 loquentur
1034 766 1226 818 fabulae,
1255 766 1338 809 hoc
1369 765 1424 809 de
1454 765 1653 808 Homero

162 851 254 881 non
275 837 461 881 Platone
476 838 683 881 Valerius
704 837 931 880 Maximus
951 836 1105 880 refert.
1166 836 1236 879 Ex
1257 851 1308 880 eo
1329 839 1480 879 tamen
1502 838 1548 878 et
1567 836 1651 880 hoc

161 908 401 966 uulgatum
441 911 520 961 est,
562 908 669 965 quia
719 907 906 951 fuerunt
945 907 1023 964 qui
1064 906 1311 949 Homerum
1357 906 1650 963 aequiuocum

102 996 146 1023 xo
163 978 363 1022 Platonis
383 978 583 1022 dicerent
609 981 793 1036 propter
819 977 1128 1021 excellentiam
1156 976 1414 1034 sapientiae,
1435 977 1652 1020 sermonis

162 1048 431 1107 elegantiam
472 1053 518 1092 et
556 1049 844 1092 latitudinem
884 1048 1104 1105 pectoris3
1165 1062 1270 1090 nam
1316 1047 1439 1090 uiros
1479 1047 1652 1091 nobiles

160 1121 331 1163 certum
353 1122 421 1162 est
439 1119 705 1177 polinomios
730 1118 946 1162 extitisse.
1006 1117 1208 1169 Decessit
1240 1120 1391 1161 autem
1421 1118 1651 1176 octoginta

160 1189 292 1233 annis
323 1191 369 1233 et
403 1204 494 1233 uno
530 1189 721 1247 expletis
752 1189 801 1231 in
831 1191 962 1232 tanta
992 1188 1245 1231 reuerentia
1274 1187 1475 1231 omnium
1507 1191 1553 1231 et
1582 1188 1650 1230 in-

159 1259 374 1317 tegritate
394 1260 678 1303 auctoritatis
697 1262 750 1302 ut
770 1259 849 1302 diu
874 1258 1131 1301 dubitatum
1157 1257 1298 1301 fuerit
1321 1258 1408 1301 diis
1434 1273 1493 1300 an
1518 1258 1651 1300 semi-

101 1346 143 1384 15
162 1329 249 1373 diis
274 1330 426 1387 potius
445 1330 770 1388 aggregandus.
831 1329 919 1373 Sed
950 1332 997 1372 et
1026 1343 1127 1372 cum
1159 1331 1279 1372 etate
1309 1328 1388 1371 illa
1417 1328 1651 1371 deficiente

161 1399 323 1443 merita
357 1399 582 1443 uirtutum
619 1400 714 1443 eius
745 1402 977 1457 tamquam
1007 1398 1289 1443 incredibilia
1323 1398 1650 1456 quodammodo

159 1468 218 1512 ad
258 1469 545 1526 antiquitatis
584 1469 762 1513 fabulas
801 1471 1053 1527 uergerent‚
1084 1468 1232 1526 ipsum
1273 1468 1393 1512 inter
1432 1469 1649 1512 semideos

159 1540 467 1583 uenerandum
517 1540 665 1583 Labeo
714 1540 870 1584 scribit
918 1542 973 1583 ut
1016 1539 1231 1596 quiddam
1270 1539 1417 1583 maius
1457 1539 1649 1590 homine,

159 1610 310 1654 minus
338 1610 421 1654 deo
451 1610 591 1654 fuisse
620 1610 846 1654 doceatur.

99 1735 143 1763 ao
161 1718 269 1779 Cap.
290 1722 330 1765 6.
359 1721 425 1764 De
450 1720 688 1764 Aristotile
715 1725 755 1765 et
784 1719 1004 1778 opinione
1031 1719 1132 1764 eius
1159 1724 1198 1764 et
1222 1719 1394 1764 studiis
1407 1738 1427 1771 ,·
1457 1724 1497 1764 et
1526 1720 1647 1777 quod

273 1791 433 1835 uariis
454 1790 850 1848 disputationibus
875 1790 1213 1835 dubitationem
1233 1790 1645 1835 Ackademicorum

275 1862 437 1914 mouit,
458 1865 496 1906 et
517 1862 572 1906 de
591 1862 753 1919 reyula
772 1875 942 1905 eorum.

218 1949 296 1993 Sol
336 1965 360 1993 e
400 1950 494 1993 celo
532 1950 658 1993 uisus
698 1952 766 1992 est
804 1948 1013 1993 cecidisse
1048 1963 1138 2006 qua
1172 1948 1244 1992 die
1278 1948 1646 2007 philosophorum

158 2020 365 2078 princeps
395 2020 524 2063 Plato
553 2020 686 2063 rebus
714 2019 904 2063 excessit
930 2019 1153 2071 humanis,
1180 2022 1226 2062 et
1258 2020 1387 2076 quasi
1419 2019 1646 2063 lucernam

99 2108 142 2144 ²5
158 2090 316 2134 mundi
349 2091 597 2134 extinctam
629 2090 908 2134 defleuerunt
939 2089 1018 2147 qui
1052 2089 1110 2132 ad
1142 2089 1356 2132 thronum
1389 2090 1648 2147 sapientiae,

157 2162 231 2206 cui
250 2161 326 2205 ille
346 2161 426 2205 diu
447 2161 744 2219 praesederat,
764 2176 846 2204 sua
869 2161 1210 2204 arbitrabantur
1229 2160 1380 2203 studia
1400 2159 1646 2204 referenda.

157 2231 247 2276 Sed
274 2247 376 2276 cum
405 2232 445 2275 ei
465 2232 723 2275 Aristotiles
748 2231 1005 2289 discipulus,
1026 2231 1099 2273 uir
1119 2230 1377 2274 excellentis
1405 2230 1574 2287 ingenii
1600 2233 1646 2272 et

158 2301 335 2345 Platoni
355 2301 503 2359 impar
522 2301 698 2358 eloquio
718 2301 796 2344 sed
815 2301 982 2344 multos
1002 2299 1134 2344 facile
1154 2314 1380 2358 superans,
1397 2299 1445 2341 in
1459 2299 1645 2342 docendi

157 2413 179 2449 8
204 2411 393 2448 maximus
410 2411 576 2448 ualerius
594 2411 635 2447 M
791 2421 835 2455 14
860 2409 927 2455 an]
945 2411 1015 2446 aut
1032 2409 1072 2445 M
1231 2419 1286 2455 14,
1309 2418 1350 2456 15
1374 2415 1458 2455 post
1475 2409 1646 2446 semidiis

155 2461 241 2496 aad.
261 2463 358 2496 esset
375 2459 442 2495 SM
619 2468 658 2505 15
685 2458 927 2506 agregandus
944 2458 970 2494 S
1091 2459 1132 2494 et
1149 2470 1218 2494 om.
1235 2457 1270 2493 A
1441 2468 1486 2504 23
1512 2458 1645 2505 phylo-

156 2508 360 2554 sophorum
379 2507 419 2543 M
613 2517 656 2553 25
683 2509 841 2543 tronum
857 2506 892 2541 A
1063 2507 1110 2542 26
1133 2505 1363 2552 preferenda
1380 2505 1421 2541 M

205 2617 226 2653 3
250 2608 371 2642 risui:
398 2618 431 2641 v.
450 2604 522 2642 loc.
541 2616 589 2642 ex
605 2604 671 2640 lib.
689 2603 729 2641 ii.
749 2602 852 2639 infra
870 2603 934 2640 cit.
1128 2603 1163 2646 6,
1181 2612 1202 2648 7
1232 2604 1411 2650 Quicquid
1427 2605 1523 2639 em'm
1542 2605 1642 2641 etc.:

155 2654 204 2692 cf.
223 2666 338 2701 supra
353 2653 392 2689 ii.
412 2655 458 2690 26
477 2654 565 2699 (460
581 2653 623 2698 Β)
644 2665 731 2689 cum
751 2651 854 2688 notis
871 2652 920 2687 ad
940 2650 1034 2692 loc.·
1066 2650 1202 2697 quibus
1220 2651 1410 2697 quaedam
1423 2651 1643 2689 adhibenda

155 2704 246 2739 sunt
259 2714 307 2739 ex
319 2701 578 2738 addendorum
591 2700 726 2737 tabula
736 2699 868 2736 tomoI
883 2699 1062 2745 praefixa.
1195 2701 1217 2735 8
1250 2701 1418 2735 Valerius
1427 2701 1639 2738 Maximus:

156 2763 187 2787 v.
214 2750 297 2786 Val.
329 2750 430 2785 Max.
460 2749 510 2785 ix.
542 2760 584 2785 12
615 2750 690 2786 ext.
720 2759 753 2794 3.
921 2758 963 2784 12
991 2749 1237 2793 polinomios.
1273 2746 1301 2782 i.
1320 2758 1355 2784 e.
1382 2763 1428 2784 πο
1410 2749 1475 2783 ολυ
1455 2763 1523 2783 υων
1525 2747 1588 2794 ὑμο
1591 2764 1642 2786 v„-

157 2800 317 2835 Decessit
334 2800 430 2834 etc.:
457 2809 488 2833 v.
507 2796 584 2833 Cic.
603 2799 646 2832 de
662 2798 744 2832 8877.
765 2794 822 2842 5§
843 2806 907 2841 ι3;
939 2795 1029 2832 Sen.
1047 2796 1121 2841 Ep.
1142 2797 1186 2841 58
1203 2794 1222 2842 ξ
1241 2805 1298 2841 31.
1477 2805 1519 2841 17
1546 2799 1646 2833 inter

155 2848 328 2883 semideos
349 2847 446 2882 etc.:
476 2858 510 2882 v.
533 2844 631 2892 Aug.
657 2847 700 2880 de
728 2845 767 2879 C.
792 2845 840 2880 D.
867 2842 907 2879 ii.
937 2854 1000 2888 143
1026 2843 1075 2879 cf.
1101 2842 1177 2878 viii.
1207 2853 1262 2888 13.
1430 2853 1475 2889 27
1501 2857 1584 2880 cum
1609 2846 1644 2881 ei

156 2895 364 2931 Aristotiles
380 2895 452 2930 etc.
472 2904 591 2939 usque
609 2892 657 2929 ad
674 2902 878 2939 superans.
905 2903 937 2928 v.
955 2892 1050 2940 Aug.
1070 2893 1113 2927 de
1134 2893 1173 2928 C.
1192 2892 1240 2928 D.
1258 2889 1338 2928 viii.
1357 2901 1412 2928 12.

1469 2972 1529 3000 111

1667 1730 1693 1761 C
