1846 3262
164 222 266 258 cAP.
282 209 367 272 111]
683 208 1127 255 POLICRATICVS
1673 209 1762 257 640
1784 218 1810 248 c

164 338 211 379 et
230 333 484 378 defluxione
500 332 704 383 Occeani,
721 331 776 374 de
796 333 901 374 ortu
916 330 1026 383 Nili,
1041 329 1097 373 de
1117 329 1356 372 humorum
1377 328 1426 371 in
1446 327 1650 371 animali-

164 404 255 448 bus·
268 403 528 462 corporibus
552 404 795 461 augmento
822 404 868 444 et
896 400 1195 444 diminutione
1222 399 1281 442 ad
1305 402 1479 442 motum
1506 398 1652 448 lunae,

163 475 219 519 de
238 475 380 518 uariis
400 474 584 517 latentis
605 477 794 516 naturae
814 471 1007 523 secretis,
1022 470 1077 514 de
1097 470 1252 514 officiis
1273 472 1318 513 et
1337 469 1478 513 uariis
1492 469 1651 527 figuris

162 560 399 590 causarum
421 559 535 602 quae
555 544 602 586 in
623 542 927 587 contractibus
942 544 1023 584 aut
1039 541 1167 598 quasi
1187 540 1502 591 contractibus,
1514 539 1651 582 male-

125 635 145 668 5
163 616 277 660 ficiis
316 619 398 659 aut
441 615 570 672 quasi
605 613 847 666 maleficiis,
882 616 963 656 aut
1003 612 1103 655 aliis
1143 626 1293 654 rerum
1328 610 1486 654 formis
1525 610 1652 654 uarie

163 686 384 737 oriuntur,
404 685 460 728 de
479 688 645 728 natura
672 687 719 727 et
742 683 952 741 operibus
982 682 1090 733 eius,
1110 681 1166 724 de
1195 681 1389 724 ueritate
1419 683 1465 724 et
1494 680 1652 738 primis

163 771 315 800 rerum
355 755 499 799 initiis
538 755 586 797 in
627 754 790 812 quibus
830 754 1079 796 humanum
1117 751 1350 809 ingenium
1390 750 1551 802 deficit,
1591 766 1651 794 an
1669 751 1698 790 d

163 827 314 885 angeli
334 826 516 870 omnino
536 840 619 868 sua
637 839 729 867 non
749 824 946 866 habeant
965 826 1046 866 aut
1067 822 1218 879 qualia
1238 821 1436 864 habeant
1455 836 1652 878 corpora,

164 900 211 941 et
250 911 365 954 quae
403 897 477 954 pie
516 898 797 952 quaeruntur
827 894 883 936 de
917 893 1015 950 ipso
1047 893 1143 936 Deo
1178 892 1257 949 qui
1290 892 1432 935 totius
1463 895 1653 934 naturae

105 984 147 1009 10
163 967 398 1011 rationalis
432 965 609 1010 excedit
637 963 1033 1022 inuestigationem
1074 966 1120 1006 et
1159 977 1294 1019 super
1332 962 1494 1012 omnia,
1538 977 1653 1019 quae

162 1041 314 1081 mente
334 1039 522 1095 possunt
541 1035 725 1092 concipi,
745 1034 985 1077 exaltatur.
1047 1033 1234 1076 Possent
1253 1033 1301 1074 in
1322 1033 1442 1075 hunc
1469 1032 1652 1075 modum

162 1107 364 1152 enarrari
403 1121 539 1164 quam
578 1105 775 1163 plurima
815 1119 930 1162 quae
969 1103 1032 1147 sic
1071 1103 1400 1146 dubitationem
1435 1103 1652 1160 sapientis

161 1178 412 1222 admittunt
433 1180 486 1220 ut
508 1180 662 1219 tamen
682 1175 909 1218 dubitatio
935 1174 1035 1232 ipsa
1058 1174 1248 1231 uulgum
1269 1176 1535 1230 praetereat.
1595 1173 1652 1216 In

161 1249 233 1292 his
261 1249 416 1305 itaque
445 1246 581 1292 facile
609 1245 871 1290 crediderim
900 1245 1221 1288 Achademicos
1251 1247 1381 1287 tanto
1405 1243 1651 1286 modestius

104 1334 143 1373 ¹5
161 1319 392 1363 dubitasse
423 1320 594 1376 quanto
625 1331 700 1360 eos
733 1316 1004 1360 temeritatis
1038 1315 1353 1373 praecipitium
1388 1314 1652 1372 diligentius

161 1389 442 1448 praecauisse
472 1387 690 1446 repperio.
763 1387 890 1430 Adeo
910 1386 1092 1444 quidem
1111 1388 1177 1436 ut,
1197 1400 1300 1429 cum
1321 1385 1443 1442 apud
1463 1385 1651 1442 scripto-

96 1458 100 1462 ’
161 1475 234 1504 res
252 1460 302 1503 in
321 1459 430 1503 locis
449 1473 541 1502 non
560 1458 728 1516 passim
749 1457 900 1500 dubiis
919 1457 1060 1500 uerba
1080 1455 1408 1514 quodammodo
1428 1455 1651 1513 ambigua,

162 1530 315 1589 qualia
337 1532 446 1573 sunt
469 1530 602 1572 haec:
632 1527 673 1572 si
686 1528 807 1586 forte
824 1527 1017 1584 fortasse
1038 1531 1084 1571 et
1102 1526 1325 1585 forsitan,
1346 1525 1652 1584 proferuntur,
1699 1511 1706 1518 ”

162 1601 461 1646 Aehademioo
479 1600 690 1643 dicantur
715 1599 786 1642 usi
809 1601 1177 1656 temperamentO,
1201 1612 1252 1640 eo
1282 1597 1403 1654 quod
1429 1600 1651 1654 tempera-

103 1693 148 1718 ιο
163 1673 301 1716 tiores
315 1671 418 1715 aliis
431 1670 719 1714 Achademici
736 1669 920 1721 fuerint,
935 1669 1013 1727 qui
1033 1683 1211 1712 omnem
1227 1668 1363 1711 ueriti
1383 1671 1491 1711 sunt
1510 1671 1649 1711 teme·
1668 1669 1747 1719 641
1765 1680 1797 1710 a

163 1742 309 1787 rariae
328 1741 611 1785 diffinitionis
630 1740 781 1784 subire
802 1743 957 1784 notam
978 1743 1024 1783 et
1044 1739 1359 1798 praecipitium
1380 1737 1606 1784 falsitatis,

162 1873 273 1933 Cap.
292 1889 334 1933 3.
385 1873 514 1918 V‘nde
542 1872 659 1916 dicti
687 1872 783 1916 sint
814 1871 1113 1916 Achademici
1124 1891 1143 1923 ;
1188 1876 1227 1916 et
1257 1871 1364 1929 quis
1393 1871 1536 1915 timor
1565 1875 1651 1915 aut

271 1945 430 2002 passio
459 1944 627 1988 mentis
656 1944 911 1988 seeundwm
941 1942 1179 2000 Ayellium
1215 1946 1254 1986 et
1284 1942 1453 1987 Stoicos
1487 1941 1545 1985 in
1579 1957 1650 1986 sa-

271 2015 479 2073 pientem
509 2014 656 2058 cadat.

100 2131 145 2167 ²5
221 2107 510 2152 Aehademici
529 2107 711 2165 quidem
731 2106 842 2150 dicti
866 2109 975 2150 sunt
996 2106 1055 2149 ab
1074 2105 1360 2157 Achademia„
1380 2106 1499 2150 unde
1521 2106 1650 2149 Plato

162 2179 319 2224 extitit
338 2178 567 2229 oriundus,
588 2178 667 2235 qui
687 2177 878 2221 eundem
899 2192 1007 2221 suae
1027 2177 1287 2220 natiuitatis
1308 2177 1454 2220 locum
1483 2180 1528 2220 et
1555 2182 1649 2220 stu-

159 2249 296 2294 dendi
315 2263 401 2293 usu
421 2252 468 2292 et
487 2248 808 2306 discipulorum
823 2247 1080 2305 frequentia
1094 2247 1444 2304 meritorumque
1465 2262 1648 2290 suorum

159 2319 418 2364 celebritate
438 2318 548 2362 fecit
561 2318 796 2375 insignem.
856 2317 992 2360 Illum
1008 2332 1117 2360 uero
1131 2317 1278 2360 locum
1293 2317 1451 2360 ceteris
1467 2321 1646 2374 praetu-

159 2389 216 2433 lit
243 2404 295 2433 eo
323 2388 443 2446 quod
463 2388 522 2431 ad
542 2387 852 2431 incutiendum
871 2387 1092 2438 timorem,
1112 2401 1201 2444 quo
1221 2387 1337 2430 uitia
1356 2387 1648 2444 reprimeren-

99 2482 144 2516 30
160 2465 239 2505 tur
258 2464 305 2504 et
323 2460 481 2518 agnita
504 2458 759 2502 conditione
786 2458 858 2501 sui
883 2458 1103 2501 modestia
1128 2458 1306 2501 fidelius
1330 2461 1647 2509 reseruaretur,

159 2601 181 2628 2
207 2591 391 2637 agmento
409 2588 435 2625 S
580 2599 625 2625 22
645 2593 729 2635 post
744 2589 815 2624 aut
831 2589 916 2624 add.
933 2598 1007 2634 que
1023 2587 1058 2623 A

207 2704 254 2740 28
277 2704 392 2739 Illum
417 2713 504 2738 uero
530 2702 646 2737 locum
672 2702 770 2736 etc.:
795 2700 876 2736 Hoc
904 2698 999 2736 alibi
1023 2710 1103 2735 non
1130 2698 1305 2746 repperi;
1332 2710 1484 2735 causam
1509 2701 1643 2736 tamen

158 2750 236 2789 loci
252 2749 423 2798 eligendi
448 2749 552 2785 haud
579 2747 805 2784 dissimilem
822 2747 977 2784 Platoni
996 2747 1176 2784 attribuit
1193 2747 1348 2783 Hieron.
1366 2749 1446 2783 adv.
1465 2749 1581 2783 Iovin.
1599 2748 1643 2784 ii.

159 2810 183 2846 9
201 2799 350 2847 (Migne
366 2799 407 2835 P.
424 2799 469 2834 L.
487 2795 594 2833 xxiii.
613 2798 698 2842 298)
717 2798 824 2832 Plato
840 2823 849 2832 .
870 2822 880 2831 .
898 2823 907 2832 .
925 2801 968 2831 ut
979 2801 1100 2841 posset
1118 2808 1250 2831 uacare
1262 2797 1525 2842 philosophiae,
1542 2797 1644 2842 eleqit

157 2849 396 2884 Academiam
412 2847 546 2882 uillam
561 2846 608 2880 ub
624 2846 713 2880 urbe
724 2845 863 2890 proma,
878 2855 954 2880 non
965 2845 1082 2880 solum
1094 2845 1270 2879 desertam
1283 2845 1345 2879 sed
1361 2849 1395 2879 et
1408 2845 1643 2891 pestilentem,

157 2901 201 2932 ut
215 2907 306 2932 cura
321 2900 355 2931 et
369 2895 585 2930 assiduitate
600 2893 806 2930 morborum
822 2893 988 2928 libidinis
1003 2893 1159 2939 impetus
1164 2893 1417 2939 fiunyeretur.

1487 2974 1532 3009 99
