1846 3262
133 214 237 250 cn.
250 202 292 264 1]
643 204 1087 250 PomcssATIcvs
1629 217 1693 258 711
1710 206 1740 247 d

134 325 405 384 Habentque
425 327 538 370 rami
559 327 725 386 singuli
745 328 800 371 de
820 343 867 371 se
887 327 1160 372 ramusculos
1175 328 1461 386 procedentes
1481 331 1612 371 tanta

133 395 314 453 quidem
343 397 639 454 amplitudine
671 398 883 441 dilatatos
918 400 971 441 ut
1004 398 1221 441 mundum
1254 397 1349 441 fere
1383 401 1530 442 totum
1563 398 1612 440 in

131 466 330 524 maligno
372 467 568 524 positum
606 482 719 525 pene
759 468 976 525 operiant.
1034 468 1153 511 Nam
1197 468 1253 511 de
1295 469 1421 511 inani
1467 468 1612 526 gloria

132 535 447 590 inobedientia,
475 538 702 588 iactantia,
728 538 957 595 ypocrisis,
985 538 1302 589 contentiones,
1328 538 1612 596 pertinaciae,

94 622 114 656 5
132 606 390 658 discordiae,
434 611 480 651 et
525 608 781 651 nouitatum
825 608 1210 665 praesumptiones
1252 609 1471 651 oriuntur.
1543 608 1611 652 De
1628 619 1700 660 712
1719 619 1751 648 a

131 676 306 720 invidia
336 677 501 728 odium,
530 678 794 731 susurratio,
823 677 1052 728 detractio,
1082 677 1304 721 exultatio
1333 678 1381 720 in
1411 678 1612 722 aduersis

131 747 337 805 proximi,
352 748 534 792 afflictio
548 751 699 790 autem
720 748 767 790 in
783 747 1006 805 prosperis
1026 748 1236 791 nascitur.
1298 748 1366 792 De
1385 749 1453 791 ira
1472 749 1612 801 rixae,

131 820 284 860 tumor
302 818 476 868 mentis,
496 818 802 868 contumeliae,
822 817 1000 868 clamor,
1020 817 1286 875 indignatio,
1309 818 1612 876 blasphemiae

132 886 436 944 proferuntur.
498 887 565 930 De
600 887 789 930 tristitia
827 887 1014 939 malitia,
1049 902 1219 938 rancor,
1252 888 1612 945 pusillanimitas,

74 971 118 996 10
133 956 396 1014 desperatio,
435 960 589 1014 torpor
627 958 744 1001 circa
786 960 1034 1014 praecepta,
1073 957 1257 1015 uagatio
1296 959 1460 1001 mentis
1505 973 1614 1016 erga

132 1026 292 1072 illicita
335 1027 570 1084 prodeunt.
648 1027 716 1070 De
760 1027 955 1069 auaritia
996 1027 1204 1084 proditio,
1244 1027 1383 1079 fraus,
1422 1028 1613 1079 fallacia,

132 1096 341 1154 periuria,
378 1097 653 1154 inquietudo,
692 1097 944 1147 uiolentiae,
983 1100 1032 1140 et
1069 1100 1226 1140 contra
1264 1098 1613 1141 misericordiam

131 1167 449 1213 obdurationes
478 1168 623 1211 cordis
653 1168 956 1226 egrediuntur.
1017 1167 1085 1210 De
1110 1167 1284 1210 uentris
1314 1168 1515 1226 ingluuie
1545 1169 1612 1211 in-

132 1241 239 1296 epta
267 1238 425 1289 letitia,
451 1238 711 1288 scurrilitas,
741 1237 1040 1288 immunditia,
1065 1237 1362 1294 multiloquia,
1389 1238 1614 1282 hebetudo

72 1325 115 1359 ¹5
131 1322 287 1352 sensus
342 1308 460 1352 circa
515 1307 861 1366 intelligentiam
915 1311 1234 1365 propagantur.
1316 1307 1384 1351 De
1433 1308 1616 1351 luxuria

130 1379 293 1423 cecitas
331 1379 507 1431 mentis,
547 1378 904 1429 inconsideratio,
939 1378 1252 1429 inconstantia,
1291 1378 1614 1435 praecipitatio,

131 1463 257 1493 amor
294 1449 376 1500 sui,
415 1449 568 1493 odium
613 1449 711 1502 Dei,
750 1448 936 1492 affectus
975 1449 1224 1506 praesentis
1266 1448 1416 1502 seculi,
1454 1449 1613 1492 herror

130 1522 283 1564 autem
306 1520 380 1564 uel
407 1520 659 1577 desperatio
679 1519 826 1563 futuri
850 1522 1134 1577 generantur.
1194 1518 1285 1563 Sed
1312 1520 1532 1576 quomodo
1552 1520 1610 1563 ab
1628 1521 1657 1560 b

130 1590 325 1634 inuicem
348 1590 614 1648 principalia
641 1589 861 1647 prodeant
886 1589 1004 1633 idem
1029 1589 1186 1633 doctor
1203 1590 1401 1647 exponit.
1462 1590 1613 1633 Prima

60 1681 118 1709 ,20
134 1675 328 1718 namque
356 1661 590 1718 superbiae
616 1660 801 1712 soboles,
826 1660 935 1703 dum
962 1674 1219 1717 oppressam
1245 1663 1442 1703 mentem
1465 1675 1615 1704 corru-

134 1730 265 1789 perit,
307 1745 414 1774 mox
463 1730 683 1775 inuidiam
732 1730 893 1788 gignit,
938 1730 1045 1787 quia
1083 1729 1314 1782 nimirum,
1355 1730 1463 1773 dum
1507 1731 1616 1773 uani

130 1800 325 1845 nominis
362 1800 611 1858 potentiam
651 1801 827 1858 appetit
868 1814 926 1843 ne
965 1799 1067 1856 quis
1111 1798 1227 1842 alius
1268 1799 1384 1843 hanc
1428 1799 1615 1857 adipisci

131 1871 295 1922 ualeat,
332 1870 582 1914 intabescit.
654 1870 835 1913 Inuidia
885 1884 1061 1927 quoque
1110 1869 1224 1911 iram
1274 1872 1471 1927 generat,
1507 1869 1615 1927 quia

133 1943 304 1999 quanto
342 1941 521 1984 interno
560 1940 717 1984 liuoris
755 1940 943 1983 uulnere
985 1939 1164 1983 animus
1204 1940 1445 1991 sauciatur,
1485 1943 1617 1983 tanto

62 2027 118 2062 -25
135 2011 272 2054 etiam
298 2010 596 2054 mansuetudo
621 2009 968 2067 tranquillitatis
994 2009 1245 2061 amittitur3
1275 2012 1322 2052 et
1352 2009 1459 2066 quia
1488 2010 1616 2066 quasi

133 2080 288 2124 dolens
307 2081 557 2123 membrum
575 2080 793 2138 tangitur,
813 2079 970 2123 iccirco
994 2079 1224 2136 oppositae
1248 2079 1437 2123 actionis
1456 2094 1617 2123 manus

133 2151 261 2195 uelut
299 2151 485 2209 grauius
523 2165 677 2208 pressa
715 2150 921 2193 sentitur.
994 2148 1064 2191 Ex
1103 2148 1172 2191 ira
1212 2163 1388 2205 quoque
1427 2149 1617 2192 tristitia

133 2221 292 2273 oritur,
325 2221 432 2278 quia
466 2221 650 2264 turbata
684 2235 811 2263 mens
842 2234 931 2276 quo
960 2218 1214 2262 inordinate
1246 2233 1293 2262 se
1323 2219 1534 2269 concutit,
1565 2234 1617 2262 eo

134 2291 192 2335 ad
226 2291 464 2334 dicendum
498 2290 618 2333 mala
650 2289 889 2334 conhmdit
901 2303 912 2342 ;
954 2292 1012 2340 et,
1043 2303 1143 2332 cum
1178 2288 1458 2332 dulcedinem
1493 2292 1617 2332 tran-

72 2378 118 2412 30
136 2361 379 2420 quillitatis
422 2360 636 2413 amiserit,
685 2359 825 2403 nichil
873 2360 989 2406 hanc
1040 2359 1128 2401 nisi
1182 2373 1239 2401 ex
1279 2359 1618 2416 perturbatione

135 2431 409 2489 subsequens
439 2445 586 2474 meror
618 2430 773 2488 pascit.
833 2429 1038 2472 Tristitia
1069 2443 1245 2486 quoque
1284 2429 1343 2471 ad
1376 2430 1615 2473 auaritiam
1633 2441 1660 2471 c

135 2501 363 2545 diriuatur
382 2500 500 2558 quia,
520 2500 628 2543 dum
648 2499 885 2544 confusum
909 2514 984 2542 cor
1003 2499 1170 2542 bonum
1194 2499 1366 2542 letitiae
1386 2499 1434 2542 in
1454 2503 1615 2543 semet-

134 2572 232 2630 ipso
263 2571 388 2615 intus
422 2570 635 2621 amiserit,
669 2570 788 2613 unde
820 2569 1039 2614 consolari
1070 2569 1231 2613 debeat
1270 2569 1383 2613 foris
1416 2570 1616 2626 quaerit;

134 2714 159 2750 4
182 2703 385 2751 hipocrisis
401 2701 486 2739 CA:
510 2700 741 2748 hipochrisis
757 2701 788 2737 B
804 2714 813 2738 :
837 2699 1047 2748 hypocrisis
1065 2701 1091 2738 S
1279 2711 1325 2738 10
1347 2701 1452 2749 erga]
1470 2701 1572 2739 circa
1587 2702 1616 2740 C

137 2754 182 2790 18
206 2754 415 2800 generatur
430 2749 595 2787 CBASM
739 2759 783 2795 27
809 2749 923 2786 uelud
941 2748 1029 2785 GBS
1173 2760 1219 2796 32
1245 2749 1446 2787 deriuatur
1459 2750 1494 2786 A

187 2884 242 2922 19,
261 2884 309 2911 20
331 2875 462 2910 Prima
478 2901 487 2910 .
508 2900 517 2910 .
535 2900 543 2908 .
560 2872 751 2919 superbiae
765 2871 917 2908 soboles:
940 2869 1007 2908 ie.
1025 2872 1153 2907 inanis
1164 2872 1298 2917 gloria.

1440 2953 1507 2989 ²29
