1846 3262
158 268 260 303 cAP.
275 255 374 318 111]
474 255 481 257 ⁴
692 255 1138 302 POLICRATICVS

157 380 421 434 reseruauit,
460 380 620 424 ceteris
666 394 723 423 ex
762 379 937 423 ratione
976 379 1143 437 populo
1182 378 1449 422 distributis.
1530 377 1654 421 Vicit

158 466 265 510 ergo
296 451 645 494 innumerabiles
684 451 883 494 hostium
923 451 1073 508 copias
1103 450 1152 492 in
1182 449 1395 507 expedita
1423 448 1653 507 paucitate

157 522 360 566 uirorum
400 521 589 565 fortium
630 537 742 580 quos
781 537 872 565 non
912 521 1045 565 facile
1083 521 1348 565 crediderim
1393 520 1441 563 in
1481 519 1653 563 deliciis

1669 265 1755 307 593
1775 254 1805 294 d

157 592 340 636 urbium
375 596 456 636 aut
496 592 722 651 regalibus
753 592 897 650 epulis
929 591 1255 649 cotidianisque
1285 590 1507 635 conuiuiis
1537 589 1651 632 didi·
1667 587 1752 630 594
1773 588 1804 618 a

118 681 138 715 5
157 663 269 707 cisse
295 666 349 707 ut
374 679 538 721 aquam
565 663 828 714 lamberent,
848 663 968 706 unde
998 678 1072 706 eos
1103 662 1325 706 Dominus
1354 676 1463 720 prae
1492 661 1654 705 ceteris

157 734 333 779 censuit
374 734 614 792 eligendos.
674 733 724 777 Si
764 737 919 777 tamen
958 733 1187 777 interdum
1228 732 1469 776 necessitas
1509 731 1654 790 exigit

157 805 354 849 urbanos
381 805 749 862 delicatioresque
776 804 835 848 ad
861 819 989 848 arma
1013 803 1230 862 compelli,
1250 818 1308 847 ex
1338 817 1427 860 quo
1456 802 1655 860 primum

157 891 321 920 nomen
351 876 512 920 dedere
542 875 744 926 militiae,
770 875 974 918 laborare
1002 875 1236 918 decurrere
1267 877 1448 932 portare
1478 873 1655 931 pondus

160 950 207 991 et
226 947 364 991 solem
384 947 705 1005 pulueremque
726 944 845 989 ferre
866 945 1140 998 condiscant,
1162 959 1297 1003 parco
1317 944 1444 988 uictu
1464 946 1656 987 utantur

101 1034 142 1058 10
159 1022 206 1062 et
237 1018 417 1069 rustico,
447 1017 676 1061 interdum
706 1016 791 1059 sub
821 1016 940 1069 diuo,
971 1016 1201 1059 interdum
1231 1015 1316 1058 sub
1350 1015 1656 1073 papilionibus

158 1091 501 1133 commorentur.
562 1087 687 1131 Tunc
727 1086 908 1130 demum
948 1086 1007 1129 ad
1042 1078 1175 1129 usum
1208 1085 1474 1129 erudiantur
1509 1099 1654 1129 armo-

158 1173 283 1212 rum;
310 1162 368 1212 et,
389 1159 428 1202 si
448 1158 625 1217 longior
645 1157 874 1215 expeditio
894 1157 1098 1215 emergit,
1118 1157 1167 1199 in
1188 1156 1388 1214 angariis
1408 1155 1655 1213 plurimum

158 1229 390 1273 detinendi
414 1232 522 1273 sunt
548 1228 792 1286 proculque
816 1228 1012 1272 habendi
1040 1228 1099 1271 ab
1125 1226 1345 1271 illecebris
1371 1226 1573 1270 ciuitatis
1601 1230 1655 1270 ut

159 1315 212 1344 eo
231 1301 363 1345 modo
383 1303 430 1344 et
448 1300 708 1358 corporibus
729 1314 883 1343 eorum
903 1299 1042 1343 robur
1061 1298 1244 1343 accedat
1265 1300 1311 1342 et
1330 1297 1504 1341 animis.
1558 1296 1654 1342 Nec

99 1384 141 1419 15
159 1371 447 1415 infitiandum
472 1374 541 1415 est
564 1373 667 1429 post
692 1370 850 1413 urbem
874 1370 1102 1414 conditam
1130 1369 1356 1412 Romanos
1383 1383 1440 1412 ex
1466 1368 1654 1412 ciuitate

158 1456 335 1500 semper
361 1441 587 1500 profectos
616 1456 711 1485 esse
741 1441 800 1484 ad
829 1441 1024 1494 bellum3
1068 1440 1147 1484 sed
1176 1443 1286 1484 tunc
1315 1439 1453 1482 nullis
1482 1439 1654 1483 deliciis

159 1512 480 1571 fungebantur,
522 1512 730 1556 sudorem
770 1526 905 1556 cursu
943 1514 991 1555 et
1031 1511 1271 1569 campestri
1311 1510 1526 1554 exercitio
1566 1510 1652 1554 col—

158 1583 326 1628 lectum
365 1583 504 1627 nandi
544 1598 630 1627 usu
670 1583 886 1626 iuuentus
929 1582 1143 1626 abluebat
1188 1581 1237 1625 in
1281 1580 1444 1624 Tiberi.
1525 1580 1654 1624 Idem

158 1653 351 1698 bellator
369 1654 577 1711 idemque
597 1653 816 1712 agricola3
846 1652 925 1696 sed
951 1667 1117 1711 genera
1143 1654 1323 1695 tantum
1348 1651 1656 1707 commutabat

100 1740 144 1765 πο
161 1739 400 1769 armorum.
463 1724 595 1779 Quod
619 1739 761 1783 usque
786 1724 897 1768 adeo
926 1739 1086 1767 uerum
1114 1726 1183 1767 est
1213 1726 1267 1767 ut
1291 1723 1440 1766 aranti
1466 1722 1655 1777 Quintio

161 1794 432 1841 Cincinnato
452 1795 726 1839 dictaturam
747 1797 922 1839 constet
941 1794 1152 1845 oblatam,

279 1893 412 1936 quem
442 1877 621 1935 trepida
650 1880 757 1920 ante
787 1877 923 1921 boues
953 1876 1226 1920 dictaturam
1256 1875 1408 1919 induit
1437 1890 1565 1927 uxor,

280 1941 327 1981 et
357 1951 440 1981 sua
469 1940 622 1980 aratra
651 1936 835 1980 domum
864 1936 997 1980 lictor
1025 1935 1146 1979 tulit.

161 2019 234 2063 Ex
263 2019 385 2079 agris
415 2033 522 2077 ergo
551 2018 690 2062 robur
719 2017 942 2061 exercitus
976 2017 1214 2075 praecipue
1244 2015 1544 2074 supplendum
1575 2019 1654 2060 est.

101 2100 145 2136 ²5
161 2090 225 2134 Vt
259 2090 379 2134 enim
409 2089 498 2132 ait:
539 2088 702 2132 Nescio
733 2102 822 2145 quo
853 2090 986 2146 pacto
1014 2090 1207 2131 mortem
1236 2087 1387 2131 minus
1417 2087 1550 2131 timet
1577 2086 1655 2144 qui

162 2160 424 2206 deliciarum
453 2159 604 2203 minus
633 2158 764 2202 nouit
794 2158 843 2201 in
872 2158 982 2202 uita.

162 2341 165 2344 ,
191 2299 302 2359 Cap.
326 2314 367 2359 3.
395 2299 461 2344 De
479 2297 713 2343 militibus
730 2298 938 2356 gloriosis
957 2298 1043 2356 qui
1061 2298 1260 2343 militiae
1280 2297 1471 2342 inutiles
1490 2300 1614 2341 sunt.

221 2393 498 2438 Erubescent
527 2392 646 2436 forte
676 2392 843 2436 milites
866 2391 1033 2450 glorios
1074 2394 1121 2435 et
1145 2391 1223 2448 qui
1253 2391 1496 2434 Trasonem
1520 2389 1655 2433 comi-

162 2479 266 2510 cum
296 2464 449 2522 potius
477 2462 578 2506 uita
612 2465 658 2507 et
692 2462 893 2506 moribus
923 2476 1059 2520 quam
1092 2461 1369 2520 professione
1399 2463 1446 2504 et
1474 2460 1655 2504 nomine

166 2589 210 2625 18
234 2585 364 2634 tyberi
381 2585 415 2622 A
526 2594 570 2621 21
599 2583 835 2620 concinnato
852 2583 894 2620 M
967 2584 1119 2620 constat
1132 2582 1173 2619 M
1294 2592 1339 2629 23
1364 2581 1480 2619 lictor
1495 2582 1656 2618 domum

164 2635 265 2673 CBA
408 2643 456 2678 24
480 2631 712 2679 suplendum
730 2630 755 2668 S

137 2784 140 2787 ,
214 2749 239 2786 6
263 2748 451 2784 interdum
469 2746 541 2782 etc.
564 2744 698 2791 (usque
716 2743 766 2780 ad
779 2742 899 2790 finem
917 2740 1117 2789 capituli):
1141 2740 1276 2788 Veget.
1293 2740 1318 2778 i.
1339 2751 1372 2787 3.
1486 2751 1531 2778 22
1549 2754 1655 2788 quem

163 2798 308 2844 trepida
325 2797 422 2832 etc.:
448 2793 551 2830 Pers.
574 2794 650 2829 Sat.
676 2790 702 2828 i.
729 2800 787 2836 74,
814 2799 872 2838 75.
920 2790 1026 2828 Haec
1051 2788 1172 2827 Persii
1195 2790 1322 2835 verba,
1347 2800 1446 2836 quae
1470 2788 1514 2826 in
1539 2793 1655 2827 textu

165 2842 322 2891 Vegetii
345 2840 518 2891 genuino
543 2841 693 2887 desunt,
717 2838 856 2876 inserit
880 2839 1002 2876 codex
1027 2837 1236 2883 Palatinus,
1261 2839 1360 2875 teste
1385 2836 1520 2874 Carolo
1546 2837 1655 2887 Lang

164 2892 208 2930 in
224 2892 282 2929 ed.
301 2888 579 2928 Teubneriana.
700 2896 744 2934 25
773 2889 851 2924 ait:
876 2898 926 2924 sc.
942 2885 1139 2934 Vegetius.
1262 2887 1308 2923 28
1333 2887 1469 2922 milites
1481 2888 1656 2932 yloriosa':

163 2952 198 2978 v.
216 2940 301 2979 Ter.
319 2941 420 2977 Eun.
438 2937 537 2986 prol.
556 2947 614 2983 31.
715 2937 912 2973 Trasonem
929 2936 1126 2972 comicum:
1153 2933 1197 2971 in
1213 2933 1387 2972 Terentii
1402 2935 1598 2971 Eunucho.

1503 3016 1541 3040 11

1670 1508 1700 1547 b
