1846 3262
153 219 256 255 car.
271 211 396 269 xvn]
676 212 1127 259 POLICRATICVS
1270 219 1275 225 '
1672 218 1751 258 612
1769 216 1799 258 d

114 329 119 333 ’
152 331 363 385 Parnaso,
375 335 604 392 processit,
617 335 847 394 ipsiusque
862 336 1087 395 Apollinis
1107 339 1325 395 appetens
1345 337 1501 395 spolia,
1513 337 1653 382 scuri-

151 402 260 447 liter
273 404 447 449 iocatus
462 406 552 450 ait:
574 406 838 465 Locupletes
854 407 960 451 deos
975 407 1133 467 largiri
1149 408 1408 452 hominibus
1423 413 1630 467 oportere
1644 424 1654 463 ;

150 474 285 527 hunc,
305 475 504 534 inquam,
516 476 707 520 tradunt
723 477 779 520 de
799 478 960 521 maiori
977 477 1228 530 Britannia,
1244 494 1360 536 quae
1375 479 1434 522 ab
1451 479 1653 523 aduentu
1672 477 1749 526 613
1769 487 1802 521 a.

152 544 387 590 Saxonum
422 546 471 589 in
511 546 707 590 insulam
747 551 938 591 uocatur
968 547 1148 607 Anglia‚
1184 549 1439 593 oriundum.
1515 550 1652 608 Apud

111 631 132 667 ⁵
151 615 352 681 Trogum
393 617 657 675 Pompeium
697 618 747 661 in
786 618 1000 662 uicesimo
1034 619 1261 677 reperitur
1294 621 1416 678 quod
1451 620 1653 665 Senones

151 686 272 731 Galli
283 689 611 732 commilitones
627 689 809 742 Brenni,
822 700 924 733 cum
938 690 985 732 in
999 689 1183 734 Italiam
1198 691 1440 743 uenissent,
1454 692 1653 737 Thuscos

150 773 180 802 a
198 759 294 802 suis
313 758 495 803 sedibus
516 758 802 816 expulerunt,
822 759 871 802 in
892 774 946 803 ea
965 760 1265 804 condiderunt
1291 762 1427 805 urbes
1446 762 1652 821 egregias

150 829 459 874 Mediolanum
500 828 691 874 Comum
733 830 938 873 Brixiam
978 831 1204 874 Veronam
1244 832 1521 891 Vergamum
1553 833 1591 876 T
1591 833 1652 876 ri—

151 898 340 944 dentum
365 903 503 958 atque
532 899 832 944 Vincentiam.
891 899 1013 944 Nam
1043 902 1165 959 quod
1194 902 1353 946 urbem
1384 903 1652 947 Senensium

91 988 136 1014 1ο
151 970 335 1036 senibus
353 971 448 1014 suis
469 973 517 1014 et
536 970 876 1014 ualitudinariis
902 973 1278 1031 armentariisque
1302 975 1652 1027 construxerint,

150 1055 244 1085 11011
271 1040 406 1084 modo
435 1041 548 1084 fides
577 1040 795 1084 historiae
825 1042 904 1085 sed
933 1042 1120 1086 celebris
1151 1044 1341 1088 traditio
1372 1047 1464 1098 est;
1511 1060 1569 1090 ex
1599 1060 1652 1090 eo

149 1110 333 1168 quidem
353 1111 549 1155 ualidior
569 1111 690 1169 quod
721 1111 941 1156 Senenses
962 1115 1008 1156 et
1038 1112 1316 1158 liniamentis
1346 1115 1652 1159 membrorum

150 1185 198 1226 et
226 1186 469 1226 uenustate
498 1181 632 1226 faciei
663 1185 711 1226 et
740 1182 901 1226 coloris
930 1183 1082 1242 gratia
1108 1185 1310 1228 moribus
1336 1200 1514 1244 quoque
1541 1187 1652 1244 ipsis

150 1252 210 1296 ad
247 1252 401 1297 Gallos
440 1256 488 1297 et
522 1253 745 1305 Britones,
779 1269 808 1297 a
848 1254 1013 1312 quibus
1052 1254 1274 1314 originem
1313 1260 1652 1310 contraxerunt,

89 1340 133 1376 ¹5
149 1323 368 1368 uidentur
406 1324 627 1375 accedere,
669 1324 776 1368 licet
815 1339 891 1368 eos
930 1328 1148 1376 uetustas,
1189 1326 1312 1370 orbis
1351 1326 1499 1386 plaga,
1535 1329 1652 1373 situs

149 1394 358 1453 regionis,
378 1395 613 1439 conuictus
633 1395 943 1447 finitimorum,
957 1396 1122 1454 quibus
1141 1396 1363 1455 sanguine
1384 1401 1432 1441 et
1450 1399 1653 1443 moribus

149 1465 231 1515 diu
260 1465 478 1524 permixti
507 1470 628 1517 sunt,
658 1481 716 1509 ex
746 1481 915 1525 magna
943 1470 1073 1525 parte
1108 1468 1370 1512 mutauerit.
1431 1468 1649 1514 Nondum
1667 1476 1698 1515 b

149 1538 304 1580 tamen
326 1536 524 1581 ‚colorem
552 1535 788 1588 Gallicum,
809 1537 1049 1581 candorem
1073 1538 1254 1590 scilicet,
1275 1538 1386 1583 haec
1411 1540 1565 1584 omnia
1592 1541 1651 1584 ad

150 1657 168 1685 1
195 1648 391 1696 apollonis
408 1647 455 1685 Βι
603 1659 634 1694 1,
654 1658 677 1685 2
702 1647 915 1704 scurriliter
929 1647 1038 1685 ΒΑΜ
1184 1660 1208 1695 4
1232 1649 1410 1698 uocatur]
1431 1652 1655 1700 appellatur

148 1695 510 1792 goinffillggunliusm
527 1706 682 1783 c²BAia
691 1697 1005 1792 repperit-tanga
994 1758 1062 1783 om.
1082 1745 1116 1782 A
1176 1699 1200 1736 6
1215 1699 1510 1802 tuzghzztAuffiae
1527 1761 1591 1787 eos
1609 1703 1650 1786 l}

144 1799 228 1841 post
244 1806 309 1832 eos
325 1796 411 1831 add.
428 1794 614 1843 temporis
630 1794 671 1831 M
729 1799 816 1842 post
830 1796 1005 1832 uetustas
1021 1796 1107 1832 aad.
1125 1796 1316 1843 temporis
1334 1796 1360 1833 S

195 1898 219 1936 3
243 1891 289 1926 de
303 1890 440 1925 maiori
453 1890 660 1925 Britannia
675 1900 684 1925 t
711 1900 744 1925 v.
755 1887 874 1925 Galfr.
888 1887 1101 1926 Monumet.
1117 1890 1217 1926 Hist.
1230 1890 1316 1936 Rey.
1330 1890 1426 1926 Brit.
1438 1890 1494 1928 iii.
1510 1892 1532 1928 8
1543 1903 1647 1939 seqq.

147 1937 217 1984 qui
233 1937 395 1975 Romam
411 1939 547 1974 narrat
564 1940 719 1984 captam
737 1948 816 1974 esse
833 1949 857 1973 a
874 1936 1010 1974 Belino
1028 1939 1068 1975 et
1085 1937 1204 1975 fratre
1222 1938 1304 1975 eius
1328 1938 1508 1986 Brennio,
1527 1940 1652 1978 Brito-

146 1997 243 2071 ..3²:32
256 1985 1651 2083 ffffiss‘ssfizffl{tetffiffmffizlffffi“Effffissmssfflff

146 2081 249 2120 xxiv.
268 2092 300 2131 5,
319 2083 343 2119 6
360 2084 600 2120 memoratoe.
738 2083 763 2119 6
787 2095 870 2118 cum
886 2084 928 2118 in
945 2084 1099 2119 Italiam
1115 2085 1190 2120 etc.
1207 2096 1216 2120 :
1244 2095 1278 2119 v.
1299 2083 1434 2122 lustin.
1452 2097 1514 2121 xx.
1536 2094 1554 2132 5
1577 2085 1595 2133 §
1615 2087 1650 2123 8.

147 2132 170 2168 8
193 2133 433 2177 Veryamum:
452 2132 672 2177 Beryomum
689 2130 827 2167 Iustin.
926 2141 950 2177 9
964 2132 1090 2167 urbem
1106 2133 1324 2168 Senensium
1336 2134 1412 2170 etc.
1427 2146 1436 2169 ε
1452 2133 1501 2170 cf.
1515 2133 1650 2171 Ioann.

146 2178 297 2217 saresb.
309 2181 383 2226 Ep.
395 2189 466 2226 234
485 2178 639 2226 (Migne
651 2180 692 2215 P.
708 2180 753 2215 L.
769 2178 890 2216 cxcix.
912 2180 982 2215 262
992 2191 1095 2226 seqq.
1109 2192 1118 2225 3
1146 2179 1361 2217 Robertson
1378 2182 1574 2218 Mater-fals
1580 2185 1654 2228 sor

146 2229 206 2264 the
214 2229 368 2274 Hister-y
378 2229 423 2274 ⁰f
436 2228 593 2264 Tkomas
604 2228 736 2263 Beeket
752 2227 803 2265 vi.
816 2238 888 2274 239
898 2227 1018 2274 seqq.)
1037 2228 1109 2265 sub
1125 2227 1284 2265 nomine
1303 2228 1458 2265 Godrici
1475 2230 1524 2266 ad
1538 2229 1651 2267 Bald-

145 2275 294 2313 winum
308 2275 624 2313 archidiaconum
641 2274 935 2321 Norwicensem,
950 2288 1066 2323 quem
1084 2275 1313 2313 Godwinum
1336 2279 1462 2323 vocat,
1480 2277 1647 2322 missam,

144 2324 215 2361 ubi
230 2323 361 2372 agitur
376 2324 424 2361 de
440 2325 527 2361 urbe
548 2325 696 2367 Senum,
713 2337 825 2371 quam
841 2325 1030 2361 Brennius
1044 2327 1125 2361 dua:
1139 2326 1326 2362 Senonum
1342 2328 1393 2361 ad
1411 2327 1583 2362 locandos
1598 2329 1652 2363 an·

143 2375 443 2410 ualetudinaria
468 2384 555 2409 suos
581 2374 717 2418 leqitur
742 2375 1001 2410 construxisse.
1050 2373 1158 2410 Haec
1184 2373 1232 2410 de
1265 2372 1390 2410 Senae
1422 2375 1491 2410 aut
1517 2374 1649 2421 potius

145 2420 293 2459 Saenae
310 2420 473 2468 origine,
492 2432 592 2467 quae
609 2431 688 2456 11011
705 2420 963 2457 dubitandum
988 2422 1047 2458 est
1071 2420 1167 2467 quin
1191 2422 1294 2468 apud
1318 2421 1439 2459 Italos
1464 2421 1648 2460 didicerit

143 2468 295 2514 Noster,
319 2469 467 2517 primus
489 2468 594 2505 inter
617 2467 824 2516 scriptores
841 2468 908 2514 qui
931 2469 1047 2506 hodic
1065 2470 1221 2506 exstant
1243 2469 1327 2516 ipse
1344 2469 1553 2508 memoriae
1574 2473 1650 2508 tra·

145 2517 270 2561 didit3
293 2530 328 2553 v.
351 2517 392 2553 L.
417 2516 587 2563 Douglas
604 2517 759 2562 History
782 2519 830 2563 of
843 2518 956 2553 Siena
980 2529 1019 2564 p.
1038 2527 1059 2563 3
1073 2529 1178 2564 seqq.
1237 2517 1412 2555 Alteram
1438 2517 1579 2556 Senam
1604 2519 1647 2557 in

144 2565 281 2603 littore
295 2564 493 2602 Adriatico
511 2564 639 2608 sitam,
657 2575 756 2611 quae
778 2564 996 2611 antiquitus
1011 2566 1109 2601 Sena
1130 2566 1286 2610 Gallica,
1302 2565 1420 2603 hodie
1436 2567 1647 2614 Siniyaqlia

144 2617 320 2659 uocatur,
338 2626 362 2650 a
378 2612 500 2650 Gallis
518 2612 733 2650 Senonibus
749 2612 954 2649 fundatam
967 2625 1046 2650 esse
1063 2615 1238 2650 constat:
1263 2626 1296 2650 v.
1316 2616 1413 2651 Did.
1427 2617 1474 2661 of
1485 2617 1548 2653 Gr.
1567 2618 1647 2654 and

143 2664 251 2700 Rom.
272 2665 398 2709 Geoqr.
417 2673 446 2697 s.
458 2673 493 2697 v.
595 2662 639 2698 18
664 2662 817 2697 colorem
838 2661 1022 2698 Gallicum
1038 2663 1135 2698 etc.:
1161 2674 1194 2699 v.
1212 2660 1301 2698 Isid.
1322 2664 1420 2709 Θήρ.
1438 2663 1557 2712 ix.2§
1577 2675 1645 2711 104

146 2711 299 2759 (Migne
314 2712 357 2747 P.
370 2711 414 2746 L.
432 2707 565 2745 lxxxii.
584 2708 671 2755 338)
691 2710 796 2745 Galli
811 2722 836 2746 a
851 2711 1007 2747 candore
1023 2712 1186 2756 eorporis
1200 2713 1411 2758 nuncupati
1423 2717 1533 2755 sunu
1549 2715 1646 2760 γάλα

144 2762 244 2796 enim
275 2760 412 2795 Graece
445 2759 503 2794 lae
531 2759 672 2793 dieitur
696 2758 737 2794 et
767 2756 852 2804 §68
884 2759 1039 2794 Galatae
1066 2759 1171 2794 Galli
1193 2770 1266 2795 esse
1289 2765 1495 2796 noscuntur
1514 2762 1580 2809 qui
1603 2763 1647 2798 in

145 2809 334 2844 auxilium
357 2819 382 2843 a
406 2818 486 2852 reye
510 2807 712 2852 Bithyniae
731 2808 882 2850 euocati,
898 2818 1052 2852 reynum
1071 2819 1154 2842 cum
1173 2819 1212 2843 eo
1229 2813 1346 2853 parta
1370 2809 1529 2845 uictoria
1550 2811 1647 2846 diui-

143 2861 284 2901 serunt,
301 2857 422 2902 sieque
441 2855 573 2891 deinde
595 2855 746 2890 Graecis
761 2855 912 2890 admisti
926 2856 1095 2901 primum
1115 2856 1356 2902 Galloyraeci,
1374 2869 1476 2894 nunc
1492 2868 1538 2893 ea·
1551 2860 1648 2894 anti-

143 2917 215 2954 quo
234 2905 426 2941 Gallorum
442 2905 590 2940 nomine
609 2903 766 2939 Galatae
781 2908 1059 2950 nuncupantur.

1486 2987 1532 3022 45
