1846 3262
156 152 258 191 ear.
272 144 396 206 xvn]
677 146 1116 193 POLICRATICVS

155 280 291 324 quam
324 266 512 324 pedibus
546 268 709 312 uestris
744 268 1006 320 turbabatis,
1035 272 1081 313 et
1111 283 1216 313 oues
1246 284 1369 313 meae
1398 269 1486 313 hiis
1516 283 1630 327 quae

155 335 413 380 conculcata
445 337 632 395 pedibus
671 339 834 381 uestris
873 338 1056 382 fuerant
1089 339 1397 396 pascebantur,
1431 343 1478 383 et
1516 353 1630 396 quae

155 405 290 463 pedes
320 407 460 450 uestri
494 407 799 459 turbauerant,
831 409 939 452 haec
973 408 1198 453 bibebant.
1257 409 1496 467 Propterea
1533 423 1631 453 ecce

1649 150 1732 202 780
1749 149 1779 190 d

155 475 251 533 ipse
277 475 425 520 iudico
454 477 573 520 inter
601 491 735 535 pecus
761 478 927 536 pingue
954 482 1001 521 et
1027 478 1313 522 macilentum
1339 494 1421 537 pro
1441 493 1492 522 eo
1513 478 1631 536 quod
1648 479 1720 529 781
1739 490 1769 518 a

117 554 139 590 5
156 543 373 589 lateribus
391 548 438 589 et
456 546 654 590 humeris
673 546 990 605 impingebatis
1010 550 1056 591 et
1076 547 1283 591 cornibus
1303 548 1467 592 uestris
1486 549 1631 591 uenti-

155 613 320 658 labatis
349 615 500 659 omnia
529 615 708 658 infirma
740 630 900 673 pecora
930 616 1068 660 donec
1102 616 1464 675 dispergerentur
1498 617 1631 661 foras.

156 683 487 728 Mercennarius
521 688 671 728 autem
705 700 811 729 oues
846 685 1025 743 quidem
1055 686 1129 729 uel
1164 687 1308 744 specie
1336 687 1503 744 pascit3
1543 687 1632 738 sed,

157 753 264 812 quia
292 754 443 797 omnia
473 754 584 798 facit
614 754 672 798 ad
702 755 908 812 pretium,
929 755 967 799 si
1002 755 1159 813 lupum
1191 756 1346 800 uideat
1374 756 1631 808 irruentem,

157 822 350 867 dimittit
367 838 473 867 oues
497 827 543 867 et
569 823 691 882 fugit
717 824 794 881 qui
820 839 910 868 non
937 828 1090 882 pastor
1114 824 1192 869 sed
1211 827 1540 870 mercennarius
1564 830 1633 870 est

98 910 142 937 1ο
158 908 239 938 nec
274 893 452 950 quidem
491 893 644 937 ouium
678 894 756 937 sed
791 893 903 937 lucri
942 909 1095 938 curam
1134 895 1282 946 habet,
1315 896 1438 939 canis
1475 896 1632 953 utique

157 966 323 1014 mutus,
342 962 508 1006 latrare
528 977 618 1006 non
638 963 793 1007 ualens
815 967 869 1007 ut
887 963 960 1007 uel
980 963 1170 1007 clamore
1191 966 1237 1007 et
1256 965 1456 1008 tumultu
1475 965 1632 1023 lupum

155 1033 405 1077 absterreat
419 1032 672 1076 uenientem
687 1050 698 1085 ;
719 1033 937 1091 siquidem
955 1048 1056 1077 eum
1072 1033 1202 1077 timet
1221 1034 1298 1091 qui
1319 1036 1632 1092 temporalium

156 1102 338 1161 dirripit
357 1101 630 1154 facultatem,
650 1105 697 1146 et
716 1117 818 1147 eum
833 1118 923 1147 non
937 1103 1133 1147 attendit
1153 1104 1230 1161 qui
1250 1104 1446 1148 animam
1465 1105 1631 1149 crucia-

157 1175 288 1216 turus
316 1175 386 1216 est
414 1171 462 1214 in
492 1172 707 1230 gehenna.
767 1172 907 1218 Ceeus
935 1173 1155 1230 siquidem
1186 1176 1254 1217 est
1282 1174 1340 1216 ad
1367 1174 1558 1232 grandia
1586 1177 1633 1218 et

98 1255 140 1292 ¹5
159 1256 273 1300 quae
306 1241 473 1285 nullius
507 1244 614 1286 sunt
644 1242 950 1300 perhorrescit.
1010 1242 1078 1286 De
1113 1243 1183 1286 his
1216 1243 1388 1300 inquit:
1429 1243 1496 1288 Ve
1530 1259 1632 1302 pro-

155 1310 306 1370 phetis
324 1310 638 1368 insipientibus
658 1312 735 1369 qui
762 1315 1013 1370 sequuntur
1038 1312 1249 1370 spiritum
1274 1328 1406 1356 suum
1430 1317 1476 1357 et
1494 1305 1633 1357 nichil

155 1380 343 1433 uident}
370 1380 498 1438 quasi
518 1380 677 1439 uulpes
696 1381 745 1424 in
761 1381 947 1425 desertis
962 1382 1209 1440 prophetae
1224 1382 1304 1434 tui,
1325 1382 1480 1429 Israel.
1527 1383 1631 1427 Non
1648 1388 1678 1427 b

156 1450 417 1495 ascendistis
440 1465 497 1494 ex
520 1450 709 1495 aduerso
734 1466 878 1509 neque
904 1451 1174 1509 opposuistis
1201 1466 1379 1495 murum
1399 1467 1482 1510 pro
1500 1453 1632 1497 domo

156 1519 297 1564 Israel
329 1522 384 1563 ut
411 1520 592 1564 staretis
620 1520 668 1563 in
696 1521 866 1578 praelio
894 1522 943 1565 in
972 1521 1045 1565 die
1075 1520 1268 1565 Domini.
1328 1521 1481 1566 Nichil
1512 1523 1632 1566 enim

97 1604 142 1638 so
156 1589 206 1634 in
248 1590 313 1634 eis
350 1589 573 1634 libertatis
610 1593 680 1634 est
712 1594 766 1635 ut
798 1590 955 1635 mundi
989 1591 1287 1648 potestatibus
1321 1591 1631 1649 obloquantur,

155 1660 294 1704 nichil
317 1659 503 1703 uirtutis
528 1662 583 1704 ut
607 1661 845 1704 ueritatem
869 1660 918 1703 in
940 1660 1136 1718 periculo
1156 1663 1391 1714 tueantur3
1421 1661 1470 1704 in
1490 1662 1630 1705 omni-

157 1728 240 1773 bus
253 1729 438 1781 lucrum,
449 1729 498 1772 in
512 1729 648 1774 nullis
662 1733 744 1774 aut
754 1730 908 1788 paucis
920 1732 1143 1787 quaerunt
1158 1730 1350 1774 salutem
1365 1733 1630 1776 animarum.

156 1798 278 1843 Dum
309 1799 359 1842 in
392 1799 485 1843 suis
514 1799 759 1857 optineant,
788 1800 896 1843 dum
930 1800 988 1843 ad
1018 1799 1275 1843 ambitionis
1304 1803 1387 1844 aut
1414 1802 1632 1845 auaritiae

156 1868 364 1913 succedat
392 1871 562 1918 uotum.
596 1883 749 1912 eorum
781 1883 894 1926 quae
932 1868 1070 1912 1118811
1105 1867 1275 1913 Christi
1315 1872 1422 1913 sunt
1458 1870 1633 1914 iactura

98 1952 140 1988 ⁸⁵
157 1937 500 1996 contempnitur.
559 1938 662 1981 Fiat
680 1953 772 1996 pax
786 1938 834 1981 in
854 1938 1011 1981 diebus
1029 1952 1195 1990 eorum,
1214 1939 1308 1982 sint
1326 1938 1495 1983 fetosae
1514 1954 1632 1990 oues,

157 2006 294 2050 boues
330 2021 515 2059 crassae,
553 2007 861 2065 promptuaria
899 2007 1042 2064 plena,
1081 2008 1191 2052 cibis
1230 2011 1277 2052 et
1310 2009 1431 2052 uasis
1469 2012 1632 2053 onusta

155 2090 311 2120 mensa
347 2076 396 2119 in
434 2076 774 2120 admirationem
813 2077 1087 2120 intuentium
1121 2077 1366 2135 splendeat,
1399 2078 1551 2122 uariae
1585 2081 1632 2122 et

156 2146 376 2204 pretiosae
391 2146 707 2204 suppellectilis
721 2160 930 2203 operosus
942 2146 1090 2190 cultus
1100 2146 1342 2199 habundet,
1355 2147 1631 2190 honorentur

159 2218 208 2260 ct
244 2215 449 2260 colantur
487 2230 516 2258 a
553 2215 710 2266 turbis,
751 2215 966 2267 ditentur,
1003 2215 1249 2259 uisitentur
1285 2230 1314 2259 a
1351 2216 1543 2260 subditis
1581 2217 1631 2260 in

97 2295 145 2332 3ο
159 2284 431 2334 muneribus,
450 2284 510 2327 sit
535 2284 726 2341 denique
751 2284 941 2327 liberum
968 2284 1150 2342 impune
1176 2287 1223 2328 et
1241 2285 1337 2328 sine
1356 2287 1465 2328 nota
1483 2285 1629 2330 facere
1646 2299 1672 2329 e

158 2353 370 2412 quicquid
398 2353 537 2396 libido
564 2353 814 2404 dictauerit,
843 2353 901 2396 ad
930 2353 1107 2412 singula
1135 2353 1310 2397 dicent:
1341 2354 1477 2413 Euge,
1506 2370 1630 2413 euge,

158 2426 213 2467 ut
249 2423 381 2467 iuxta
417 2422 764 2480 increpationem
802 2423 1106 2481 propheticam
1145 2423 1243 2467 luto
1280 2423 1447 2481 absque
1492 2425 1632 2482 paleis

161 2555 179 2584 1
204 2544 265 2581 his
282 2544 323 2581 M
455 2554 496 2591 13
521 2543 657 2591 diripit
674 2543 766 2580 BAS
901 2545 946 2582 16
970 2546 1152 2582 secuntur
1167 2542 1236 2580 SM
1372 2554 1414 2589 17
1438 2543 1581 2584 israhel
1597 2547 1632 2584 A

207 2665 229 2703 7
255 2655 532 2693 Mercennarius
546 2655 643 2691 etc.:
668 2665 701 2690 v.
722 2652 852 2690 Ioann.
868 2664 904 2689 x.
923 2662 979 2697 12,
995 2663 1051 2699 13.
1199 2664 1244 2691 10
1266 2655 1371 2691 oanis
1388 2655 1482 2692 etc.:
1507 2667 1540 2693 v.
1557 2655 1631 2693 Isa.

158 2704 222 2741 lvi.
243 2714 298 2741 10.
520 2712 562 2738 12
586 2713 668 2738 eum
683 2703 783 2737 timet
799 2702 894 2738 etc:
921 2713 954 2736 v.
973 2700 1084 2738 Matt.
1103 2713 1139 2737 x.
1156 2702 1215 2738 28.
1432 2711 1487 2749 15,
1509 2705 1553 2741 16
1583 2705 1632 2741 Ve

151 2752 343 2807 pgpphetis
357 2750 431 2787 etc.
447 2761 457 2787 ε
483 2747 616 2787 Ezech.
629 2748 711 2786 xiii.
722 2757 804 2796 3—5.
899 2759 944 2795 32
971 2750 1046 2785 luto
1057 2750 1186 2797 absque
1193 2750 1314 2797 paleis
1325 2751 1398 2787 etc.
1412 2760 1422 2786 ε
1440 2762 1473 2787 v.
1490 2749 1628 2790 Ezech.

159 2811 241 2837 xm.
263 2809 307 2837 10
319 2809 422 2845 seqq.

1459 2877 1519 2914 35¹
