1846 3262
111 215 214 251 on.
228 203 333 266 m]
633 203 1075 250 Poucmmovs
1603 203 1688 255 ⁷89
1709 213 1741 243 a

112 325 260 371 Iulius
299 325 437 371 Cesar
471 325 643 384 primus
682 326 833 369 orbem
872 325 1136 383 prudentiae
1175 327 1222 368 et
1266 324 1331 368 rei
1381 324 1590 368 militaris

113 396 288 440 uiribus
314 396 573 453 adquisiuit.
632 395 781 439 Homo
809 410 1130 453 perpaucorum
1151 398 1197 438 et
1222 395 1294 439 cui
1317 394 1491 437 nullum
1511 409 1589 437 ex·

112 480 262 524 presse
281 466 470 510 similem
490 466 636 510 adhuc
656 466 797 509 edidit
815 469 980 509 natura
998 465 1266 508 mortalium.
1325 464 1450 508 Licet
1469 464 1589 508 enim

113 535 270 580 Cicero
294 551 396 579 eum
423 536 587 580 alicubi
611 536 873 579 criminetur
898 535 1017 592 quod
1043 535 1157 579 citra
1179 550 1355 578 omnem
1374 534 1589 577 utilitatis

74 621 94 657 3
112 608 195 648 aut
222 605 470 650 honestatis
498 606 688 663 speciem
717 605 1022 649 delectabatur
1050 605 1238 655 iniuriis,
1263 604 1375 648 adeo
1402 606 1456 647 ut
1485 618 1587 647 eum

111 674 259 732 ipsum
278 690 459 733 peccare
479 675 669 728 iuuaret,
688 674 806 718 idem
826 678 978 718 tamen
1004 675 1144 718 tantis
1170 674 1378 718 laudibus
1397 673 1587 717 eundem

111 744 242 788 effert
263 747 318 788 ut
343 745 527 788 deorum
551 748 728 788 censeat
755 759 918 787 munus
939 759 995 788 ex
1022 744 1269 788 uirtutibus
1289 747 1587 801 temperatum

113 813 315 857 Romano
334 814 559 857 indultum
580 814 777 872 imperio,
799 817 956 872 utpote
983 814 1060 871 qui
1087 828 1167 857 nec
1187 813 1411 871 prosperis
1430 812 1586 856 extolli

111 897 194 927 nec
212 883 413 927 aduersis
432 883 582 942 frangi
603 884 791 934 nouerit,
806 883 1068 941 magnificus
1087 883 1183 926 sine
1202 883 1477 933 crudelitate,
1491 882 1587 925 sine
1604 885 1635 924 b

53 963 97 988 ¹⁰
113 953 366 997 temeritate
413 953 735 1011 magnanimus.
815 953 1033 1006 Quamuis
1070 953 1188 996 enim
1228 952 1267 996 si
1306 952 1422 995 alius
1460 955 1588 1004 esset,

110 1025 261 1080 pooeet
295 1023 553 1066 temerarius
582 1022 739 1074 uideri,
771 1021 908 1066 Cesar
938 1026 1091 1066 tamen
1122 1022 1272 1065 audax
1314 1021 1458 1064 uideri
1497 1036 1588 1064 non

108 1091 255 1143 debet,
273 1091 401 1136 cuius
419 1092 629 1135 uoluntas
648 1092 831 1135 deorum
852 1092 1079 1149 aspirante
1098 1090 1254 1134 fauore
1274 1105 1447 1148 semper
1465 1091 1589 1134 infra

109 1165 378 1220 potestatem
407 1161 510 1205 fuit.
569 1160 714 1205 Nemo
743 1160 889 1204 ferum
920 1163 1132 1218 expertus
1162 1164 1231 1204 est
1260 1159 1480 1212 Cesarem,
1498 1160 1588 1204 nisi

110 1232 319 1290 superbia
361 1231 597 1275 rebellaret
609 1246 619 1285 ;
668 1235 936 1289 prouocatus
975 1231 1153 1274 iniuriis
1191 1245 1359 1288 pronus
1398 1230 1490 1273 fuit
1527 1230 1587 1273 ad

50 1313 94 1349 15
109 1302 312 1355 ueniam
352 1317 463 1359 quos
492 1302 604 1346 uicit
641 1301 815 1345 uiribus
843 1301 1084 1359 prudentia
1116 1301 1366 1345 antecessit.
1425 1300 1587 1344 Exces-

107 1386 186 1416 sus
214 1372 310 1416 eius
328 1372 600 1416 uidebantur
624 1386 802 1430 sperare
817 1374 864 1414 et
882 1371 940 1414 ad
969 1371 1190 1415 iustitiam
1216 1371 1438 1428 aspirare3
1467 1371 1587 1428 quod

99 1455 167 1485 -ex
196 1457 249 1486 eo
277 1442 418 1486 conici
452 1444 601 1500 potest
631 1441 750 1499 quod
784 1441 959 1484 nullum
989 1445 1168 1499 tempus
1202 1441 1288 1485 sibi
1315 1441 1462 1484 uoluit
1491 1456 1586 1484 esse

99 1507 414 1570 philosophiae
443 1526 612 1570 expers.
673 1511 760 1554 His
790 1511 972 1554 uidetur
1001 1511 1186 1555 Orosius
1214 1525 1296 1568 pro
1325 1515 1453 1568 parte
1483 1525 1585 1554 con·

107 1582 287 1627 sentire.
346 1581 462 1626 Cum
497 1582 615 1625 enim
647 1582 696 1625 in
731 1581 897 1640 Egipto
932 1596 1097 1639 magna
1130 1596 1235 1640 pars
1266 1581 1462 1624 militum
1490 1581 1586 1624 eius

48 1665 94 1691 ιο
108 1651 350 1706 cecidisset,
365 1655 413 1696 et
426 1652 531 1710 ipse,
540 1652 662 1696 sicut
674 1651 882 1695 Lucanus
895 1651 1112 1703 meminit,
1123 1654 1356 1710 cogeretur
1369 1651 1587 1708 respicere

109 1721 299 1765 Sceuam
334 1722 423 1779 qui,
455 1721 674 1779 singulari
712 1722 885 1766 uirtute
916 1721 1116 1765 eminens
1150 1721 1270 1765 inter
1308 1720 1585 1774 Cesarianos,

103 1791 279 1836 obsedit
1596 1802 1623 1832 c

416 1873 557 1916 muris
585 1873 829 1917 calcantem
857 1873 1007 1916 menia
1035 1872 1263 1931 Magnum,

107 1963 412 2008 insistentium
428 1963 710 2022 Egiptiorum
730 1964 779 2007 ui
798 1978 976 2022 pressus
992 1963 1129 2008 Cesar
1148 1964 1356 2021 scapham
1372 1964 1584 2016 ascendit,

47 2046 91 2081 ²5
108 2048 199 2092 qua
216 2048 323 2077 mox
341 2034 535 2091 pondere
550 2034 831 2091 sequentium
850 2036 1042 2092 grauata
1057 2036 1103 2076 et
1117 2048 1262 2076 mersa
1276 2048 1357 2091 per
1370 2034 1584 2077 ducentos

106 2118 265 2162 passus
304 2103 363 2146 ad
404 2118 566 2147 nauem
605 2119 697 2147 una
735 2118 872 2146 manu
912 2103 1040 2154 elata,
1074 2118 1163 2160 qua
1201 2107 1349 2147 cartas
1386 2104 1582 2154 tenebat,

105 2173 305 2217 natando
332 2173 550 2231 peruenit.
610 2173 698 2217 Hic
727 2177 890 2224 tamen,
922 2173 1029 2230 quia
1058 2188 1152 2216 rem
1181 2173 1405 2231 publicam
1444 2174 1582 2217 armis

105 2246 414 2301 occupauerat,
433 2243 641 2287 tirannus
661 2246 895 2301 reputatus
915 2246 984 2286 est
1003 2246 1049 2287 et
1068 2258 1233 2301 magna
1251 2246 1380 2300 parte
1399 2246 1582 2287 senatus

104 2313 408 2358 consentiente
437 2313 606 2357 strictis
635 2313 905 2371 pug10nibus
928 2313 1096 2356 occisus
1122 2313 1171 2356 in
1194 2312 1429 2370 Capitolio.
1491 2313 1581 2356 Sed

43 2397 87 2432 30
105 2386 153 2427 et
181 2382 244 2426 ibi
273 2382 521 2426 honestatis
544 2397 714 2427 memor
741 2382 919 2435 extitit;
958 2386 1012 2426 ut
1038 2382 1157 2425 enim
1183 2382 1505 2427 animaduertit
1533 2398 1580 2427 se

102 2522 128 2557 4
152 2523 241 2549 eum
256 2510 380 2548 cicero
396 2509 421 2546 S
590 2518 623 2557 5,
641 2511 666 2548 6
687 2509 814 2557 ipsum
829 2520 989 2556 peccare
1004 2520 1091 2546 eum
1107 2507 1155 2544 Αι
1324 2518 1367 2556 13
1392 2510 1450 2546 est
1466 2521 1533 2546 om.
1553 2507 1580 2546 S

106 2569 153 2605 19
175 2561 318 2606 egypto
334 2558 387 2595 Β·
412 2559 578 2606 aegypto
595 2557 635 2593 M

150 2665 901 2715 4Gicemetc.:v.deQffiiii.21§§82—
904 2666 1183 2713 85,ii.24§84.
1322 2668 1347 2703 6
1370 2669 1578 2705 iadmetc

101 2717 214 2754 Vnde
240 2716 373 2753 laudes
394 2715 565 2752 Caesaris
587 2726 685 2761 quae
701 2717 911 2761 sequuntur
933 2714 1188 2769 desumpserit
1208 2712 1382 2759 Ioannes,
1399 2714 1578 2760 equidem

101 2774 255 2850 xant
272 2810 362 2848 Luc.
375 2773 525 2847 ignare.
525 2766 794 2857 ‚xmfflnsxgcn
819 2774 852 2799 v
869 2761 1125 2855 02⁸5?anss
1119 2761 1221 2846 §tiliis
1238 2811 1309 2847 etc.
1323 2773 1390 2845 εἴ,
1406 2774 1581 2848 Begoes:

105 2869 148 2907 15
168 2859 187 2908 ξ
206 2870 263 2907 34.
406 2869 454 2906 30
477 2863 519 2895 ut
535 2861 632 2895 enim
647 2871 711 2895 am
701 2859 913 2894 imaduertit
928 2859 1024 2895 etc.:
1051 2869 1083 2893 v.
1103 2856 1208 2895 Suet.
1223 2859 1296 2895 Iul.
1314 2859 1372 2894 82.

1399 2928 1469 2975 ³⁶5
