1846 3262
107 219 210 259 mr.
228 207 280 270 x]
622 209 1024 256 POLICRATIOV
1026 211 1061 257 S
1592 221 1672 267 745
1688 214 1719 256 d

108 330 217 388 quia
249 330 410 374 uolunt
447 345 495 375 se
524 331 688 376 amicos
722 332 981 376 numinibus
1019 331 1230 377 estimari.
1304 331 1354 376 Si
1392 345 1500 376 uero
1533 335 1579 376 et

107 414 246 444 senex
275 415 484 458 praesens
515 405 595 453 est,
626 402 764 445 habes
794 403 1065 446 occasionem
1104 416 1195 460 qua
1231 401 1474 460 plurimum
1513 401 1581 444 illi

106 470 348 515 contulisse
377 471 583 522 uidearis‚
613 472 651 515 si
681 486 782 515 eum
812 472 1058 530 interroges
1091 472 1164 515 uel
1203 485 1316 529 quae
1355 471 1414 515 ad
1453 471 1581 514 illum

109 540 290 584 omnino
329 554 419 584 non
458 541 707 598 pertinent3
756 544 824 585 est
863 542 981 585 enim
1031 542 1135 586 huic
1183 541 1295 586 etati
1336 540 1582 598 loquacitas

72 624 94 660 5
111 608 357 653 familiaris.
419 610 482 653 Vt
511 625 619 654 uero
647 611 705 654 ad
735 615 931 655 scomata
960 612 1203 662 redeamus,
1229 611 1308 654 illa
1337 624 1453 668 quae
1481 609 1583 667 plus

110 678 383 722 urbanitatis
399 682 445 722 et
459 679 608 723 minus
622 680 935 724 amaritudinis
955 681 1125 724 habent
1143 683 1250 724 sunt
1264 679 1584 723 interiacienda

111 748 344 800 conuiuiis,
356 751 409 792 ut
428 751 534 792 sunt
554 749 632 792 illa
651 764 764 806 quae
784 750 839 793 de
864 750 1091 794 nonnullis
1110 763 1343 807 corporum
1358 749 1485 792 uitiis
1504 752 1586 811 aut

113 832 274 876 parum
312 820 394 861 aut
431 818 570 862 nichil
609 819 841 877 gignentia
884 820 1060 871 doloris,
1101 822 1154 862 ut
1188 819 1227 862 si
1265 819 1314 862 in
1353 818 1586 862 caluitium

113 888 375 945 cuiusquam
409 887 530 931 dicas
564 891 646 931 aut
683 903 841 931 nasum
873 889 945 932 uel
979 903 1163 933 curnam
1203 888 1468 932 erectionem
1508 900 1587 931 8011

54 972 98 998 ιο
114 956 386 1001 Socraticam
431 957 770 1014 depressionem.
847 958 970 1001 Haec
1020 958 1139 1001 enim
1187 960 1357 1015 quanto
1403 957 1588 1002 minoris

114 1025 354 1070 infortunii
390 1030 508 1079 sunt,
537 1030 667 1070 tanto
697 1027 881 1070 suauius
912 1027 1082 1071 ledunt.
1158 1025 1325 1070 Contra
1359 1027 1586 1070 oculorum
1602 1031 1687 1080 746
1707 1038 1737 1071 a

113 1095 284 1140 orbitas
303 1110 393 1139 non
413 1096 508 1139 sine
529 1096 798 1139 excitatione
824 1096 1131 1140 commotionis
1151 1096 1354 1140 obicitur.
1413 1096 1588 1153 Quippe

115 1165 373 1223 Antigonus
406 1180 488 1209 rex
518 1165 770 1209 Teocritum
799 1166 974 1217 Chium,
1003 1166 1059 1210 de
1092 1180 1182 1223 quo
1211 1165 1441 1208 iurauerat
1471 1165 1590 1222 quod

117 1234 159 1279 ei
193 1249 406 1293 parsurus
437 1238 563 1286 esset,
594 1236 756 1279 occidit
790 1239 973 1293 propter
1003 1250 1151 1279 scoma
1181 1235 1241 1278 ab
1270 1235 1423 1278 eodem
1455 1235 1510 1279 de
1543 1250 1591 1280 se

60 1323 100 1358 ¹5
117 1304 299 1349 dictum.
372 1304 487 1349 Cum
519 1305 638 1348 enim
670 1305 797 1362 quasi
831 1305 1083 1363 puniendus
1113 1305 1172 1348 ad
1205 1305 1485 1363 Antigonum
1519 1319 1591 1347 ra-

117 1377 310 1432 peretur,
330 1374 577 1418 solantibus
601 1389 703 1418 eum
728 1375 882 1418 amicis
907 1389 959 1418 ac
986 1389 1109 1432 spem
1136 1374 1448 1432 pollicentibus
1470 1374 1592 1431 'quod

118 1444 372 1488 omnimodo
392 1445 672 1488 clementiam
692 1445 809 1503 regis
825 1447 1091 1502 experturus
1110 1449 1226 1488 esset
1244 1458 1346 1488 cum
1366 1444 1424 1487 ad
1444 1444 1593 1487 0011108

119 1513 217 1558 01118
253 1514 462 1566 uenisset,
491 1515 742 1572 respondit:
782 1514 901 1572 Ergo
930 1513 1247 1572 impossibilem
1278 1514 1414 1557 miehi
1445 1513 1594 1558 dicitis

119 1596 244 1642 spem
273 1584 442 1628 salutis.
504 1584 615 1628 Erat
643 1587 794 1628 autem
824 1583 1080 1642 Antigonus
1108 1598 1199 1627 uno
1227 1584 1411 1627 orbatus
1444 1583 1595 1636 oeu103

57 1672 103 1700 ιο
122 1656 168 1698 et
197 1654 455 1712 importuna
483 1655 716 1698 urbanitas
744 1654 1053 1698 maledicacem
1085 1653 1181 1697 luce
1215 1654 1428 1711 priuauit.
1500 1653 1595 1698 Nec

120 1723 379 1782 negauerim
398 1724 683 1782 philosophos
698 1739 872 1781 quoque
891 1723 1128 1767 incurrisse
1147 1738 1228 1780 per
1242 1723 1596 1781 indignationem

121 1793 205 1837 hoc
238 1807 380 1851 genus
413 1793 633 1837 scomatis.
695 1794 814 1836 Nam
847 1808 949 1837 cum
980 1793 1098 1851 regis
1129 1793 1318 1836 libertus
1357 1792 1415 1836 ad
1455 1807 1596 1837 nouas

123 1861 308 1906 diuitias
336 1877 482 1920 nuper
510 1866 682 1907 erectus
717 1863 1001 1921 philosophos
1030 1862 1088 1905 ad
1116 1862 1374 1906 conuiuium
1411 1876 1593 1920 congre·

123 1935 273 1991 31188οὺ
303 1935 349 1976 et
378 1932 605 1976 irridendo
637 1947 789 1976 eorum
823 1931 1069 1975 minutulas
1099 1931 1378 1988 quaestiones
1407 1931 1518 1975 scire
1548 1945 1594 1974 80
1610 1938 1641 1977 b

65 2022 107 2057 ²5
124 2001 240 2046 uelle
269 2001 456 2046 dixisset
484 2017 564 2046 cur
593 2005 639 2045 et
666 2017 723 2045 ex
750 2002 880 2060 nigra
908 2004 954 2044 et
980 2016 1036 2044 ex
1062 2001 1164 2044 alba
1184 2000 1290 2043 faba
1316 2000 1596 2058 pulmentum

125 2071 261 2115 unius
298 2071 456 2115 coloris
486 2071 601 2122 edat,
631 2071 832 2114 Aridices
870 2070 1173 2128 philosophus,
1199 2069 1382 2127 indigne
1422 2069 1597 2113 ferens:

125 2140 196 2184 Tu
220 2140 361 2194 nobis,
381 2140 540 2197 inquit,
559 2140 740 2183 absolue
766 2154 846 2183 cur
873 2143 918 2182 et
945 2139 1000 2182 de
1026 2138 1140 2182 albis
1171 2141 1217 2182 et
1243 2139 1298 2181 de
1324 2138 1466 2196 nigris
1492 2138 1600 2183 loris

125 2210 292 2254 similes
311 2210 509 2253 maculae
529 2209 784 2267 gignantur.
845 2208 1139 2252 Commendat
1158 2222 1305 2251 scoma
1331 2210 1378 2250 et
1404 2208 1600 2252 conditio

125 2279 315 2323 dicentis
348 2279 386 2322 si
420 2279 468 2321 in
499 2279 651 2322 eadem
685 2292 819 2322 causa
846 2278 920 2331 sit,
939 2280 993 2321 ut
1022 2277 1060 2320 si
1089 2277 1227 2320 alium
1252 2277 1307 2320 de
1335 2281 1600 2335 paupertate

68 2366 111 2401 00
126 2363 298 2408 pauper
327 2349 524 2400 irrideat,
556 2348 595 2392 si
634 2347 817 2391 obscure
856 2350 1014 2390 natum
1045 2349 1180 2390 natus
1210 2347 1404 2390 obscure.
1479 2346 1599 2390 Nam

131 2521 176 2557 13
200 2509 428 2548 theocritum
446 2509 501 2546 A:
526 2507 759 2546 teochritum
776 2506 817 2543 M
941 2516 983 2550 14
1007 2517 1182 2553 passurus
1197 2505 1260 2543 CB
1382 2515 1424 2552 17
1450 2507 1603 2544 occulos

129 2558 164 2595 A
309 2567 353 2604 19
377 2557 509 2594 occulo
524 2556 571 2592 ΑΙ
714 2564 759 2600 27
784 2555 832 2592 de
849 2559 933 2591 ante
949 2553 1071 2601 nigris
1088 2566 1155 2591 om.
1174 2554 1209 2589 A

179 2711 198 2750 5
225 2714 320 2749 quae
336 2703 426 2748 plus
449 2702 523 2737 etc.
548 2710 664 2746 usque
693 2698 743 2735 ad
769 2699 971 2744 yiqnantur
997 2697 1083 2742 (746
1096 2697 1155 2742 13):
1197 2695 1363 2734 Macrob.
1387 2697 1463 2734 Sat.
1488 2696 1550 2735 vii.
1578 2707 1601 2745 3

132 2749 176 2798 §§
212 2759 342 2795 11-13.
483 2749 518 2792 6,
536 2757 556 2793 7
580 2752 666 2783 sunt
689 2747 952 2782 inter-iacienda
985 2747 1188 2781 conuiuiis:
1220 2744 1467 2792 interpolavit
1495 2745 1604 2783 Ioan-

130 2808 207 2835 nes.
355 2805 394 2833 11
421 2797 577 2831 suauitas
604 2795 747 2830 ledunt:
786 2795 934 2829 leuioris
958 2794 1092 2828 doloris
1114 2792 1280 2829 Macrob.
1422 2794 1469 2830 28
1497 2793 1603 2831 Com·

132 2846 279 2883 mendat
295 2845 366 2882 etc.
386 2854 504 2890 usque
520 2842 571 2880 ad
586 2843 713 2879 licebat
729 2841 815 2888 (746
828 2843 898 2887 n):
925 2839 1091 2877 Macrob.
1108 2841 1183 2877 Sat.
1201 2839 1264 2876 vii.
1285 2849 1307 2887 3
1327 2838 1369 2888 ξς
1389 2848 1519 2878 20-22.

189 2932 306 2953 mun
812 2919 839 2947 P
864 2919 894 2959 p
1426 2911 1493 2959 289
