1846 3262
107 247 221 284 rou.
236 235 350 299 xm]
638 240 1078 287 POLICRATICVS
1605 239 1692 291 ⁶162
1710 243 1742 281 a

118 361 287 406 talibus
311 362 451 407 donat
476 366 706 421 peccatum
728 363 898 422 grande
919 363 1183 416 committit3
1212 362 1295 407 hoc
1321 362 1441 406 enim
1467 361 1595 406 fouet

118 431 168 475 in
188 431 264 483 eis,
283 432 331 474 in
351 447 440 490 quo
459 433 717 490 nequissimi
736 436 855 477 sunt.
1610 429 1641 470 b

120 547 230 608 Cap.
257 563 324 607 13.
384 550 448 594 De
471 550 774 608 sruyalitatis
802 550 1207 604 commendatione,
1234 555 1273 595 et
1303 554 1416 594 ‘nota
1444 547 1593 604 Quin-

238 619 399 664 tiliam·
429 620 487 663 ‘e'sn
526 619 740 664 Senecam
758 638 779 672 ,·
820 625 861 665 et
904 620 1124 678 quomodo
1157 620 1416 679 fwyaliter
1452 619 1595 677 possit

81 703 104 742 ⁵
237 689 473 734 auaritiae
500 690 705 748 euspicio
732 690 955 735 deuitari.

179 781 427 826 Luxuriam
442 783 647 840 persequi
661 782 1066 826 uideoradlaudem
1077 782 1365 842 frugalitatis,
1374 783 1598 840 michique

121 852 180 896 ab
199 853 380 896 insulsis
399 853 550 910 inepte
568 853 828 896 uiuentibus
852 856 898 896 et
918 853 1155 897 indiscrete
1181 854 1466 910 loquentibus
1485 853 1598 896 illud

122 922 270 966 Publii
300 921 445 967 Clodii
475 922 790 966 subsannando
819 923 1042 981 ingeritur
1070 923 1176 980 quia
1215 923 1454 981 frugalitas
1492 923 1598 967 boni

121 992 314 1036 rumoris
346 992 526 1035 miseria
556 995 635 1035 est.
694 992 758 1034 Hi
792 995 900 1035 sunt
933 993 1023 1049 qui,
1053 992 1161 1035 dum
1191 992 1418 1036 luxuriam
1452 993 1599 1036 uitare

62 1078 106 1104 10
122 1062 284 1106 nolunt
301 1061 375 1104 uel
394 1064 634 1118 nequeunt,
654 1061 865 1119 quicquid
886 1076 967 1119 pro
986 1061 1158 1105 uirtute
1185 1062 1351 1106 dicitur
1379 1062 1598 1105 auaritiae

121 1130 419 1190 patrocinium
438 1133 613 1188 putant.
674 1130 811 1174 Secus
830 1130 1011 1188 quidem
1037 1134 1119 1176 est.
1177 1131 1423 1175 Luxuriam
1451 1147 1532 1190 per
1550 1147 1597 1176 se

120 1204 300 1259 turpem
348 1214 478 1243 nemo
517 1199 708 1258 ambigit
750 1202 808 1252 et,
847 1200 952 1244 licet
990 1200 1230 1258 frugalitas
1268 1201 1330 1244 sit
1367 1204 1598 1259 tamquam

120 1270 346 1314 uirtutum
374 1269 680 1327 bonorumque
699 1284 884 1327 operum
913 1270 1039 1328 origo
1068 1270 1317 1322 laudabilis,
1336 1285 1427 1314 non
1446 1273 1598 1314 tamen

122 1339 329 1384 omnibus
359 1338 505 1397 placet
517 1353 527 1392 ;
561 1353 643 1383 nec
675 1339 865 1383 credunt
898 1339 1138 1383 auaritiam
1167 1339 1366 1383 malitiae
1396 1339 1599 1383 fomitem
1616 1349 1643 1381 c

63 1426 103 1463 ¹⁵
122 1423 251 1468 posse
269 1408 408 1452 uitari
428 1409 516 1452 nisi
537 1412 584 1452 et
603 1408 842 1467 frugalitas
861 1408 1077 1467 fugiatur.
1126 1408 1299 1467 Nempe
1319 1409 1599 1454 indoctorum

121 1479 230 1524 haec
249 1479 401 1537 opinio
419 1482 510 1531 est3
539 1481 593 1522 ut
616 1479 736 1522 enim
755 1479 821 1522 ait
840 1479 1013 1523 ethicus
1024 1494 1039 1522 e

238 1554 359 1598 Dum
388 1555 540 1598 uitant
568 1554 698 1598 stulti
726 1555 851 1606 uitia,
880 1555 929 1597 in
958 1554 1183 1599 contraria
1210 1558 1410 1608 currunt,

122 1629 378 1675 recedentes
401 1644 430 1673 a
447 1629 594 1673 medio
612 1630 840 1683 uitiorum,
860 1645 974 1688 quae
996 1630 1119 1689 regio
1138 1630 1324 1675 uirtutis
1344 1633 1422 1674 est.
1482 1631 1601 1675 Sunt

91 1720 94 1722 ·
123 1702 277 1744 tamen
306 1698 469 1756 quibus
497 1698 737 1756 frugalitas
766 1702 835 1742 est
863 1699 1117 1751 inhibenda,
1137 1702 1191 1743 ut
1219 1715 1409 1757 quorum
1438 1703 1602 1743 natura

63 1787 111 1814 20
125 1768 365 1827 procliuior
398 1771 467 1812 est
497 1768 555 1811 ad
589 1768 841 1813 auaritiam.
900 1768 1019 1812 Sunt
1050 1772 1202 1812 tamen
1236 1769 1398 1826 quibus
1429 1772 1498 1812 est
1530 1769 1601 1811 in-

125 1839 313 1883 dicenda
330 1838 554 1889 calcatius,
566 1841 620 1882 ut
640 1838 718 1896 qui
737 1853 819 1882 sua
837 1839 1083 1897 prodigunt
1097 1842 1143 1882 et
1161 1839 1334 1883 ratione
1348 1842 1605 1896 contempta

126 1907 375 1958 effundunt,
394 1922 485 1950 non
504 1907 803 1951 discernentes
823 1907 931 1964 quid
956 1922 1065 1951 usus
1084 1908 1144 1951 sit
1165 1908 1241 1952 uel
1265 1909 1444 1954 abusus.
1502 1909 1603 1962 Quo

125 1977 305 2036 quidem
326 1981 678 2035 temperamento
695 1992 829 2020 usum
856 1991 950 2020 esse
974 1977 1185 2020 Seruium
1212 1978 1426 2035 Opidium
1453 1977 1600 2022 Canu-

127 2048 277 2092 sinum
306 2047 355 2090 in
383 2048 544 2090 ultimo
574 2046 728 2105 elogio,
746 2060 849 2090 cum
877 2047 993 2090 filios
1021 2049 1145 2104 peste
1174 2048 1398 2091 contraria
1426 2048 1602 2091 uideret

66 2137 109 2173 ²5
126 2121 373 2176 occupatos,
398 2116 540 2160 refert
568 2116 766 2160 Oratius.
826 2116 1100 2174 Simpliciter
1124 2120 1276 2160 tamen
1301 2120 1478 2161 constat
1503 2117 1602 2161 fru-

125 2187 359 2247 galitatem
378 2186 427 2229 in
445 2186 575 2229 bonis
593 2186 926 2237 numerandam,
945 2189 1102 2244 utpote
1128 2186 1252 2229 illam
1273 2201 1386 2244 quae
1406 2187 1602 2231 Saturno
1620 2191 1651 2233 d

128 2260 346 2316 regnante
371 2271 512 2314 regna
537 2270 674 2299 aurea
698 2256 969 2314 temperauit
995 2259 1042 2299 et
1070 2256 1309 2300 eorundem
1339 2257 1489 2299 omnia
1515 2257 1602 2300 dis-

125 2327 335 2387 pensauit
362 2326 516 2370 officia.
576 2325 699 2370 Haec
725 2329 794 2369 est
819 2340 933 2383 quae
962 2325 1169 2369 Astream
1188 2329 1236 2369 et
1262 2325 1527 2370 Pudicitiam
1553 2327 1603 2370 in

127 2420 151 2457 3
177 2407 286 2453 notul
304 2410 396 2491 ultim
411 2407 558 2444 CBAS:
582 2408 674 2444 uoto
690 2406 731 2443 M
922 2407 944 2443 8
969 2406 1210 2443 subsanando
1227 2405 1254 2442 S
1443 2416 1467 2454 9
1491 2406 1559 2444 Hii
1575 2406 1602 2445 S

128 2458 173 2495 18
198 2455 304 2504 regxa'

176 2530 198 2566 8
222 2528 346 2564 Publii
377 2527 516 2563 clodii:
539 2525 613 2563 i.e.
640 2522 799 2561 Publilii
827 2522 925 2571 Syri,
951 2525 997 2560 ut
1022 2535 1135 2571 supra
1158 2535 1189 2562 c,
1210 2533 1251 2561 11
1272 2523 1408 2571 (7510)
1434 2526 1475 2563 et
1497 2524 1603 2563 infra

130 2588 164 2614 ο.
186 2586 229 2620 14
248 2576 334 2620 (772
347 2575 408 2622 Α).
577 2573 784 2619 fruqalitas
797 2573 891 2609 eta:
914 2571 1024 2612 PubL
1042 2571 1067 2608 S
1116 2598 1125 2607 .
1143 2573 1241 2609 Sent.
1258 2581 1293 2608 r.
1311 2573 1357 2608 28
1375 2573 1450 2619 (ed.
1470 2573 1602 2620 Meyer

128 2636 168 2672 p.
188 2623 263 2670 31).
510 2630 554 2658 12
579 2621 875 2666 licetfruyalitas
889 2621 983 2656 etc-,2
1009 2631 1044 2655 v.
1092 2618 1137 2657 'c.
1157 2621 1259 2657 Taso.
1278 2621 1384 2666 Βίῳ.
1402 2619 1458 2657 111.
1476 2621 1498 2657 8
1516 2620 1535 2668 ξ
1558 2622 1603 2659 16

126 2673 287 2718 reliq-m
301 2671 412 2706 etiam
426 2668 791 2715 uinumsruyalitae
805 2669 974 2704 contina.
1184 2676 1226 2712 17
1250 2668 1351 2703 Dum
1365 2669 1489 2704 uitam
1504 2670 1602 2706 etc.:

129 2718 223 2756 Hor.
238 2719 313 2754 Sat.
332 2717 358 2754 i.
376 2727 408 2754 2.
423 2726 482 2761 24.
644 2717 688 2752 18
713 2727 738 2751 a
753 2716 870 2751 modio
885 2715 985 2751 eta:
1009 2726 1043 2751 v.
1060 2713 1151 2751 Hor.
1166 2716 1238 2761 Ἑρ.
1255 2714 1279 2751 i.
1304 2716 1356 2752 18.
1376 2725 1410 2762 9.
1554 2725 1599 2754 21

127 2767 327 2804 calcatius:
351 2764 434 2802 Hoc
448 2762 670 2801 vocabulum
690 2762 809 2799 habet
825 2761 1012 2799 Boethius
1034 2764 1078 2798 de
1097 2763 1229 2808 Sylloy.
1257 2763 1373 2811 catoq.
1389 2762 1430 2799 ii.
1454 2762 1604 2811 (Migne

128 2815 229 2851 1212.
254 2812 342 2850 lxiv.
361 2812 469 2859 830);
493 2824 527 2848 v.
546 2809 712 2848 Fore-de
728 2809 806 2850 vit„
824 2822 854 2846 e.
866 2822 900 2847 v.
1042 2819 1101 2855 22,
1114 2820 1160 2856 23
1187 2811 1263 2854 Quo
1285 2812 1430 2859 quidem
1445 2813 1540 2848 eta:
1564 2824 1603 2848 v.

129 2861 222 2899 Hor.
238 2863 314 2898 Sat.
331 2860 374 2898 11.
391 2871 425 2906 3.
444 2860 511 2898 168
523 2869 627 2910 seqq.
816 2859 863 2898 28
887 2858 1056 2894 Aetnam
1071 2862 1105 2894 a
1119 2857 1342 2896 Pudicitiam
1355 2859 1452 2897 eta:
1474 2870 1507 2897 v.
1524 2858 1603 2897 Iuv-

127 2911 204 2947 Sat.
220 2908 269 2946 vi.
289 2918 333 2955 14
343 2919 448 2955 seqq.

1425 2967 1491 3006 ³17
