1846 3262
97 234 178 283 767
199 234 228 273 b

575 229 840 276 IOANNIS
881 229 1398 273 SARESBERIENSIS
1501 227 1611 290 [ms.
1625 241 1719 274 vm

244 353 310 396 ita
329 352 377 395 in
397 352 484 395 fide
513 355 558 395 et
582 351 794 408 religione
822 349 1012 407 profecit
1041 353 1094 393 ut
1117 350 1249 393 beato
1279 350 1492 408 Gregorio
1512 350 1719 395 credatur

243 423 292 465 in
325 422 540 480 regimine
577 420 959 464 Gneocesariensis
992 420 1198 463 ecclesiae
1233 420 1503 464 successisse.
1565 420 1625 464 Et
1654 420 1717 467 sic

244 492 422 549 quidem
453 491 667 534 sedulitas
697 490 887 547 hospitis
917 490 1110 533 humane
1140 489 1276 546 prius,
1296 489 1455 532 deinde
1479 489 1718 534 salubriter

242 564 525 604 remunerata
565 563 643 604 est.
724 560 964 611 Postremo,
999 559 1083 603 etsi
1122 559 1393 602 urbanitatis
1432 559 1481 602 in
1520 560 1717 617 hospites

242 630 511 674 exercendae
543 630 663 687 apud
698 630 866 673 ethicos
897 629 1051 687 regula
1079 630 1204 672 nulla
1234 632 1360 681 esset,
1390 629 1547 673 beatus
1576 630 1716 673 Bene·
1735 646 1754 680 5

240 701 386 744 dictus
406 701 454 743 in
474 701 670 758 capitulo
691 700 746 744 de
765 700 1015 757 hospitibus
1037 698 1257 757 frugalem
1278 699 1605 743 humanitatem
1625 714 1715 743 non

239 770 370 813 modo
406 770 609 828 religiose
642 770 719 813 sed
751 770 887 813 etiam
922 770 1107 812 comiter
1141 771 1186 812 et
1220 770 1388 812 urbane
1423 769 1605 812 uidetur
1638 784 1715 813 ex-

237 839 439 897 primere.
501 840 598 883 Hoc
619 843 770 883 tamen
791 840 908 897 quod
937 840 984 882 in
1015 839 1129 882 libro
1156 839 1526 883 consuetudinum
1547 839 1714 883 Cister-

237 909 451 953 ciensium
482 909 602 967 apud
629 910 860 967 plerosque
888 909 1054 967 legitur
1083 912 1129 952 et
1156 912 1345 960 tenetur,
1371 909 1489 966 quod
1518 909 1577 952 ad
1603 909 1715 954 duos

238 979 449 1022 articulos
477 982 650 1037 spectat
678 978 999 1036 hospitalitatis
1029 978 1344 1030 instituendae,
1369 979 1427 1022 ab
1456 979 1577 1022 omni
1602 979 1713 1023 ciui-
1735 999 1775 1023 10

196 1061 221 1090 c
239 1048 378 1100 litate,
399 1064 455 1092 ne
483 1050 627 1093 dicam
657 1049 950 1100 humanitate,
971 1049 1166 1092 alienum
1195 1052 1285 1102 est3
1315 1049 1353 1092 si
1378 1052 1529 1092 tamen
1556 1064 1713 1092 uerum

239 1121 307 1162 est
333 1119 416 1162 hoc
440 1119 488 1162 in
516 1122 669 1163 tantae
699 1118 986 1177 perfectionis
1016 1118 1412 1162 consuetudinibus
1441 1119 1635 1162 inueniri
1661 1123 1713 1164 ut

236 1203 317 1231 nec
344 1203 498 1232 carnes
524 1191 809 1246 apponantur
833 1188 1083 1245 hospitibus
1113 1203 1193 1231 nec
1223 1191 1406 1246 propter
1437 1203 1510 1232 eos
1541 1188 1712 1247 aliquid

237 1260 435 1310 ematur3
467 1272 569 1301 cum
605 1261 650 1301 et
679 1258 777 1315 ipsa
811 1258 978 1301 ieiunia
1017 1260 1200 1315 propter
1240 1258 1461 1316 hospitem
1491 1258 1708 1316 perfectio

236 1327 383 1371 soluat
429 1330 475 1371 et
514 1328 562 1370 in
602 1328 756 1371 multis
797 1328 852 1371 de
892 1328 1038 1385 rigore
1077 1342 1157 1371 suo
1197 1327 1440 1385 plurimum
1479 1328 1712 1387 indulgeat
1733 1347 1771 1382 15

236 1396 428 1440 caritati.
505 1397 723 1441 Ethnicus
762 1412 936 1455 quoque
976 1397 1024 1440 in
1064 1412 1115 1441 eo
1149 1398 1324 1441 fidelius
1358 1401 1404 1441 et
1443 1397 1711 1443 familiarius

236 1466 417 1509 uidetur
438 1466 642 1510 insistere
662 1468 836 1518 uirtuti,
856 1467 974 1525 quod
994 1468 1156 1511 statuit
1176 1470 1229 1511 ut
1249 1483 1301 1511 ea
1321 1483 1434 1525 quae
1454 1468 1577 1513 intus
1597 1473 1704 1513 sunt

235 1536 488 1594 hospitibus
508 1537 641 1580 hilari
662 1538 880 1581 modestia
901 1541 1196 1595 apponantur,

354 1618 560 1676 quodque
590 1618 710 1662 domi
740 1633 830 1662 non
860 1621 929 1662 est
958 1621 1004 1662 et
1031 1619 1168 1662 habet
1198 1619 1383 1670 uicinus,
1414 1622 1600 1663 ematur.

236 1698 511 1744 Crediderim
532 1700 673 1743 satius
694 1714 786 1743 esse
808 1702 853 1743 et
879 1699 1121 1758 perfectius
1151 1703 1205 1744 ut
1231 1715 1277 1743 se
1306 1700 1449 1758 ipsam
1474 1701 1707 1758 paululum
1729 1723 1772 1746 20

235 1769 383 1812 uirtus
403 1769 549 1812 soluat
568 1769 852 1827 modesteque
874 1770 1088 1827 desipiat3
1116 1784 1222 1813 nam
1243 1773 1289 1814 et
1308 1770 1356 1813 in
1376 1770 1470 1814 loco
1497 1770 1707 1829 desipere,

234 1841 288 1882 ut
319 1838 384 1881 ait
416 1838 631 1891 ethnicus,
669 1839 896 1883 interdum
931 1840 1059 1884 dulce
1090 1843 1158 1883 est
1193 1843 1238 1884 et
1277 1844 1372 1883 tam
1411 1840 1575 1884 uirtuti
1607 1856 1709 1885 con-

232 1970 253 1996 2
281 1960 581 1998 Neocesariensis
599 1960 647 1997 S:
673 1959 985 1999 Gneocesariensi
1002 1961 1042 1998 M
1183 1971 1225 2006 13
1251 1963 1471 2008 aponantur
1487 1960 1512 1998 S
1663 1963 1708 2000 16

231 2006 393 2044 karitati
410 2007 435 2044 S
599 2010 641 2046 18
666 2009 791 2055 hylari
810 2009 850 2045 M
961 2011 1178 2056 aponantur
1196 2009 1220 2046 S
1380 2020 1422 2046 21
1450 2008 1662 2057 desiperem
1680 2010 1706 2047 S

279 2127 311 2165 5,
330 2119 352 2156 6
377 2119 499 2155 beatus
522 2120 740 2156 Benedictus
763 2120 862 2157 etc.:
895 2131 927 2156 v.
953 2118 988 2156 S.
1014 2119 1216 2156 Benedicti
1238 2119 1331 2166 Reg.
1350 2131 1383 2157 c.
1404 2129 1460 2167 53.
1618 2122 1640 2158 8
1664 2123 1707 2158 in

229 2167 320 2203 libro
337 2169 637 2203 consuetudinum
657 2168 969 2204 cisterciensium:
997 2167 1104 2204 Inter
1120 2166 1275 2204 Statuta
1291 2168 1378 2204 Ord.
1389 2168 1545 2205 Cisterc.
1562 2180 1599 2206 a.
1616 2178 1706 2216 1152

228 2214 332 2250 edita
351 2215 427 2262 (ap.
447 2215 620 2251 Holsten.
645 2216 728 2251 Cod.
747 2216 830 2262 Rey.
847 2217 1004 2251 Monast.
1019 2215 1060 2252 ii.
1078 2217 1163 2261 398)
1183 2215 1341 2262 legitur:
1366 2217 1570 2252 Statuimus
1585 2218 1706 2264 itaque

228 2268 271 2298 ut
286 2264 383 2298 nulli
398 2263 533 2299 Abbati
548 2264 600 2299 vel
611 2264 789 2299 Monacho
805 2265 858 2299 vel
877 2264 1049 2299 Converso
1066 2265 1209 2299 ordinis
1224 2265 1349 2306 nostri,
1367 2265 1420 2299 vel
1436 2265 1478 2299 in
1494 2265 1705 2310 Refectorio,

229 2311 284 2346 vel
312 2312 353 2345 in
379 2311 558 2356 Hospitio,
588 2312 640 2346 vel
668 2312 709 2346 in
739 2312 918 2357 Granyia,
944 2312 997 2347 vel
1023 2312 1236 2358 ubicumque
1264 2323 1331 2347 nos
1353 2313 1456 2348 nobis
1480 2324 1576 2348 escas
1599 2314 1706 2348 mini-

226 2363 397 2402 stramus,
413 2359 575 2404 amplius
596 2370 706 2405 quam
730 2360 804 2394 tria
822 2360 1075 2405 pulmentaria
1099 2360 1247 2404 demus;
1270 2361 1332 2395 sed
1355 2371 1466 2406 neque
1490 2360 1706 2406 Hospitibus

226 2407 315 2441 aliis
345 2408 420 2442 nisi
435 2409 539 2451 forte
563 2408 661 2442 adsit
685 2407 819 2452 aliquis
841 2408 1105 2452 Episcopomm
1133 2408 1186 2442 vel
1209 2407 1434 2453 Principum.
1485 2406 1704 2444 Districtius

226 2455 358 2490 tamen
392 2453 546 2490 Statuta
578 2465 613 2490 a.
647 2455 785 2500 1256-7
815 2453 920 2491 edita
955 2454 1027 2499 (ed.
1058 2453 1216 2498 Fowler,
1251 2453 1368 2491 Lond.
1406 2456 1508 2501 1890,
1542 2466 1579 2501 p.
1613 2456 1700 2502 93>:

227 2502 421 2547 Episcopis
444 2503 496 2537 vel
521 2502 608 2537 aliis
626 2505 795 2547 personis
818 2514 909 2548 quae
933 2514 1007 2538 non
1030 2507 1117 2538 sunt
1132 2504 1176 2537 de
1191 2504 1319 2538 ordine
1335 2507 1457 2538 nostro
1483 2504 1578 2538 inter
1601 2507 1703 2549 septa

227 2550 404 2585 Abbatiae
429 2554 461 2585 et
484 2550 526 2585 in
550 2550 714 2584 domibus
745 2551 926 2595 contiyuis
958 2561 1085 2585 carnes
1117 2551 1330 2586 nullatenus
1361 2552 1617 2586 ministrentur
1643 2551 1704 2586 uel

226 2598 361 2632 comedi
380 2599 648 2642 permittantur
666 2598 742 2632 nisi
762 2599 931 2643 yrauiter
945 2600 1193 2642 infirmentur.
1340 2608 1382 2642 14
1408 2603 1441 2633 et
1457 2600 1544 2644 'ipsa
1559 2599 1702 2634 ieiunia

226 2644 296 2680 etc.
315 2656 323 2679 :
364 2643 401 2680 S.
428 2643 658 2680 Benedictus
694 2644 765 2681 loc.
791 2656 904 2691 supra
940 2644 1025 2681 cit.:
1065 2646 1254 2681 Ieiunium
1288 2657 1312 2681 a
1346 2647 1474 2691 priore
1496 2648 1704 2691 franyatur

220 2697 374 2737 propter
394 2693 578 2738 hospitem,
597 2694 672 2728 nisi
687 2694 788 2738 forte
806 2694 1029 2738 praecipuus
1051 2694 1100 2728 sit
1122 2694 1200 2728 dies
1223 2694 1365 2735 ieiunii,
1392 2694 1456 2739 qui
1483 2704 1558 2729 non
1582 2694 1702 2739 possit

225 2740 375 2775 uiolari.
524 2741 566 2776 16
590 2741 791 2776 Ethnicus:
818 2739 991 2777 Fortasse
1008 2740 1056 2776 ad
1074 2739 1155 2777 Iuv.
1172 2741 1246 2776 Sat.
1267 2739 1316 2777 xi.
1334 2741 1380 2786 56
1397 2751 1501 2786 seqq.
1518 2739 1697 2786 respicit;

226 2785 394 2823 eiusdem
419 2786 523 2824 enim
547 2787 661 2824 verba
685 2799 782 2833 quae
800 2799 888 2823 mox
905 2787 1001 2824 citat
1016 2787 1065 2824 ad
1089 2786 1394 2834 hospitalitatem
1411 2799 1491 2824 non
1507 2788 1695 2834 spectant.

228 2842 271 2878 19
295 2836 455 2881 quodque
473 2836 569 2871 etc.:
597 2835 673 2871 Iuv.
691 2836 766 2871 Sat.
785 2835 831 2871 vi.
854 2844 931 2881 152.
1056 2845 1097 2872 21
1126 2837 1168 2871 in
1185 2837 1258 2872 loco
1274 2837 1369 2872 etc-z
1396 2835 1489 2872 Hor.
1511 2836 1631 2872 Carm.
1649 2834 1697 2872 iv.

229 2889 283 2917 12.
302 2882 370 2923 28;
396 2893 428 2918 v.
445 2893 559 2928 supra
576 2883 624 2919 ad
642 2882 689 2918 vi.
712 2893 755 2929 ¹9
773 2883 857 2930 (617
869 2884 927 2928 Β).

338 2953 402 2993 326
