1846 3262
66 216 140 266 716
162 212 193 256 a

161 1163 190 1202 b

170 2073 194 2103 c

541 214 804 261 IOANNIS
844 212 1364 258 SARESBERIENSIS
1468 209 1581 271 [Lm.
1596 220 1690 254 vlu

207 360 314 419 Cap.
337 375 375 419 3.
412 360 542 415 Quod
571 359 723 403 omnis
749 358 965 416 professio
995 373 1098 402 suos
1129 357 1346 401 Trasones
1375 357 1502 401 habet
1517 375 1536 408 ,·
1567 360 1606 400 et
1636 355 1691 398 de

318 430 529 488 personis
549 445 666 487 quae
686 429 749 472 ad
776 428 1144 472 similitudinem
1173 427 1397 471 Eunuchi
1420 425 1691 470 Terentiam

323 502 419 546 sint
449 502 581 558 apud
607 500 823 544 inaniter
851 499 1100 558 yloria‘ntes
1112 518 1130 550 ;
1169 503 1207 542 et
1235 499 1356 556 quod
1383 513 1516 542 uana
1541 495 1692 555 yloria

324 571 578 616 meretricis
608 586 733 614 more
763 571 930 614 loculos
959 570 1182 627 sequitur.

227 701 229 704 ,
267 659 359 711 Est,
384 662 437 702 ut
466 659 676 710 diximus,
700 658 749 701 in
779 658 940 715 quauis
970 657 1245 715 professione
1272 656 1475 699 inuenire
1502 655 1690 698 militem
1712 673 1731 706 5

206 729 449 787 gloriosum
486 729 565 786 qui
597 728 821 786 obsequiis
854 730 900 771 et
932 727 1192 770 muneribus
1228 742 1354 770 suam
1388 725 1616 776 Thaidem,
1646 723 1694 766 id

206 802 275 843 est
309 814 471 842 nomen
507 799 677 842 celebre
713 802 760 842 et
795 798 924 855 quasi
961 798 1108 841 famae
1143 798 1337 855 gratiam
1378 798 1544 854 captat.
1604 793 1692 838 Sed

208 870 247 912 ei
268 884 349 912 nec
370 869 519 912 Gnato
540 873 592 912 ut
613 869 820 926 decipiat,
836 883 917 912 nec
934 868 1127 911 Phedria
1148 868 1225 925 qui
1242 867 1420 910 laudem
1435 865 1694 924 praeripiat,

207 954 288 982 nec
324 939 401 997 qui
442 939 559 982 dona
591 941 848 996 corrumpat
888 939 1143 982 adolescens
1175 941 1255 981 aut
1287 952 1443 980 seruus
1475 936 1692 979 Parmeno

208 1010 286 1067 qui
322 1010 614 1067 desipientem
646 1009 845 1062 irrideat,
876 1010 1010 1053 deest.
1070 1009 1206 1067 Apud
1238 1008 1506 1051 Eunuchum
1535 1007 1693 1050 comici
1713 1023 1755 1047 ιο

209 1081 314 1124 audi
343 1081 595 1124 Gnatonem
624 1083 669 1123 et
693 1096 751 1123 an
779 1081 926 1138 ipsum
955 1081 1003 1123 in
1028 1079 1203 1123 familia
1226 1077 1518 1138 gloriantium
1539 1076 1694 1120 uideas

209 1152 448 1210 diligenter
474 1151 667 1194 attende.

327 1232 408 1275 Est
440 1232 623 1290 (inquit)
659 1247 800 1289 genus
835 1232 1067 1275 hominum
1099 1231 1176 1288 qui
1207 1246 1300 1274 esse
1330 1230 1497 1288 primos
1526 1243 1572 1272 se
1602 1243 1694 1272 om—

384 1291 510 1333 nium
541 1306 689 1334 rerum
720 1291 864 1334 uelint

326 1365 407 1393 nec
437 1352 566 1402 sunt3
606 1350 687 1392 hos
718 1352 967 1402 consector3
1003 1349 1122 1392 hisce
1154 1364 1236 1407 ego
1265 1363 1356 1391 non
1386 1363 1593 1406 comparo
1623 1362 1695 1390 me
1716 1359 1755 1392 ῐ5

384 1411 437 1451 ut
466 1409 666 1461 rideant;

327 1468 404 1511 sed
425 1467 496 1510 his
520 1467 640 1510 ultro
664 1467 839 1510 arrideo
867 1468 913 1510 et
937 1481 1089 1509 eorum
1118 1466 1299 1523 ingenia
1326 1465 1524 1509 admiror
1550 1465 1695 1509 simul.

328 1526 551 1583 Quicquid
586 1526 753 1577 dicunt,
790 1526 947 1578 laudo;
987 1525 1036 1568 id
1066 1540 1245 1568 rursum
1281 1525 1318 1568 si
1349 1528 1529 1582 negant,
1562 1524 1697 1568 laudo

386 1585 435 1628 id
465 1599 663 1642 quoque3

326 1646 464 1702 negat
492 1645 601 1701 quis,
627 1658 763 1702 nego:
795 1644 872 1695 ait,
902 1643 996 1696 aio;
1026 1643 1251 1701 postremo
1275 1642 1493 1701 imperaui
1521 1644 1696 1701 egomet
1718 1654 1759 1678 20

386 1703 522 1746 michi

328 1762 479 1805 omnia
491 1761 735 1814 assentari3
761 1761 799 1804 is
816 1763 1027 1818 quaestus
1047 1775 1166 1804 nunc
1187 1763 1255 1804 est
1275 1761 1418 1804 multo
1433 1760 1698 1804 uberrimus.

209 1844 420 1887 Talemne
441 1842 598 1886 uidisti
623 1843 819 1886 alicubi?
850 1843 995 1886 Immo
1022 1857 1102 1886 nec
1132 1843 1389 1900 quempiam
1413 1842 1592 1886 illorum
1620 1842 1698 1899 qui

210 1913 362 1957 felices
397 1928 490 1957 esse
523 1913 738 1956 uidentur
769 1913 865 1955 sine
900 1912 1157 1956 huiusmodi
1196 1913 1420 1970 mancipio
1459 1912 1698 1970 agnouisti,

210 1984 409 2040 adeoque
439 1983 600 2026 scitum
631 1983 858 2026 hominem
890 1983 1056 2040 ubique
1083 1983 1277 2040 reperies
1304 1983 1382 2040 qui
1409 1983 1611 2026 homines
1641 1997 1699 2026 ex
1718 2006 1759 2040 ²⁵

212 2054 376 2105 stultis,
408 2056 461 2096 ut
495 2054 563 2097 ait
598 2053 828 2106 Parmeno,
862 2068 1044 2111 prorsus
1075 2053 1257 2097 insanos
1293 2052 1441 2097 faciet.
1502 2053 1618 2097 Vide
1652 2055 1699 2096 et

213 2124 322 2181 quid
353 2124 521 2168 sentiat
551 2123 607 2167 de
637 2139 684 2167 se
714 2124 865 2167 Traso.

273 2194 404 2238 Istud
435 2193 619 2253 (inquit)
650 2197 719 2238 est
749 2194 906 2238 datum
942 2193 1144 2252 profecto
1179 2197 1233 2238 ut
1267 2196 1399 2252 grata
1433 2194 1573 2238 michi
1607 2194 1701 2238 sint

213 2280 327 2322 quae
348 2264 465 2307 facio
493 2264 655 2307 omnia.
717 2265 800 2308 Vel
821 2280 902 2307 rex
923 2279 1097 2322 semper
1123 2264 1345 2308 maximas
1373 2264 1511 2308 michi
1537 2265 1701 2323 agebat

213 2335 384 2393 gratias
401 2335 615 2392 quicquid
631 2334 835 2386 feceram,
857 2335 958 2378 aliis
978 2350 1070 2378 non
1090 2335 1167 2378 ita.
1218 2334 1291 2378 Me
1311 2349 1486 2392 semper
1505 2335 1701 2379 habebat
1719 2356 1761 2390 30

214 2451 235 2476 2
262 2439 330 2486 qui
346 2438 512 2475 CBASM
611 2413 753 2476 enuchi
770 2438 828 2476 S·
812 2452 854 2475 m
870 2440 969 2475 rubr.
988 2451 1066 2486 οαΡ.
1078 2441 1202 2485 praef.
1301 2438 1516 2477 terentiane
1533 2438 1700 2476 CBASM

213 2499 237 2533 4
263 2489 448 2534 sequatur
465 2486 549 2523 Sin
565 2489 668 2523 rubr.
688 2500 768 2534 cap.
783 2490 904 2534 praef.
1067 2497 1091 2535 9
1115 2485 1363 2524 adholescens
1379 2486 1427 2523 A¹
1581 2497 1626 2534 27
1653 2487 1701 2525 de

215 2548 254 2573 se
271 2534 416 2573 sentiat
433 2534 474 2570 M

265 2652 283 2690 5
310 2644 494 2678 diximus·
520 2654 553 2678 v.
578 2653 692 2688 supra
716 2640 763 2676 vi.
791 2651 811 2687 3
831 2640 965 2687 (59413,
991 2640 1043 2684 c).
1234 2642 1256 2678 8
1281 2653 1347 2677 nec
1374 2642 1493 2677 Gnato
1519 2642 1615 2678 etc.:
1641 2640 1701 2677 Ad

215 2701 397 2738 personas
410 2689 594 2726 dramatis
604 2688 830 2726 'lerentiani
843 2689 906 2726 cui
919 2701 1061 2726 nomen
1079 2691 1138 2726 est
1150 2690 1355 2725 Eunuchus
1371 2688 1526 2736 respicit
1535 2689 1701 2726 Ioannes

216 2742 354 2775 noster.
493 2748 534 2784 13
559 2739 629 2774 Est
642 2750 756 2784 yeuus
773 2739 866 2774 etc.:
892 2736 975 2774 Ter.
993 2739 1092 2774 Eun.
1113 2737 1155 2774 ii.
1173 2748 1205 2773 2.
1227 2746 1352 2782 17—22.
1493 2748 1535 2782 14
1560 2739 1699 2774 uelint:

215 2789 347 2823 uolunt
363 2786 448 2823 Ter.
631 2796 672 2833 15
700 2797 891 2832 comparo:
911 2797 1008 2831 paro
1024 2784 1109 2822 Ter.
1302 2795 1346 2839 25
1371 2786 1533 2821 homines
1548 2787 1642 2822 etc*
1667 2797 1701 2822 v.

216 2835 299 2871 Ter.
319 2836 417 2870 Eun.
421 2845 477 2917 '1¹¹1
496 2843 528 2869 2.
548 2844 605 2880 23.
721 2836 765 2871 28
791 2835 898 2870 Istud
913 2837 1008 2870 etc..
1001 2847 1009 2855 ·
1034 2845 1066 2870 v,
1084 2833 1165 2870 Ter.
1184 2834 1285 2871 Eun.
1303 2832 1360 2870 iii.
1384 2843 1414 2870 1
1433 2842 1477 2880 5-
1479 2843 1540 2879 43.
1654 2830 1701 2880 36

216 2885 295 2918 ita:
321 2884 406 2917 item
454 2893 507 2918 er.

329 2952 396 2994 236
