1846 3262
82 231 169 280 607
188 239 219 270 a
570 224 833 271 IOANNIS
879 219 1402 268 SARESBERIENSIS
1545 216 1656 279 [Lm.
1671 227 1724 260 Ἡ

189 363 221 392 a
236 350 457 394 decimum
492 362 711 407 quemque
746 347 935 390 militem
967 348 1087 388 sorte
1122 344 1309 388 ductum
1339 341 1462 385 fuste
1493 339 1724 399 percussit.

236 421 403 464 Fabius
435 419 634 462 Rutilius
672 417 826 462 consul
866 431 923 459 ex
958 415 1134 458 duabus
1173 412 1436 472 legionibus,
1473 425 1587 469 quae
1628 409 1725 453 loco

233 493 468 542 cesserant,
489 490 668 533 uicenos
691 491 810 531 sorte
838 487 995 530 ductos
1022 486 1070 528 in
1095 487 1335 542 conspectu
1361 483 1560 526 militum
1580 479 1725 525 securi

233 561 462 619 percussit.
523 559 648 602 Idem
664 561 816 602 ternos
831 572 888 601 ex
904 555 1130 607 centuriis,
1146 569 1338 613 quarum
1359 553 1497 597 statio
1517 552 1576 595 ab
1596 552 1725 595 hoste

231 634 448 689 perrupta
483 632 591 680 erat,
630 628 808 672 addixit
843 627 998 671 securi.
1060 626 1259 680 Quintus
1295 624 1463 668 Fabius
1498 622 1726 666 Maximus
1747 637 1766 672 5

231 701 570 759 transfugarum
596 700 779 743 dextras
809 698 1041 757 praecidit.
1101 697 1281 740 Marcus
1311 694 1426 740 Cato
1457 693 1649 738 tradidit
1678 692 1728 735 in

231 771 358 814 furto
387 770 715 828 comprehensis
746 770 866 813 inter
894 768 1220 813 commilitones
1251 767 1438 811 dextras
1471 779 1566 809 esse
1600 777 1728 822 prae-

231 842 344 885 cisas
379 843 471 892 aut,
502 841 541 884 si
576 840 812 898 benignius
841 840 890 883 in
921 854 1048 883 reum
1078 838 1439 882 animaduertere
1466 835 1729 886 uoluissent,

232 913 280 954 in
312 911 528 969 principis
561 911 828 969 sanguinem
863 910 1062 953 missum.
1123 908 1297 953 Seditio
1329 921 1506 966 quoque
1536 905 1728 950 securim

233 983 459 1039 prouocat,
479 981 546 1025 ita
564 984 717 1024 tamen
738 983 792 1024 ut
812 995 893 1038 pro
918 980 1108 1023 arbitrio
1129 979 1255 1023 ducis
1277 979 1325 1021 in
1346 993 1462 1037 pena
1482 990 1727 1036 paucorum
1748 989 1791 1014 10

233 1052 448 1096 securitas
483 1054 530 1095 et
565 1051 691 1109 quies
722 1051 787 1094 rei
822 1051 1027 1109 publicae
1061 1050 1346 1094 reformetur.
1407 1049 1554 1092 Iulius
1590 1046 1730 1092 Cesar

233 1126 334 1167 orta
349 1122 567 1166 seditione
581 1122 780 1165 militum
795 1121 949 1179 paucis
965 1121 1185 1179 percussis
1201 1124 1349 1165 castra
1365 1120 1541 1164 sedasse
1561 1118 1730 1177 legitur

235 1196 281 1237 et
300 1193 434 1236 fidem
454 1192 652 1236 militum
673 1207 914 1250 reparasse.

188 1321 218 1360 b
237 1319 344 1378 Cap.
369 1333 434 1377 13.
491 1319 643 1374 Quare
677 1318 863 1375 ciuqulo
898 1318 1161 1376 priueutui·
1199 1318 1380 1371 milites,
1416 1322 1456 1362 et
1495 1318 1617 1376 quod
1656 1332 1727 1362 ex-

353 1394 621 1434 auctoratus
640 1404 738 1433 uon
760 1388 886 1432 habet
914 1389 1107 1446 aliquod
1133 1403 1241 1432 cum
1260 1388 1417 1446 gladio
1443 1389 1586 1433 tetoue
1611 1403 1727 1433 oo‘m-
1750 1403 1789 1436 15

352 1460 588 1511 mercium,
609 1463 649 1503 et
668 1473 812 1516 quare
830 1458 1019 1516 yladius
1039 1459 1241 1504 insertus
1261 1465 1318 1504 est
1341 1459 1544 1517 ci‘nyulo.

295 1554 371 1597 Fit
389 1553 618 1597 interdum
637 1556 691 1596 ut
711 1568 768 1596 ex
791 1553 955 1597 delicto
982 1568 1063 1597 suo
1090 1554 1330 1611 priuentur
1349 1554 1517 1597 milites
1538 1553 1727 1597 militiae

234 1623 425 1682 cingulo,
441 1623 490 1666 in
510 1623 581 1667 his
600 1623 796 1667 maxime
816 1623 894 1666 ubi
916 1623 1149 1682 sacrilegia
1169 1625 1526 1668 committuntur.
1573 1624 1728 1668 Veteri

233 1708 428 1751 namque
448 1693 546 1737 iure
566 1696 790 1737 statutum
811 1696 879 1737 est
906 1696 952 1737 et
978 1708 1097 1737 nouo
1124 1709 1215 1737 non
1241 1697 1309 1738 est
1336 1695 1556 1738 abolitum
1575 1698 1630 1739 ut
1650 1695 1728 1753 qui

234 1779 326 1808 non
347 1766 526 1807 seruato
545 1763 734 1807 militiae
754 1767 1033 1807 sacramento
1054 1764 1316 1823 religionem
1332 1780 1468 1823 quam
1489 1766 1729 1824 profitetur
1749 1784 1792 1810 πο

235 1835 474 1893 impugnat
503 1834 672 1892 cinguli
703 1834 940 1878 amissione
973 1834 1204 1879 multetur.
1266 1835 1432 1879 Fertur
1463 1837 1546 1880 hoc
1582 1836 1728 1881 edicto

235 1905 381 1948 Iulius
407 1904 727 1962 compescuisse
750 1905 941 1948 militem
966 1920 1112 1958 suum,
1134 1906 1313 1963 quando
1334 1907 1491 1950 urbem
1515 1907 1730 1966 ingressis

181 1995 183 1998 ·
233 1990 326 2019 non
358 1975 487 2019 licuit
521 1975 724 2019 homines
763 1976 955 2033 spoliare
987 1979 1069 2019 aut
1103 1977 1273 2035 templa
1305 1977 1502 2030 deorum,
1533 1978 1654 2036 quod
1689 1979 1730 2022 ei

234 2045 519 2104 postmodum
547 2046 887 2104 ingrauescente
912 2046 1132 2091 seditione
1152 2047 1504 2106 improperauit;
1533 2049 1730 2093 numini-

237 2155 258 2181 2
284 2144 422 2181 rutilus
447 2143 558 2181 CBA¹
750 2154 783 2191 7,
811 2148 832 2183 8
856 2144 1107 2228 Ῑίιζιῖιεῗὲἓξξῃέἆ
1293 2157 1334 2193 17
1360 2148 1539 2195 priuetur
1561 2150 1671 2188 miles
1687 2149 1730 2186 M

237 2228 281 2264 18
307 2227 569 2264 comittuntur
586 2227 611 2265 S
754 2238 800 2273 24
824 2227 1103 2276 improperauit;
1118 2229 1174 2266 A:
1197 2229 1465 2278 improperant
1486 2231 1554 2269 SM

284 2331 306 2357 2
330 2322 471 2376 [fabius
503 2323 602 2358 etc.:
637 2320 812 2358 Frontin.
843 2323 955 2359 δῖναι.
987 2322 1035 2360 iv.
1074 2333 1088 2360 1
1169 2333 1225 2372 35.
1373 2336 1393 2372 3
1419 2327 1588 2363 uicenos:
1625 2328 1729 2375 apud

235 2367 463 2406 Frontmum
478 2369 585 2407 deest
600 2382 609 2413 ;
625 2382 660 2406 v.
674 2369 966 2407 Gundermanni
979 2371 1099 2418 praef.
1149 2382 1183 2417 7.
1280 2383 1304 2419 4
1321 2374 1425 2410 Idem
1438 2376 1534 2412 etc.:
1553 2375 1730 2414 Frontin.

234 2418 349 2454 Strat.
369 2417 416 2453 iv.
439 2428 452 2454 1
475 2417 493 2465 ᾗ
511 2419 568 2463 36.
664 2419 789 2454 Idem:
815 2420 991 2465 Aquilius
1007 2419 1205 2464 Frontin.:
1232 2419 1272 2457 id
1291 2423 1359 2465 est,
1380 2422 1444 2459 Μ’.
1462 2422 1643 2470 Aquilius
1659 2424 1729 2471 qui

235 2476 337 2502 anno
353 2476 387 2502 a.
405 2464 493 2502 Chr.
518 2476 580 2502 101
602 2465 734 2502 consul
752 2468 845 2510 erat,
865 2469 904 2503 et
922 2479 958 2504 a.
979 2470 1022 2505 88
1038 2468 1280 2506 Mithridatis
1292 2469 1394 2506 iussu
1408 2470 1641 2510 interfectus
1658 2475 1728 2511 est.

235 2522 265 2596 Ξ,
284 2515 432 2568 addixit
445 2515 570 2568 securi
580 2526 588 2550 ι
614 2519 730 2550 securi
742 2518 923 2560 percussit
940 2516 1112 2553 Frontin.
1296 2520 1460 2563 Quintus
1473 2521 1614 2558 Fabius
1629 2523 1705 2559 etc.
1720 2534 1730 2558 z

268 2563 410 2616 rontin.
427 2564 541 2598 Strat.
558 2574 606 2598 lv.
629 2572 644 2599 1
667 2561 685 2608 §
705 2573 763 2607 42.
930 2565 952 2600 6
977 2566 1129 2602 Marcus
1149 2565 1237 2602 Cato
1254 2567 1327 2603 etc.
1345 2579 1465 2614 usque
1482 2569 1532 2605 ad
1549 2571 1728 2607 missum:

235 2609 410 2663 Froptm.
425 2611 535 2646 Strat.
552 2609 600 2646 iv.
619 2619 634 2647 1
657 2609 675 2657 ξ
695 2611 749 2647 16.
849 2612 870 2647 8
895 2613 929 2647 si
946 2613 1159 2659 beniyn-ius:
1184 2616 1219 2650 si
1234 2615 1368 2652 lentius
1385 2615 1563 2653 Frontini
1580 2617 1731 2656 codices

235 2657 415 2695 mehores
432 2658 589 2701 habent,
608 2661 643 2694 si
664 2659 781 2695 leuius
798 2659 1027 2706 deteriores3
1053 2664 1088 2698 si
1110 2663 1229 2698 lenius
1245 2663 1414 2701 coniecit
1431 2664 1593 2712 Lipsius,
1613 2678 1729 2713 quem

238 2705 412 2751 sequitur
429 2705 748 2743 Gundermannus
766 2706 806 2742 in
824 2708 881 2744 ed.
899 2708 1190 2750 Teubneriana:
1214 2710 1282 2748 ubi
1296 2723 1329 2747 v.
1347 2724 1438 2767 app.
1458 2713 1541 2750 crit.

232 2756 441 2800 principis:
469 2754 613 2791 rectius
623 2757 849 2801 principii&
876 2769 908 2792 v.
923 2755 1215 2795 Gundermanni
1231 2771 1320 2806 app.
1335 2763 1422 2798 crit.
1472 2782 1476 2787 ·
1539 2772 1579 2800 11
1605 2763 1731 2800 Iulius

240 2802 352 2838 Cesar
367 2804 464 2839 etc.:
490 2815 523 2839 v.
540 2802 716 2840 Frontin.
733 2805 843 2840 Strat.
861 2803 909 2841 iv.
930 2814 947 2852 5
970 2805 987 2852 ξ
1009 2817 1041 2842 2.
1223 2817 1265 2852 17
1291 2809 1355 2844 Fit
1371 2811 1558 2846 interdum
1573 2812 1667 2848 etc.:
1692 2823 1740 2848 v.-

237 2848 488 2935 ggssigustin.
504 2850 528 2888 i.
551 2861 581 2888 1.
597 2861 631 2897 4.
737 2862 778 2889 21
799 2854 936 2889 Fertur
950 2856 1042 2892 etc.:
1068 2853 1178 2892 Vnde
1194 2855 1291 2894 haec
1307 2856 1563 2906 desumpserit
1579 2858 1729 2904 Noster,

352 2980 396 3015 34
