1846 3262
52 219 135 268 637
156 215 186 257 d
544 214 809 260 IOANNIS
841 213 1366 259 SARESBERIENSIS
1497 215 1611 272 [1,1Β.
1626 223 1698 258 v11

205 339 396 397 posteris
426 338 590 397 quibus
614 337 863 396 gaudemus
890 339 937 380 et
963 336 1183 380 miramur
1206 335 1418 381 inuentis.
1478 336 1701 380 Mundum

205 410 397 453 dimensi
418 412 536 460 sunt,
557 408 701 452 celum
723 407 816 451 suis
836 407 1006 466 regulis
1026 407 1325 459 subiecerunt,
1340 411 1530 452 naturae
1550 407 1702 450 uarias

207 480 397 524 scrutati
437 482 546 523 sunt
589 493 745 523 causas
786 480 832 521 et
872 478 1186 521 uniuersitatis
1227 478 1445 536 Opificem
1485 477 1702 521 defecatis

208 551 402 608 quodam
432 549 565 593 modo
595 551 703 592 sunt
737 548 878 592 0011110
913 548 1216 605 contemplati.
1278 548 1418 602 Quasi
1449 563 1557 606 ergo
1585 547 1702 591 mole

207 621 422 679 gigantea
461 619 667 664 subuecti
708 622 754 662 et
789 619 880 661 iam
920 634 1011 662 non
1048 619 1258 662 humanis
1293 619 1469 662 uiribus
1504 617 1743 668 roboratis

209 691 525 737 intumuerunt
540 690 892 747 indixeruntque
913 689 1081 733 bellum
1102 690 1277 748 gratiae
1293 690 1379 733 Dei
1394 690 1450 733 de
1463 689 1618 748 uigore
1633 703 1704 732 ra·

209 762 348 805 tionis
363 765 410 805 et
424 761 566 805 libero
581 761 736 805 confisi
756 760 956 812 arbitrio,
970 775 1021 804 ac
1042 760 1080 804 si
1101 761 1346 805 secundum
1362 760 1541 804 fabulas
1557 760 1707 803 essent

60 842 143 890 638
164 851 194 880 a
210 832 304 876 celo
323 832 504 890 captiuo
525 831 763 882 uirtutum,
780 831 943 888 quibus
959 831 1271 883 efferebantur,
1283 831 1469 875 brachia
1483 829 1705 874 iniecturi.

210 903 385 946 Deiecti
415 905 524 945 sunt
553 902 706 959 itaque
739 901 848 944 dum
879 901 1196 954 alleuarentur,
1219 906 1265 946 et
1298 903 1497 946 dicentes
1529 916 1576 945 se
1611 913 1707 944 0000

210 973 436 1031 sapientes
467 972 598 1016 stulti
629 971 740 1015 facti
762 974 882 1025 sunt,
904 975 950 1016 et
975 973 1262 1017 obscuratum
1288 977 1357 1017 est
1385 972 1602 1030 insipiens
1628 985 1706 1015 001
1725 987 1770 1014 ιο

211 1059 377 1095 00111111,
390 1045 444 1086 111
465 1043 543 1101 qui
565 1042 717 1086 omnia
742 1041 836 1086 fere
861 1047 1164 1100 pernouerant
1184 1043 1558 1101 perniciosissime
1586 1056 1706 1086 erra-

212 1117 316 1158 rent
355 1114 403 1156 in
443 1113 665 1166 maximis,
705 1116 752 1157 et
797 1113 938 1157 uariis
982 1113 1188 1157 distracti
1229 1114 1516 1172 opinionibus
1569 1113 1708 1156 etiam

212 1183 400 1226 minima
434 1183 707 1242 ignorarent.
780 1182 830 1226 Si
866 1183 939 1227 cui
974 1198 1082 1227 uero
1115 1183 1373 1227 fabularum
1406 1183 1710 1226 instrumenta

210 1254 435 1297 uilescunt
471 1254 594 1310 (licet
628 1256 674 1297 et
706 1253 764 1296 ab
803 1254 932 1297 hoste
967 1254 1115 1298 doceri
1147 1255 1364 1312 sapientis
1398 1254 1576 1298 animus
1615 1267 1708 1296 non

212 1324 443 1375 detrectet,
463 1338 564 1367 cum
585 1323 823 1381 peculiaris
844 1325 1037 1382 populus
1057 1325 1143 1368 Dei
1163 1340 1274 1369 auro
1295 1327 1484 1383 argento
1503 1323 1707 1368 uestibus
1728 1341 1770 1377 15

215 1398 262 1438 et
310 1396 409 1437 toto
449 1394 734 1453 Egiptiorum
784 1398 949 1438 ornatu
999 1396 1323 1454 resplendeat);
1367 1396 1406 1439 si
1455 1394 1709 1453 gentilium,

215 1466 414 1523 inquam,
448 1466 666 1523 figmenta
699 1465 947 1519 uilescunt;
977 1466 1052 1519 010,
1087 1466 1196 1510 dum
1228 1467 1277 1509 in
1311 1479 1469 1523 campo
1505 1464 1710 1508 Sennaar

216 1536 515 1579 fundamenta
540 1535 786 1593 Babylonis
813 1536 922 1580 iacit
951 1536 1172 1594 impietas,
1193 1537 1302 1580 dum
1329 1536 1470 1580 turris
1501 1535 1710 1579 elationis

217 1609 264 1649 et
287 1605 654 1649 contradictionis
678 1606 887 1649 machina
910 1606 959 1649 in
983 1607 1128 1650 celum
1156 1607 1359 1665 erigitur,
1384 1606 1440 1650 de
1466 1605 1560 1649 alto
1581 1619 1709 1663 prae-

168 1680 198 1719 b
217 1676 362 1734 cipitii
377 1691 405 1718 a
420 1676 516 1719 Deo
537 1675 660 1719 facta
675 1678 744 1719 est
764 1676 1022 1734 linguarum
1038 1677 1212 1729 diuisio,
1223 1677 1541 1734 subtractoque
1557 1675 1709 1734 impiis
1729 1692 1774 1718 πο

191 1760 193 1763 ’
217 1747 346 1790 uerbi
365 1747 628 1790 commercio
659 1762 716 1790 ex
742 1748 1007 1792 necessitate
1035 1751 1188 1792 secuta
1219 1750 1288 1792 est
1314 1747 1501 1792 secessio
1524 1747 1710 1805 populo-

217 1832 332 1862 rum.
409 1816 485 1861 Sic
521 1820 568 1861 et
596 1817 852 1875 philosophi
884 1818 993 1861 dum
1033 1818 1204 1877 ingenii
1245 1818 1316 1862 sui
1356 1817 1588 1862 machinas
1628 1831 1710 1860 suo

219 1887 413 1945 quodam
453 1888 729 1931 teomachiae
762 1903 925 1946 genere
960 1888 1008 1931 111
1045 1889 1189 1932 altum
1223 1891 1477 1940 erexerunt,
1509 1888 1574 1932 eis
1604 1902 1712 1932 11010

218 1957 598 2001 incommutabilis
618 1961 664 2001 et
679 1958 976 2002 indeficientis
991 1959 1199 2003 ueritatis
1215 1960 1446 2003 subtracta
1461 1962 1530 2002 est
1543 1959 1711 2012 unitas,

218 2031 265 2072 et
285 2028 567 2086 ignorantiae
588 2028 764 2072 nebulis
788 2029 992 2072 obuoluti
1018 2044 1171 2073 eorum
1197 2045 1312 2088 quae
1335 2029 1395 2074 ab
1422 2044 1515 2073 una
1541 2032 1588 2072 et
1615 2029 1708 2073 sin·
1730 2046 1772 2083 σε

218 2099 366 2158 gulari
393 2099 587 2142 ueritate
607 2113 717 2142 uera
743 2101 862 2151 sunt,
883 2100 1130 2144 maximam
1160 2101 1371 2144 notitiam
1402 2100 1709 2158 perdiderunt,

221 2219 243 2256 7
270 2211 309 2248 et
328 2222 397 2247 om.
415 2209 570 2246 c²BAM
767 2211 810 2248 16
829 2210 1075 2258 egyptiorum
1086 2193 1162 2248 ΒΜ
1339 2213 1382 2249 18
1398 2211 1592 2250 babilonis
1607 2210 1712 2248 Asu

222 2269 268 2296 22
295 2258 527 2306 phylosophi
544 2257 586 2294 M
732 2269 778 2305 23
803 2259 1049 2296 theomachie
1069 2259 1136 2296 BA
1232 2271 1323 2298 uere
1341 2260 1395 2297 eis
1414 2260 1454 2296 M

273 2380 295 2416 3
320 2371 579 2406 uniuersitatis
613 2371 789 2417 Opificem
823 2372 924 2407 etc.:
963 2370 1013 2407 cf.
1047 2370 1124 2408 010.
1151 2373 1195 2408 de
1227 2373 1274 2408 N.
1301 2373 1348 2408 D.
1382 2371 1408 2410 i.
1437 2373 1458 2410 8
1490 2371 1532 2420 ἐξ
1568 2374 1622 2417 18,
1658 2383 1714 2420 19.

225 2419 247 2455 8
272 2420 344 2455 celo
361 2420 507 2465 captiuo
523 2420 598 2456 etc.
615 2429 625 2455 ε
652 2432 684 2455 v.
703 2418 771 2456 Ov.
786 2420 871 2455 Met.
889 2418 914 2455 i.
932 2420 1008 2463 184.
1216 2430 1239 2466 9
1263 2422 1420 2457 dicentes
1435 2422 1508 2458 ete.
1525 2432 1534 2458 τ
1562 2421 1670 2459 Rom.
1687 2421 1716 2459 i.

223 2478 282 2503 22.
474 2477 518 2503 10
541 2467 772 2504 obscuratum
788 2469 860 2504 010.
877 2477 886 2503 :
914 2466 1022 2503 Rom.
1042 2466 1067 2503 i.
1087 2478 1143 2504 21.
1331 2479 1374 2514 14
1399 2469 1445 2504 ab
1461 2470 1559 2505 hoste
1575 2472 1717 2507 doceri:

224 2514 291 2551 Ov.
309 2516 396 2551 Met.
415 2513 463 2551 iV.
480 2516 562 2560 428.
779 2525 819 2563 15
841 2517 1046 2563 peculiaris
1057 2518 1243 2563 populus:
1271 2515 1382 2553 Deut.
1402 2516 1462 2554 vii.
1482 2519 1517 2562 6,
1537 2517 1639 2555 xxvi.
1663 2519 1719 2556 18.

225 2575 316 2599 auro
334 2565 404 2599 etc.
423 2575 430 2598 :
457 2575 489 2598 v.
510 2562 627 2599 Exod.
645 2562 712 2599 xii.
732 2573 790 2610 35,
809 2565 855 2610 36
872 2577 881 2607 3
908 2564 957 2600 cf.
977 2563 1065 2601 Isid.
1086 2565 1226 2609 Quaest.
1246 2566 1288 2601 in
1310 2567 1429 2601 Exod.
1449 2577 1481 2602 c.
1505 2567 1547 2603 16
1567 2565 1717 2614 (Migne
1784 2564 1788 2568 ⁴

224 2612 267 2647 P.
285 2612 328 2647 L.
346 2610 494 2647 lxxxiii.
513 2611 600 2658 295)
618 2613 660 2648 in
676 2624 770 2648 auro
787 2617 821 2648 et
843 2617 992 2658 aryento
1016 2625 1060 2649 ac
1083 2619 1180 2650 ueste
1204 2614 1465 2660 Aeqyptiomm
1489 2615 1719 2660 siymjficatae

226 2664 314 2695 sunt
329 2661 510 2706 quaedam
534 2662 729 2704 doctrinae,
748 2673 840 2707 quae
862 2673 907 2696 ex
928 2662 1011 2707 ipsa
1036 2663 1295 2698 consuetudine
1318 2665 1479 2708 yentium
1496 2675 1571 2698 mm
1588 2664 1720 2699 inutili

227 2708 348 2742 studio
361 2709 566 2744 discuntur.
603 2708 708 2745 Haec
719 2720 765 2746 ex
779 2708 923 2745 Isidoro
934 2708 1058 2745 citant
1069 2709 1248 2746 Rabanus
1259 2709 1416 2746 Maurus
1429 2712 1468 2747 et
1480 2710 1717 2748 Walafridus

230 2754 368 2791 Strabo
385 2756 434 2791 ad
452 2755 579 2793 locum
594 2755 727 2793 Exodi.
748 2769 865 2804 supra
880 2756 1094 2794 laudatum.
1175 2767 1215 2801 17
1242 2759 1284 2793 in
1302 2770 1428 2805 campo
1441 2761 1613 2795 Sennaar
1622 2761 1718 2796 etc.:

229 2815 262 2838 v.
283 2801 378 2856 Gen.
398 2803 448 2838 xi.
472 2814 549 2850 1-9.
638 2815 683 2840 22
708 2806 769 2841 Sic
786 2810 819 2841 et
831 2806 1043 2851 philosophi
1057 2806 1150 2842 etc.:
1177 2804 1233 2842 De
1252 2805 1490 2854 philosophis
1508 2809 1548 2844 et
1565 2807 1719 2845 unitate

230 2853 402 2887 veritatis
424 2853 505 2888 fere
529 2852 662 2889 eadem
683 2852 780 2890 dicit
797 2865 895 2900 quae
919 2854 967 2891 de
989 2854 1195 2892 haereticis
1217 2857 1258 2891 et
1275 2855 1428 2894 unitate
1444 2858 1535 2895 fidei
1552 2858 1720 2896 Isidorus

233 2900 374 2944 Qaaest.
393 2901 434 2935 in
456 2901 545 2937 Gen.
563 2912 595 2938 0.
614 2912 637 2949 9
657 2902 806 2950 (Migne
821 2904 865 2938 P.
882 2904 926 2939 L.
946 2903 1094 2940 lxxxiii.
1115 2913 1194 2950 237,
1212 2904 1311 2951 238).

340 2983 387 3017 94
