1846 3262
27 167 116 216 ι,603
136 175 162 206 c
509 159 772 206 IOANNIS
812 155 1337 203 SARESBERIENSIS
1486 153 1600 216 [ΜΒ.
1616 165 1668 198 vt

180 286 258 344 qui
288 285 428 329 molas
458 287 504 328 et
530 283 661 327 funes
692 281 888 334 ferrent3
923 280 970 322 in
998 279 1144 323 estiua
1171 278 1444 321 exeuntibus
1476 277 1670 336 triginta

181 357 355 400 dierum
396 355 590 399 farinam
629 353 740 397 collo
780 350 951 410 portari
991 349 1244 407 imperauit.
1313 348 1454 392 Gaius
1495 347 1670 391 Marius

180 426 517 471 recidendorum
569 423 987 481 impedimentorum
1039 421 1200 479 gratia,
1253 419 1418 477 quibus
1471 419 1669 462 maxime

183 497 404 541 exercitus
431 510 591 554 agmen
611 496 833 544 oneratur,
857 507 966 536 uasa
993 494 1040 535 et
1069 490 1238 535 cibaria
1267 490 1427 533 militis
1456 490 1505 533 in
1536 489 1669 533 fasci-

182 567 304 611 culos
324 570 480 624 aptata
500 565 639 609 furcis
659 563 926 622 praeposuit,
946 562 1030 606 sub
1050 562 1214 619 quibus
1242 564 1288 604 et
1312 560 1462 604 habile
1483 575 1598 604 onus
1623 562 1670 603 et
1689 576 1708 612 ⁵

183 636 329 681 facilis
358 636 533 694 requies
563 638 703 688 esset3
738 634 857 678 unde
887 632 1176 691 prouerbium
1207 634 1367 675 natum
1399 634 1491 675 est:
1532 630 1670 674 Multi

182 707 348 750 milites
369 706 573 750 Mariani.

242 776 458 820 Lisander
483 775 828 820 Lacedemonius
858 789 1083 833 egressum
1114 774 1192 817 uia
1221 772 1446 831 quendam
1476 771 1669 830 castiga-

183 848 273 891 bat.
334 847 420 891 Cui
460 846 626 891 dicenti
666 845 723 889 ad
763 845 931 889 nullius
971 845 1036 889 rei
1075 845 1282 902 rapinam
1317 859 1364 888 se
1396 843 1455 887 ab
1490 843 1670 902 agmine

184 918 413 962 recessisse
439 916 691 975 respondit:
732 916 802 959 Ne
829 916 1018 974 speciem
1046 915 1226 974 quidem
1251 914 1427 973 rapturi
1453 913 1670 972 praebeas
1690 929 1734 955 ιο

142 993 173 1035 d
187 988 301 1033 uolo.
360 988 546 1031 Publius
589 987 753 1031 Nasica
787 986 835 1030 in
875 987 1101 1044 hybernis,
1133 986 1342 1044 quamuis
1372 985 1526 1029 classis
1560 998 1671 1028 usus

185 1074 277 1103 non
317 1061 432 1102 esset
469 1057 754 1108 necessarius,
783 1072 840 1100 ne
870 1060 1022 1101 tamen
1054 1057 1182 1100 miles
1211 1056 1384 1100 desidia
1413 1069 1671 1114 corrumpe-

184 1132 311 1173 retur
337 1131 418 1172 aut
445 1143 527 1187 per
552 1127 779 1172 licentiam
802 1127 884 1171 otii
910 1127 1040 1172 sociis
1067 1127 1258 1171 inferret
1286 1127 1511 1181 iniuriam,
1531 1140 1672 1170 naues

186 1199 391 1243 edificare
411 1198 623 1242 instituit.

245 1269 370 1312 Idem
391 1283 566 1326 quoque
588 1268 832 1312 Frontinus
852 1268 971 1312 inter
997 1268 1142 1312 multa
1169 1267 1447 1312 constantiae
1475 1266 1672 1326 insignia
1692 1283 1732 1319 15

186 1339 327 1383 refert
347 1339 465 1396 quod
486 1338 695 1383 Cassilini
719 1339 951 1383 obsidente
983 1338 1238 1382 Hannibale
1269 1342 1445 1382 tantam
1473 1338 1672 1396 inopiam

186 1410 382 1468 perpessi
403 1412 510 1453 sunt
530 1411 583 1453 ut
603 1424 774 1453 murem
795 1410 988 1454 ueniisse
1007 1413 1187 1454 centum
1216 1409 1412 1454 denariis
1432 1409 1673 1453 memoriae

186 1480 414 1539 proditum
444 1480 505 1523 sit
535 1480 717 1537 eiusque
746 1481 1027 1524 uenditorem
1057 1480 1178 1524 fame
1208 1480 1404 1539 periisse,
1425 1482 1673 1539 emptorem

186 1553 338 1595 autem
359 1550 526 1594 uixisse
547 1553 593 1594 et
612 1550 660 1593 in
681 1554 811 1595 tanta
831 1552 1042 1610 angustia
1062 1552 1196 1595 fidem
1221 1566 1423 1596 seruasse
1444 1551 1672 1595 Romanis.

188 1620 369 1664 Petilini
393 1635 421 1663 a
441 1620 572 1664 Penis
591 1620 758 1665 obsessi
778 1626 986 1679 parentes
1007 1625 1054 1666 et
1072 1622 1236 1666 liberos
1262 1625 1447 1681 propter
1473 1622 1671 1680 inopiam
1691 1639 1735 1665 20

187 1690 424 1743 eiecerunt,
455 1690 541 1749 ipsi
575 1691 707 1735 coriis
737 1692 1002 1736 madefactis
1034 1696 1081 1737 et
1115 1693 1219 1752 igne
1254 1693 1431 1738 siccatis
1463 1692 1673 1752 foliisque

188 1760 398 1804 arborum
429 1763 474 1805 et
505 1761 627 1804 omni
658 1777 820 1820 genere
855 1763 1118 1806 animalium
1153 1764 1297 1808 uitam
1327 1764 1560 1808 trahentes
1590 1779 1673 1808 un-

34 1834 123 1881 604
143 1841 173 1871 a
189 1831 330 1875 decim
351 1846 522 1875 menses
541 1832 815 1876 obsidionem
836 1833 1155 1878 tolerauerunt.
1215 1834 1410 1892 Hispani
1427 1835 1674 1880 Fabrenses

188 1901 339 1946 omnia
363 1901 516 1945 eadem
543 1903 739 1960 perpessi
770 1906 878 1948 sunt
903 1919 985 1949 nec
1012 1908 1164 1949 tamen
1189 1906 1405 1964 oppidum
1434 1906 1674 1951 Herculeio

186 1971 482 2016 tradiderunt.
542 1972 717 2017 Cizium
736 1988 838 2018 cum
865 1979 1149 2034 oppugnaret
1173 1977 1450 2029 Metridates‚
1469 1978 1673 2036 captiuos
1693 1997 1734 2034 ²5

186 2042 283 2086 eius
302 2042 427 2085 urbis
446 2042 662 2100 produxit
681 2044 966 2103 ostenditque
985 2046 1186 2098 obsessis,
1200 2047 1449 2092 arbitratus
1465 2047 1673 2093 futurum

185 2116 239 2156 ut
259 2112 542 2157 miseratione
562 2127 744 2157 suorum
765 2114 823 2158 ad
843 2115 1116 2161 deditionem
1137 2118 1423 2181 compelleret
1445 2119 1674 2178 opidanos.

189 2226 230 2262 17
257 2217 463 2272 uenisseM
577 2228 634 2263 22,
653 2229 699 2266 23
725 2218 776 2257 xi.
795 2219 836 2256 Μ
957 2231 1004 2268 24
1029 2222 1187 2270 opidum
1203 2223 1238 2261 A
1358 2233 1402 2273 25
1430 2224 1674 2274 obpugnaret

185 2264 215 2303 C
311 2266 524 2303 mitridates
541 2265 574 2302 A
717 2278 761 2314 27
787 2268 1002 2316 oppidanos
1018 2270 1053 2308 A

234 2370 256 2397 2
285 2361 403 2398 Gaius
418 2362 565 2398 Marius
581 2364 652 2400 etc.
670 2373 680 2398 ε
706 2361 881 2400 Frontin.
898 2365 1050 2411 Stratey.
1067 2364 1116 2402 iv.
1137 2376 1152 2403 1
1175 2365 1194 2414 ξ
1215 2375 1248 2412 7.
1406 2368 1430 2405 6
1454 2369 1570 2405 Multi
1581 2381 1591 2406 ε
1618 2368 1673 2408 sic

186 2408 271 2456 (pro
289 2411 395 2450 muli)
414 2412 454 2447 et
479 2409 634 2447 Ioannis
651 2413 689 2448 et
708 2413 767 2451 (ut
784 2414 949 2449 testatur
964 2412 1305 2461 Gundermannus)
1324 2415 1505 2453 Frontini
1522 2417 1675 2456 codices

186 2456 322 2503 optimi
338 2470 346 2500 ;
371 2458 419 2495 de
437 2460 546 2495 mulis
561 2460 748 2496 Marianis
764 2460 813 2497 cf.
833 2460 939 2498 Paul.
958 2461 1067 2499 Diae.
1084 2474 1149 2511 ap.
1168 2463 1270 2501 Fest.
1288 2464 1347 2502 ed.
1365 2465 1542 2503 Mueller.
1559 2478 1600 2514 p.
1615 2477 1675 2513 24.

186 2515 219 2542 2.
238 2508 276 2542 et
294 2517 330 2552 p.
353 2508 430 2551 148.
449 2507 484 2543 6.
593 2509 614 2544 8
638 2509 826 2544 Lisander
840 2512 939 2547 etc.:
967 2510 1141 2548 Frontin.
1159 2513 1313 2560 Stratey.
1331 2512 1381 2549 iv.
1406 2524 1419 2550 1
1443 2513 1461 2561 ξ
1481 2525 1516 2561 9.
1631 2525 1670 2554 ιι

184 2554 338 2608 Publia-3
362 2556 434 2591 etc.
451 2565 461 2590 :
498 2554 670 2592 Frontin.
695 2557 845 2604 Stratey.
871 2557 919 2596 iv.
949 2568 963 2595 1
994 2558 1012 2606 ξ
1045 2570 1057 2596 ι
1067 2568 1098 2607 5.
1296 2562 1340 2599 16
1371 2563 1551 2600 cassilini
1574 2565 1674 2602 eta:

186 2600 359 2638 Frontin.
378 2604 527 2649 Stratey.
545 2604 595 2640 iv.
614 2613 632 2651 5
655 2603 673 2651 ξ
693 2614 750 2640 20.
851 2615 895 2653 19
920 2612 953 2643 et
968 2609 1010 2643 in
1027 2613 1134 2645 tanta
1146 2610 1217 2646 etc.
1232 2621 1241 2646 ε
1260 2611 1378 2655 fidem
1391 2615 1513 2647 tamen
1525 2624 1676 2650 seruare

186 2650 367 2705 Romanis·
371 2658 701 2705 perseuerauerunt
717 2652 936 2691 Frontinus.
1130 2667 1179 2694 20
1203 2659 1356 2694 Petilim‘
1372 2661 1445 2696 etc.
1462 2672 1471 2697 :
1499 2660 1674 2699 Frontin.

186 2697 339 2751 Strateq.
357 2710 404 2736 ιν.
422 2707 439 2745 5
460 2699 501 2754 ᾗῇ
525 2702 577 2755 ιβ,
601 2710 654 2745 19.
727 2748 735 2756 .
863 2714 908 2749 23
934 2704 1162 2742 Rubrenses:
1190 2706 1238 2744 de
1255 2706 1424 2746 lectione
1441 2720 1477 2745 v.
1495 2708 1674 2747 Gunder-

187 2755 322 2780 manm
338 2757 424 2792 app.
442 2749 524 2783 crit.
543 2760 583 2785 ιιι
601 2748 780 2786 Frontmi
797 2749 965 2789 editione
982 2751 1261 2792 Teubneriana.
1388 2766 1434 2801 24
1451 2758 1647 2796 Herculeio
1662 2769 1672 2795 ε

185 2793 371 2851 Hfrfuleio
389 2793 562 2852 Frontin.
659 2808 679 2833 2
685 2806 701 2853 5
734 2799 878 2836 Gizium
894 2801 968 2838 ete.
984 2813 993 2838 :
1019 2800 1193 2840 Frontin.
1208 2804 1362 2851 Strateq.
1379 2803 1429 2842 iv.
1444 2813 1463 2853 5
1482 2805 1525 2854 ἕξ
1541 2803 1674 2854 2ι-Ξ3.

191 2841 358 2878 emaum:
387 2843 553 2889 Gyzecum
570 2843 742 2883 Frontm.

300 2913 343 2947 28
