1846 3262
114 221 192 262 772
212 221 237 252 c
583 211 846 256 IOANNIS
877 211 1394 256 SARESBERIENSIS
1507 211 1619 273 [ΗΒ.
1633 221 1726 257 v111

252 337 458 377 asserunt
479 332 806 390 Peripathetici‚
827 333 911 376 hoc
931 347 1247 390 usquequaque
1268 333 1502 377 indubium
1523 337 1601 385 est,
1622 333 1728 391 quia

204 400 234 440 d
252 404 388 446 nichil
405 403 754 460 expetendorum
771 403 1038 446 aduersatur
1051 403 1249 447 honesto.
1300 403 1562 447 Laudantur
1581 407 1728 448 cetera

251 476 297 516 et
311 488 401 516 non
414 473 677 530 insipienter
687 475 913 530 optantur,
926 475 979 516 ut
999 474 1115 516 bona
1135 473 1349 524 ualitudo,
1369 474 1514 517 clarus
1534 474 1728 532 sanguis,

250 558 398 586 rerum
438 543 575 600 copia,
607 543 685 586 sed
722 543 860 586 nichil
891 543 1079 586 istorum
1115 546 1293 601 turpem
1328 547 1408 586 aut
1442 544 1727 588 inhonestum

249 612 474 655 hominem
510 612 620 656 facit
652 627 746 656 esse
777 613 1058 656 laudabilem.
1118 613 1348 670 Siquidem
1389 613 1443 656 de
1478 614 1728 657 ualitudine
1747 625 1766 659 5

249 683 366 726 bona
401 682 531 733 uires,
564 682 619 725 de
650 682 824 725 uiribus
859 683 1101 736 temeritas,
1132 682 1187 726 de
1218 683 1471 726 temeritate
1500 683 1727 737 uiolentia,

249 753 304 795 de
332 752 548 795 uiolentia
580 752 797 796 stimulus
824 753 1021 805 ultionis,
1041 754 1169 810 quasi
1199 753 1290 797 odii
1325 757 1371 797 et
1400 754 1617 797 bellorum
1647 753 1727 797 fax

248 836 431 865 accensa
479 823 795 874 inflammatur,
845 823 1135 880 sequiturque
1184 823 1383 867 iustitiae
1433 826 1726 881 contemptus,

248 892 398 949 legum
430 893 754 950 praeuaricatio
795 896 841 936 et
875 894 1102 937 concussio
1137 894 1337 951 inquieta
1372 894 1539 952 publici
1569 897 1727 937 status.

247 961 407 1006 Clarus
447 963 629 1020 sanguis
669 963 907 1006 elationem
947 964 1079 1021 parit,
1113 964 1361 1021 potentiam
1401 964 1591 1016 affectat,
1624 979 1726 1008 con-
1746 974 1789 999 ¹0

246 1032 392 1075 culcat
442 1032 687 1084 inferiores,
736 1048 866 1090 pares
925 1034 1213 1091 contempnit,
1262 1034 1510 1091 superiores
1563 1034 1727 1077 habere

247 1101 529 1160 dedignatur,
560 1102 760 1161 loquitur
789 1103 990 1161 grandia,
1021 1106 1144 1147 totus
1171 1106 1317 1147 tumet
1343 1103 1435 1147 alto
1462 1118 1727 1162 magnorum

250 1172 479 1229 sanguine,
528 1176 759 1230 tamquam
810 1173 967 1216 fecerit
1016 1173 1110 1231 ipse
1161 1173 1332 1231 aliquid
1381 1176 1564 1231 propter
1607 1173 1725 1230 quod

105 1248 183 1289 773
202 1249 232 1279 a
249 1241 411 1285 nobilis
445 1257 538 1286 esse
573 1243 744 1294 debeat,
779 1243 849 1286 sui
889 1243 1131 1294 immemor,
1164 1258 1317 1287 eorum
1357 1243 1434 1301 qui
1474 1246 1594 1287 retro
1632 1258 1727 1287 esse

249 1311 462 1355 uidentur
485 1312 765 1356 obliuiscitur
788 1316 834 1356 et
857 1328 904 1357 se
929 1314 976 1356 in
1006 1314 1230 1357 anteriora
1260 1314 1355 1357 sine
1386 1314 1511 1358 cultu
1541 1313 1726 1357 uirtutis
1746 1323 1786 1358 15

248 1381 462 1425 ridiculus
483 1382 691 1426 Trasonis
711 1383 913 1427 imitator
933 1384 1151 1428 extendit.
1212 1383 1369 1442 Inquit
1389 1384 1584 1428 ethicus:

365 1471 485 1514 Malo
514 1475 643 1528 pater
672 1472 756 1515 tibi
786 1473 846 1516 sit
876 1472 1080 1526 Tersites,
1111 1473 1351 1517 dummodo
1379 1477 1432 1517 tu
1461 1473 1522 1517 sis

367 1529 588 1573 Eachidae
618 1531 775 1574 similis
806 1531 1110 1589 Vulcaniaque
1140 1547 1265 1575 arma
1294 1547 1506 1589 capessas,

365 1603 499 1645 quam
529 1592 575 1632 te
605 1589 803 1632 Tersitae
833 1590 1022 1633 similem
1052 1591 1269 1648 producat
1298 1590 1506 1635 Achilles.

249 1680 366 1724 Nolo
390 1683 541 1723 tamen
568 1683 620 1724 ut
646 1681 694 1723 in
721 1681 933 1724 iniuriam
958 1697 1084 1725 suam
1108 1682 1278 1726 dictum
1302 1686 1454 1726 noster
1474 1683 1724 1727 Simonides
1745 1698 1789 1723 πο

248 1751 477 1807 opinetur;
508 1751 654 1794 atauis
674 1751 853 1808 quidem
875 1752 1022 1795 editus
1042 1752 1222 1810 regibus
1241 1755 1287 1796 et
1308 1751 1574 1810 Capitolinis
1593 1767 1724 1811 gene-

249 1820 390 1863 rosior
417 1823 462 1864 et
492 1820 712 1865 Marcellis
740 1824 786 1864 et
812 1821 1018 1865 omnibus
1044 1821 1102 1865 ad
1129 1822 1312 1880 podium
1339 1822 1644 1880 spectantibus
1668 1826 1726 1876 et,

253 1951 267 1978 1
297 1940 581 1989 perypathetici
602 1941 685 1978 cA:
713 1941 968 1990 perypatetici
985 1942 1041 1978 B:
1067 1941 1312 1998 peripatetici
1329 1942 1354 1980 S
1459 1945 1480 1981 8
1505 1943 1728 1982 inflamatur

249 1988 278 2025 C
425 1992 467 2026 18
494 1989 634 2027 Eacide
651 1989 692 2026 M
839 2000 882 2037 19
906 1989 1035 2028 tersiti
1051 1989 1082 2027 Β
1228 2001 1276 2028 20
1299 1990 1342 2028 in
1360 2003 1427 2029 om.
1444 1990 1540 2028 CBA
1679 2002 1723 2030 21

249 2036 392 2074 attauis
407 2036 508 2074 ASM

302 2159 343 2185 12
369 2151 532 2196 loquitur
542 2150 726 2195 yrandia:
752 2148 799 2185 cf.
816 2147 916 2185 Dan.
935 2147 997 2185 vii.
1015 2159 1074 2186 20.
1169 2154 1281 2185 tumet
1296 2150 1369 2186 alto
1387 2152 1481 2205 etc..
1505 2149 1727 2189 v.1uv.Sat.

250 2196 325 2233 viii
346 2207 402 2242 40,
421 2207 478 2241 41.
635 2207 680 2240 14
705 2209 828 2233 eorum
845 2198 909 2243 qui
925 2202 1021 2233 retro
1038 2198 1132 2234 etc.:
1156 2208 1189 2232 v.
1208 2196 1376 2244 Philipp.
1392 2197 1449 2234 iii.
1470 2209 1524 2244 13.
1682 2200 1727 2236 16

254 2246 447 2281 Trasonis:
482 2243 509 2282 i.
520 2256 552 2282 0.
580 2244 718 2281 militis
746 2244 902 2291 gloriosi
930 2244 972 2280 in
999 2245 1179 2281 Eunucho
1207 2244 1390 2299 Terentii,
1424 2245 1471 2283 de
1503 2257 1578 2293 quo
1611 2258 1727 2294 supra.

251 2292 483 2338 saepissime.
630 2301 671 2336 17
697 2294 798 2329 Malo
809 2298 920 2339 pater
935 2293 1030 2329 etc.:
1057 2292 1136 2329 Iuv.
1153 2294 1230 2328 Sat.
1250 2291 1327 2330 viii.
1346 2294 1522 2347 369—271.
1680 2305 1728 2330 20

250 2346 372 2376 noster
392 2342 619 2376 Simonides.
645 2339 840 2394 Incertum
866 2342 925 2377 est
949 2339 998 2376 ad
1023 2351 1136 2385 quem
1161 2339 1229 2376 sub
1255 2339 1408 2378 nomine
1434 2339 1653 2379 Simonidae
1671 2341 1727 2389 (id

252 2389 321 2442 est,
335 2389 379 2424 ut
391 2388 550 2430 videtur,
571 2387 790 2430 simoniaci;
816 2387 864 2425 cf.
881 2390 1112 2434 symonidum
1127 2393 1222 2424 secta
1235 2387 1277 2424 in
1291 2389 1391 2425 Flor.
1406 2390 1516 2434 Hist„
1528 2389 1587 2426 ed.
1602 2389 1727 2426 Luard

251 2434 291 2471 ii.
309 2448 345 2482 p.
366 2435 427 2481 27)
453 2435 639 2482 respicere
663 2435 757 2472 velit
780 2435 950 2472 Ioannes.
999 2434 1054 2472 De
1080 2434 1231 2482 Nigello
1256 2435 1432 2483 episcopo
1457 2417 1602 2474 Eliensi
1626 2436 1727 2492 cogi-

251 2485 333 2520 tare
350 2482 465 2526 licet;
490 2483 628 2530 dequo
646 2483 730 2519 vide
740 2483 867 2519 Nostri
879 2485 975 2529 Epp.
997 2493 1051 2527 14,
1067 2493 1123 2528 30,
1138 2494 1193 2528 31,
1211 2484 1265 2529 56,
1277 2495 1439 2529 quorum
1456 2486 1587 2539 tamen
1603 2484 1727 2531 prima

253 2533 295 2567 et
314 2533 373 2576 (ut
390 2530 555 2572 videtur)
555 2496 714 2567 qultima
729 2530 939 2567 Theobaldi
963 2529 1242 2586 archiepiscopi
1267 2530 1422 2568 nomine
1448 2531 1583 2568 missae
1609 2534 1724 2578 sunt3

253 2578 303 2614 cf.
329 2577 364 2616 J.
390 2578 438 2615 H.
464 2579 599 2615 Round
616 2580 713 2614 Dict.
739 2580 783 2625 of
798 2580 884 2615 Nat.
909 2580 1011 2624 Bioq.
1038 2577 1103 2614 xli.
1130 2580 1176 2615 61
1191 2590 1268 2633 seq.
1318 2578 1391 2616 Sed
1415 2578 1603 2616 nonnulla
1626 2590 1725 2626 quae

251 2625 370 2663 habet
394 2626 557 2663 Ioannes
582 2626 685 2662 haud
709 2626 808 2663 bene
831 2626 880 2662 ad
904 2591 1098 2672 Nigellum
1121 2625 1312 2680 pertinere
1337 2626 1521 2663 videntur.
1678 2637 1721 2664 21

251 2675 376 2709 atauis
400 2676 496 2710 etc.·
521 2686 553 2710 v.
570 2674 663 2710 Hor.
684 2675 805 2710 Carm.
825 2673 849 2709 i.
871 2684 900 2710 1.
923 2685 963 2716 13
989 2674 1038 2710 cf.
1058 2685 1174 2720 supra
1197 2673 1246 2710 ad
1271 2673 1319 2710 vi
1341 2684 1384 2719 19
1410 2675 1493 2720 617
1507 2674 1562 2720 Β)
1611 2674 1724 2712 Hunc

250 2720 474 2757 versiculum
492 2722 619 2767 (quem
637 2720 755 2758 etiam
773 2721 868 2758 citat
883 2721 1118 2775 Augustinus
1134 2722 1178 2756 de
1193 2722 1335 2757 Musica
1352 2734 1385 2757 ν.
1406 2723 1429 2759 6
1446 2720 1465 2769 ξ
1487 2732 1603 2768 12,13
1622 2721 1640 2769 ξ
1655 2731 1725 2767 27;

252 2767 335 2815 Mig
336 2780 384 2804 ne
412 2771 456 2804 P.
482 2771 525 2806 L.
562 2768 680 2805 xxxii.
711 2778 810 2815 1153,
840 2770 944 2816 1161)
980 2768 1022 2805 in
1056 2768 1190 2806 florum
1229 2768 1457 2807 collectione
1489 2770 1618 2807 nescio
1650 2781 1726 2824 qua

250 2781 380 2861 legere
397 2818 549 2862 poterat
565 2817 728 2855 Ioannes
741 2818 881 2854 noster.
1038 2822 1072 2853 et
1092 2817 1312 2863 Capitolinis
1327 2818 1420 2854 etc.:
1445 2829 1479 2854 v.
1497 2817 1573 2854 Iuv.
1589 2818 1666 2854 Sat.
1684 2816 1725 2854 ιι.

254 2871 427 2909 145-147-

365 2933 429 2977 33⁶
