1846 3262
132 238 236 272 oar.
252 226 335 289 xx]
650 229 1091 275 POLICRATICVS
1624 233 1713 282 689
1734 243 1763 272 a

133 349 342 394 ciuilibus
361 350 687 408 praeferendas.
738 352 835 396 Has
851 353 1089 396 Anacarsis
1106 352 1282 397 Cithica
1300 352 1403 396 telis
1422 368 1611 397 araneae

134 421 424 479 comparauit,
449 437 563 479 quae
592 437 768 467 muscas
796 427 843 466 et
869 423 1029 467 culices
1059 423 1274 476 detinent,
1302 423 1379 467 sed
1408 423 1613 467 uolatilia

133 492 452 535 transmittunt
491 493 754 551 grandiora3
807 494 870 538 sic
909 498 955 537 et
994 494 1094 537 iura
1133 494 1284 537 ciuilia
1323 494 1613 537 humiliorum

133 562 386 620 reprimunt
420 563 688 613 uoluntates,
725 564 802 608 sed
837 564 1037 622 profecto
1073 564 1399 622 potentioribus
1437 565 1613 608 cedunt.

98 647 119 681 5
138 631 256 676 Nam
286 648 344 676 ex
372 634 723 692 transgressione
750 634 823 678 uel
850 638 1109 692 contemptu
1136 634 1404 693 legittimam
1431 635 1495 679 eis
1524 650 1615 678 non

135 702 340 762 irrogant
373 718 547 761 penam,
582 704 659 747 sed
694 719 774 748 nec
810 704 1116 762 interpellatos
1147 704 1327 762 quidem
1362 708 1495 748 cauta
1526 705 1614 748 dis-

136 773 421 817 simulatione
449 777 747 831 praetereunt.
808 775 880 817 Ad
904 775 1012 818 haec
1038 775 1289 832 conquisita
1318 778 1615 833 tyrannorum
1632 785 1662 824 b

138 843 343 902 exempla
373 848 641 902 proponunt,
671 845 834 902 quibus
862 845 1162 902 persuadeant
1191 846 1488 903 potestatibus
1517 846 1616 888 uni-

138 928 269 957 uersa
299 914 443 957 licere.
504 914 701 957 Maxime
739 918 891 957 tamen
926 915 1067 958 sicubi
1103 916 1299 959 locorum
1334 915 1506 959 fuerint
1538 916 1618 959 ubi

80 999 123 1025 10
138 985 392 1028 inueterata
416 984 690 1027 consuetudo
713 985 927 1042 optineat,
947 984 1084 1028 etiam
1112 985 1151 1028 si
1170 985 1336 1029 rationi
1356 985 1621 1029 aduersetur

137 1058 220 1098 aut
252 1054 353 1112 legi.
425 1054 628 1097 Narrant
663 1053 763 1111 quis
793 1054 1001 1098 tirannus
1036 1055 1327 1099 domesticum
1367 1070 1499 1099 suum
1539 1059 1621 1100 aut

138 1124 414 1168 familiarem
426 1124 475 1166 in
495 1138 629 1181 quam
650 1124 876 1168 eeclesiam
901 1125 998 1168 sine
1022 1124 1235 1168 electione
1253 1125 1499 1177 intruserit,
1520 1126 1620 1183 quis

137 1194 306 1239 clerum
349 1197 403 1238 ut
441 1195 647 1251 ignotum
693 1199 739 1238 et
776 1194 1012 1253 indignum
1059 1195 1243 1253 eligeret
1285 1195 1531 1239 terroribus
1575 1199 1621 1239 et

138 1265 315 1309 damnis
353 1264 594 1322 impulerit,
634 1265 735 1322 quis
774 1265 1015 1308 Ecclesiam
1055 1265 1141 1308 Dei
1171 1265 1427 1309 uendiderit
1459 1266 1620 1323 palam,

82 1349 123 1384 15
141 1336 243 1395 quis
274 1335 668 1393 metropolitanum
700 1335 965 1393 compulerit
996 1335 1320 1393 reprobabilem
1354 1350 1621 1386 consecrare,

142 1407 244 1466 quis
263 1406 489 1465 episcopos
508 1406 738 1464 religiosos
757 1406 806 1449 in
826 1407 1011 1450 exilium
1033 1406 1174 1465 egerit
1195 1408 1275 1449 aut
1295 1409 1418 1450 actos
1437 1406 1495 1449 ab
1522 1406 1623 1449 aliis

141 1477 337 1536 coegerit
370 1477 564 1530 exulare,
596 1476 696 1534 quis
731 1476 971 1521 Ecclesiam
1006 1480 1053 1521 et
1086 1492 1157 1520 res
1188 1491 1334 1520 sacras
1368 1476 1624 1520 onerauerit

141 1547 403 1591 muneribus
434 1547 636 1598 sordidis,
672 1547 772 1604 quis
806 1548 1005 1606 indignis
1038 1547 1269 1605 suppliciis
1307 1546 1489 1590 torserit
1520 1546 1623 1589 reli·

142 1619 302 1677 giosos,
331 1618 432 1675 quis
464 1617 754 1675 uilipenderit
782 1621 828 1661 et
857 1617 1210 1675 pessumdederit
1236 1617 1417 1670 clerum,
1447 1617 1548 1674 quis
1575 1616 1623 1659 in
1641 1630 1666 1660 c

84 1699 129 1725 ²0
144 1689 398 1748 prouincias
419 1688 651 1732 induxerit
674 1687 814 1732 ferale
839 1688 1078 1739 iustitium,
1098 1688 1199 1745 quis
1222 1687 1342 1746 leges
1366 1690 1412 1731 et
1435 1702 1625 1731 canones

144 1760 514 1804 exterminauerit
558 1775 587 1803 a
630 1759 797 1802 finibus
841 1758 945 1810 suis,
989 1758 1090 1815 quis
1135 1758 1352 1802 indixerit
1396 1757 1625 1801 silentium

143 1830 362 1889 episcopis
386 1832 440 1873 ut
466 1829 652 1887 quaeuis
673 1829 849 1888 flagitia
871 1829 1053 1887 impune
1077 1832 1124 1872 et
1150 1828 1246 1872 sine
1272 1828 1367 1871 ulla
1389 1828 1625 1886 reprehen-

148 1952 164 1980 1
192 1941 356 1980 scithica
372 1941 441 1979 SM
531 1951 549 1988 5
575 1939 791 1987 legitimam
805 1938 840 1976 A
926 1939 950 1976 6
974 1937 1244 1985 interpellatus
1260 1937 1335 1973 AM
1435 1948 1474 1975 11
1502 1939 1629 1985 tymn-

145 2001 218 2027 nus
233 1990 324 2028 GSA
447 1998 492 2036 14
516 1987 693 2036 dampnis
710 1987 771 2024 AS
916 1988 961 2024 16
985 1986 1080 2024 alios
1097 1986 1128 2022 B

197 2097 213 2123 1
232 2087 437 2123 Anaoarsis
451 2086 549 2122 etc.:
585 2096 619 2122 v.
645 2082 732 2120 Val.
754 2081 855 2118 Max.
877 2080 942 2117 vii.
968 2091 1002 2117 2.
1025 2083 1101 2118 ext.
1131 2091 1186 2125 14.
1236 2080 1293 2117 Cf.
1321 2080 1478 2117 Ioannis
1506 2079 1629 2116 nostri

146 2135 218 2182 Ep.
251 2136 331 2179 184,
356 2133 407 2170 ad
435 2132 749 2169 Bartholomeum
781 2129 1014 2177 Episcopum
1049 2128 1314 2174 Exonienaem,
1342 2130 1382 2165 et
1414 2129 1560 2165 Enthet.
1586 2130 1629 2164 de

148 2185 276 2229 Doym.
292 2183 429 2218 Philas.
450 2190 540 2227 1523
552 2191 656 2226 seqq.
706 2177 854 2225 (Migne
870 2179 913 2214 P.
929 2178 973 2213 L.
990 2176 1110 2214 cxcix.
1133 2185 1251 2231 19q1>‚
1272 2185 1342 2222 997
1351 2177 1415 2230 p).
1585 2185 1626 2213 11

147 2233 231 2278 quis
256 2232 429 2266 tirannus
457 2231 530 2266 etc.
547 2241 556 2264 τ
593 2228 652 2263 Ad
680 2226 916 2273 Stephanum
944 2236 1075 2272 regem
1107 2236 1296 2271 resplcere
1324 2224 1504 2260 Videntur
1531 2235 1629 2270 quae

148 2279 385 2325 sequuntur3
409 2277 459 2313 cf.
482 2277 579 2314 Gest.
596 2276 716 2322 Steph.
735 2274 793 2311 ed.
811 2273 982 2310 Howlett
998 2285 1062 2319 pp.
1082 2282 1126 2316 47
1142 2284 1246 2318 seqq.
1481 2280 1521 2318 15
1548 2274 1631 2319 quis

149 2327 463 2372 metropolitanum
480 2326 554 2361 etc.
569 2336 579 2360 τ
605 2335 638 2360 v.
656 2322 763 2358 will.
781 2322 829 2358 de
849 2321 1074 2367 Novoburgo
1090 2319 1117 2356 i.
1138 2322 1185 2357 26
1203 2319 1277 2366 (ed.
1299 2319 1469 2356 Howlett
1486 2331 1526 2366 p.
1543 2321 1606 2365 78)
1621 2332 1631 2362 ;

151 2375 333 2421 Desundo
353 2374 517 2409 Wilelmo
533 2374 576 2408 de
588 2373 722 2408 Sancta
734 2372 905 2406 Barbara
919 2370 1159 2405 Dunezmensi
1175 2370 1337 2414 episcopo
1353 2370 1437 2404 uiro
1453 2369 1630 2414 νοῑίρίρεο,

150 2424 259 2468 Huqo
274 2422 512 2458 Ebomcensn's
525 2421 689 2456 eeclesiae
705 2419 958 2454 thesaurufius
967 2422 1119 2462 propter
1138 2417 1361 2452 nobilitatem
1381 2417 1536 2461 yenem's,
1554 2421 1632 2452 erat

150 2467 988 2556 ggwgwmwregoeffgggnmi.
835 2466 886 2501 ‘²⁰²
905 2465 1471 2558 fflfflffimmmffims.
1467 2464 1631 2548 ‘mi

151 2546 450 2612 mauisephoopi
460 2564 642 2610 spedabat
653 2563 882 2604 consecratio,
888 2562 1095 2607 plur-‘mum
1105 2561 1296 2603 obnitente,
1308 2565 1413 2606 atque
1423 2561 1632 2595 obtendente

152 2621 187 2652 et
203 2616 326 2650 minus
340 2613 553 2649 canonicam
570 2612 670 2647 electi
685 2614 847 2652 aetatem,
864 2614 898 2644 et
913 2610 1037 2644 minus
1047 2609 1241 2654 probatam
1255 2619 1397 2644 morum
1406 2609 1631 2653 gravitatem.

153 2663 268 2700 Hunc
284 2661 487 2708 Hugonem
503 2660 550 2696 de
567 2659 734 2696 Puteaco
749 2657 906 2694 tandem
922 2656 972 2692 ab
987 2655 1188 2692 Anastasio
1204 2655 1258 2692 IV
1269 2657 1534 2692 consecratum
1550 2666 1631 2693 esse

153 2722 245 2748 mox
260 2709 379 2747 refert
394 2708 498 2745 idem
513 2705 853 2754 historiographus.
889 2703 1060 2740 Eandem
1073 2715 1154 2741 rem
1166 2702 1288 2739 fusius
1296 2705 1429 2740 narrat
1438 2701 1632 2740 Galfridus

154 2760 203 2796 de
219 2756 476 2804 Coldingham
486 2768 541 2793 cc.
555 2765 621 2801 1-3
636 2755 713 2808 (ap.
728 2753 855 2808 Raine
862 2753 1285 2807 Hist312pnelm3Scp'pt.
1303 2752 1378 2787 III.
1390 2762 1456 2798 pp.
1468 2762 1490 2798 3
1500 2750 1632 2806 seqq).

155 2818 205 2845 20
218 2807 342 2852 ferale
366 2806 573 2841 iustitium:
598 2802 625 2839 i.
635 2814 667 2840 e.
695 2813 791 2838 iuris
817 2801 973 2837 dicendi
1000 2802 1232 2837 intermissio
1264 2799 1416 2836 funesta
1442 2799 1567 2845 quahs
1589 2810 1633 2835 m

154 2854 299 2902 Anglia
321 2852 527 2891 exsistebat
550 2851 642 2888 dum
665 2850 822 2887 nomine
845 2851 960 2886 tenus
983 2859 1113 2903 regem
1136 2847 1375 2902 Stepbanum
1398 2846 1568 2885 habebat
1590 2850 1633 2885 at

155 2914 286 2940 revera
301 2902 449 2950 ἄναρχος
466 2902 562 2938 erat.
657 2900 739 2946 quis
756 2900 847 2945 {eyes
862 2899 963 2934 etc.:
990 2895 1039 2933 cf.
1056 2895 1160 2933 infra
1173 2907 1251 2933 vm.
1269 2905 1315 2932 22
1334 2896 1420 2943 (808
1430 2896 1489 2942 n).

1458 2969 1521 3013 187
