1846 3262
132 235 235 270 cn.
248 222 364 285 vm]
659 220 1105 267 POLICRATICVS
1643 220 1719 270 651
1740 228 1766 258 c

132 344 249 389 uelle
278 345 434 389 uiuere
462 347 517 388 ut
546 344 730 388 ederent
759 346 806 387 et
834 343 1064 395 biberent3
1106 356 1154 386 se
1183 341 1335 385 bibere
1362 343 1498 398 atque
1531 354 1626 383 esse

132 418 188 459 ut
218 415 406 460 uiueret.
467 415 621 458 Vnum
651 414 795 472 igitur
828 415 875 457 et
904 413 1131 472 singulare
1163 426 1388 456 summum
1423 410 1626 455 omnium

133 485 354 530 bonorum
381 485 617 529 beatitudo
650 487 730 535 est,
758 484 836 527 sed
866 484 925 527 ab
957 498 1009 527 6ο
1040 486 1108 527 est
1139 482 1265 526 aliud
1298 481 1626 540 quodammodo

133 557 416 614 quorundam
451 556 687 600 collatione
723 569 949 598 summum
985 556 1031 597 et
1063 568 1115 597 eo
1151 553 1248 610 ipso
1279 552 1485 610 superius
1524 551 1625 595 aliis
1643 553 1673 595 d

95 644 116 679 5
135 626 255 684 quod
275 626 333 670 ad
353 627 478 678 illud,
499 626 620 684 quod
646 640 752 669 uere
772 624 1063 683 singulariter
1084 626 1130 667 et
1149 623 1280 667 unice
1300 638 1524 666 summum
1546 625 1627 674 est,

134 696 404 741 familiarius
428 697 610 741 accedit.
671 695 882 740 Ceterum
910 694 969 737 ad
995 694 1201 737 neutrius
1227 693 1627 751 apprehensionem

133 768 222 812 nisi
243 768 526 826 philosophia
545 767 656 811 (11166
677 767 872 809 humana
892 764 1133 808 infirmitas
1152 764 1433 808 conualescit.
1496 763 1627 818 Quis-

135 838 237 896 quis
257 838 376 882 enim
397 838 494 882 sine
524 853 577 881 ea
607 837 666 880 ad
691 835 987 880 beatitudinis
1013 834 1136 878 uiam
1163 834 1323 887 tendit,
1344 834 1473 891 quasi
1499 848 1628 878 cecus

135 908 185 952 in
219 909 392 953 lubrico
425 908 614 952 tendens
649 907 708 950 ad
742 906 837 949 alta
871 908 1270 963 praesumptuosus
1305 904 1439 949 cadit.
1496 904 1628 948 Vnde

77 997 120 1023 ιο
137 993 236 1023 eam
285 979 544 1022 diuinarum
590 981 637 1021 et
681 977 983 1020 humanarum
1032 990 1183 1018 rerum
1232 978 1483 1033 compotem
1533 989 1628 1018 esse

137 1047 372 1107 Crisippus
406 1048 611 1099 asseruit,
630 1062 712 1091 nec
746 1061 962 1104 umquam
998 1045 1109 1089 satis
1143 1060 1272 1103 posse
1303 1046 1480 1088 laudari
1515 1060 1630 1103 quae

135 1119 252 1164 uitia
283 1119 480 1178 expellit,
510 1119 706 1162 uirtutes
740 1117 939 1161 ostendit
975 1118 1021 1160 et
1053 1115 1239 1169 confert,
1267 1118 1314 1159 et
1348 1115 1396 1158 in
1431 1116 1632 1158 humana

135 1190 400 1233 infirmitate
448 1189 651 1233 diuinam
701 1186 1029 1246 quodammodo
1073 1189 1254 1243 reparat
1302 1186 1628 1244 integritatem.

137 1259 209 1312 Et,
240 1263 294 1304 ut
324 1274 504 1303 sensum
536 1274 668 1303 suum
703 1257 958 1316 expressius
989 1256 1203 1315 proferat,
1232 1270 1386 1300 omnes
1422 1255 1499 1313 qui
1536 1269 1628 1298 non

78 1350 120 1387 15
137 1331 196 1375 ab
215 1331 295 1374 illa
318 1330 392 1374 uel
411 1330 470 1374 ad
493 1330 618 1373 illam
638 1329 834 1387 uigilant
857 1327 992 1386 (quod
1016 1330 1170 1371 tamen
1193 1326 1251 1370 ab
1271 1326 1350 1370 illa
1373 1326 1460 1384 est)
1481 1325 1629 1369 brutis

137 1401 408 1446 animalibus
423 1400 535 1444 dicit
554 1415 648 1444 esse
669 1398 932 1449 conformes,
948 1398 1086 1441 immo
1107 1400 1153 1441 et
1178 1397 1451 1455 stupendum
1472 1399 1629 1440 contra
1647 1400 1730 1449 652
1751 1410 1782 1439 a

137 1474 348 1516 naturam
368 1470 634 1515 miraculum
663 1470 711 1512 in
730 1468 990 1527 corporibus
1014 1467 1224 1511 humanis
1250 1468 1408 1511 brutos
1427 1466 1629 1510 homines

139 1556 244 1586 esse.
304 1541 411 1585 Tria
437 1555 546 1584 uero
575 1555 742 1599 genera
770 1539 1003 1582 hominum
1031 1538 1108 1595 qui
1139 1537 1341 1582 homines
1366 1540 1474 1580 sunt
1501 1536 1631 1592 (alios

139 1613 259 1656 enim
275 1612 433 1656 brutos
453 1611 582 1670 dicit)
603 1626 696 1654 esse
717 1610 922 1655 asseruit.
980 1608 1074 1652 Alii
1102 1608 1222 1652 enim
1242 1608 1333 1652 iam
1353 1607 1631 1652 iocunditate

78 1700 125 1726 πο
141 1683 388 1742 sapientiae
406 1681 717 1740 perfruuntur,
737 1683 783 1724 et
809 1680 875 1723 hii
902 1679 1127 1737 sapientes
1154 1681 1284 1732 sunt3
1314 1678 1392 1722 alii
1413 1678 1632 1722 accedunt

141 1756 196 1797 ut
225 1752 450 1805 fruantur,
480 1755 526 1796 et
556 1752 622 1795 hii
651 1754 760 1795 sunt
788 1750 1069 1809 philosophi3
1098 1749 1176 1792 alii
1207 1748 1443 1806 adspirant
1472 1748 1530 1791 ad
1560 1762 1632 1791 ac-

139 1822 398 1874 cedendum,
439 1822 608 1866 scilicet
647 1821 725 1879 qui
765 1820 966 1864 nondum
1008 1821 1116 1863 sunt
1156 1822 1202 1863 et
1242 1834 1336 1862 esse
1377 1818 1632 1876 philosophi

140 1893 470 1951 concupiscunt.
548 1891 739 1936 Constat
789 1891 908 1935 enim
958 1904 1052 1933 esse
1102 1904 1237 1947 quam
1286 1889 1504 1947 plurimos
1555 1889 1633 1946 qui

140 1963 342 2007 nondum
381 1962 757 2020 philosophantur
796 1963 842 2004 et
881 1960 1025 2003 uitam
1065 1959 1433 2018 philosophorum
1468 1959 1507 2002 si
1541 1973 1633 2002 non

83 2051 127 2086 25
143 2047 287 2091 opere,
319 2032 478 2076 saltem
511 2031 731 2075 desiderio
763 2030 1031 2074 emulantur.
1096 2029 1192 2087 Ego
1227 2028 1497 2072 sententiam
1537 2028 1633 2072 eius

141 2105 272 2147 tanto
307 2102 505 2147 securius
536 2101 746 2160 approbo,
778 2103 948 2158 quanto
983 2115 1081 2143 eam
1117 2099 1253 2142 michi
1288 2099 1443 2142 uidere
1477 2099 1635 2142 uideor

142 2173 287 2217 sancti
323 2173 521 2230 Spiritus
561 2171 830 2216 auctoritate
875 2170 1128 2223 subnixam,
1165 2169 1340 2212 dicente
1390 2169 1633 2226 propheta:

143 2242 415 2301 Concupiuit
455 2242 606 2285 anima
644 2256 745 2284 mea
784 2240 1036 2284 desiderare
1068 2239 1409 2282 iustificationes
1443 2242 1546 2281 tuas
1586 2238 1634 2280 111

143 2312 266 2356 0111111
305 2316 517 2370 tempore.
599 2311 655 2354 In
697 2325 785 2368 quo
831 2310 967 2354 michi
1010 2314 1102 2353 tres
1146 2308 1412 2366 praemissos
1455 2307 1633 2351 ordines
1649 2307 1680 2347 b

84 2399 128 2434 30
143 2381 382 2426 manifeste
401 2382 584 2425 uidetur
610 2380 889 2438 expressisse.
951 2378 1066 2423 Cum
1092 2379 1211 2422 enim
1238 2378 1366 2420 Plato
1387 2377 1634 2434 sapientem

144 2453 267 2497 dicat
301 2467 395 2496 esse
429 2452 646 2495 cultorem
680 2450 778 2502 Dei,
812 2450 912 2508 quis
942 2449 1058 2492 alius
1093 2447 1326 2491 habendus
1359 2450 1428 2491 est
1457 2447 1635 2505 sapiens

145 2601 195 2629 20
216 2589 260 2627 hi
276 2589 352 2625 AM
369 2588 373 2594 “
498 2598 541 2626 21
568 2587 611 2625 hi
627 2587 703 2624 AM
846 2598 895 2633 24
919 2586 1251 2635 phylosophantur
1267 2585 1308 2622 M

197 2725 244 2752 10
266 2716 487 2750 diuinarum
497 2714 568 2749 etc.
582 2725 590 2748 :
608 2710 826 2749 Marcianus
838 2710 880 2747 in
894 2712 977 2757 Diq.
991 2709 1017 2747 i.
1034 2721 1066 2757 3.
1081 2721 1103 2747 2
1117 2707 1318 2756 Chrysippi
1332 2708 1378 2746 de
1391 2708 1478 2756 lege
1487 2707 1636 2745 dictum

147 2774 229 2800 non
242 2761 426 2799 dissimile
438 2760 534 2798 citat
548 2773 557 2804 ς
577 2760 726 2806 reliqua
737 2771 834 2806 quae
848 2759 973 2797 eidem
987 2757 1199 2805 Chrysippo
1210 2756 1404 2802 attribuit,
1419 2759 1462 2792 ut
1473 2755 1636 2800 videtur,

148 2811 312 2848 Ioannes
324 2811 463 2853 noster,
477 2820 666 2855 nusquam
683 2807 777 2845 alibi
794 2807 960 2855 reperire
977 2806 1088 2854 potui
1101 2820 1110 2849 ;
1135 2804 1320 2852 suspicari
1332 2804 1428 2842 licet
1441 2817 1486 2842 ea
1499 2815 1547 2841 ex
1556 2803 1634 2841 Cic.

148 2861 194 2896 de
208 2861 296 2904 Rep.
314 2857 424 2894 libris
440 2857 643 2903 desumpta
659 2867 749 2894 esse.
926 2857 970 2892 28
999 2856 1219 2901 Goncupiuit
1235 2856 1331 2890 etc.:
1357 2853 1415 2889 Ps.
1434 2851 1560 2890 cxviii.
1578 2863 1636 2890 20.

147 2917 198 2954 30
221 2908 328 2943 Plato
345 2908 439 2943 etc.:
465 2918 498 2942 v.
515 2905 612 2952 Aug.
630 2906 673 2941 de
692 2906 730 2942 C.
750 2905 798 2941 D.
815 2902 895 2941 viii.
915 2912 947 2952 5.
965 2905 1000 2951 8,
1022 2914 1060 2941 11
1078 2915 1088 2948 ;
1113 2903 1162 2940 cf.
1179 2901 1285 2939 infra
1301 2913 1332 2939 6.
1355 2911 1395 2939 11
1419 2901 1499 2948 (661
1515 2901 1570 2947 Β).

1462 2981 1527 3018 119
