1846 3262
78 216 191 257 712c
531 204 795 251 IOANNIS
836 203 1359 249 SARESBERIENSIS
1464 203 1579 266 [1,113.
1592 214 1686 248 vm

205 333 252 373 et
291 332 420 372 tanto
454 328 599 385 magis
635 327 859 370 exteriora
889 326 1008 369 bona
1041 325 1227 383 adipisci
1260 326 1485 370 desiderat
1519 327 1690 384 quanto

204 400 420 458 gaudium
461 414 551 441 non
591 398 729 440 habet
775 397 833 440 ad
878 396 997 454 quod
1037 396 1306 440 intrinsecus
1345 400 1558 442 recurrat.
1631 396 1691 440 Et

206 470 386 527 quidem
408 469 586 526 singula
606 483 759 511 eorum
784 482 890 510 suae
910 467 1122 524 perniciei
1142 467 1336 510 afferunt
1356 467 1568 518 fructum,
1588 481 1690 511 cum

206 540 353 583 inanis
391 539 536 597 gloria
577 538 734 589 Deum,
775 537 950 580 inuidia
995 537 1263 595 proximum,
1310 537 1379 580 ira
1422 537 1602 580 auferat
1645 539 1692 580 et

206 611 425 667 seipsum3
475 609 665 653 tristitia
704 608 853 652 solatii
893 609 946 651 fit
987 608 1147 666 ignara
1159 622 1169 660 3
1219 608 1424 659 auaritia,
1464 607 1572 650 dum
1611 621 1692 665 per
1709 622 1729 655 5

207 680 432 723 exteriora
462 682 668 737 uagatur,
699 679 934 722 edacitatis
969 693 1076 722 suae
1105 681 1359 722 maceratur
1388 677 1567 721 ieiunio.
1631 677 1693 720 Vt

207 766 315 794 uero
344 750 502 793 maciei
537 765 643 793 suae
677 749 975 807 indigentiam
1007 749 1199 806 expleat,
1229 748 1481 806 prolabitur
1512 748 1570 791 ad
1605 746 1694 790 duo

206 821 354 865 carnis
384 821 501 863 uitia
532 835 647 877 quae
685 823 946 877 sequuntur.
1006 819 1062 861 In
1102 819 1265 876 quibus
1304 818 1447 876 liquet
1487 817 1607 875 quod
1638 817 1694 860 de

208 891 381 935 uentris
401 891 604 949 ingluuie
624 891 807 933 luxuria
826 890 1038 942 nascitur,
1058 890 1166 932 dum
1187 890 1235 932 in
1258 889 1356 947 ipsa
1377 888 1695 932 distributione

208 962 508 1005 membrorum
526 961 676 1005 uentri
691 961 908 1019 genitalia
929 961 1172 1004 uideantur
1192 975 1286 1004 esse
1303 960 1516 1003 subnexa.
1565 958 1695 1002 Vnde
1714 976 1758 1000 10

163 1034 191 1074 d
210 1033 317 1076 dum
348 1048 489 1076 unum
517 1032 772 1075 inordinate
798 1032 1009 1083 reficitur,
1038 1031 1161 1074 aliud
1188 1030 1481 1088 proculdubio
1508 1029 1566 1073 ad
1593 1044 1694 1073 con-

210 1103 419 1146 tumelias
469 1102 704 1146 excitatur.
767 1102 892 1146 Haec
943 1102 1123 1159 quidem
1174 1101 1428 1159 Gregorius,
1478 1101 1568 1144 imo
1617 1115 1697 1159 per

211 1173 478 1230 Gregorium
511 1172 710 1230 Spiritus
745 1175 937 1215 sanctus.
1011 1172 1081 1214 Ex
1117 1187 1205 1229 quo
1239 1174 1416 1215 constat
1452 1172 1493 1215 ei
1529 1171 1605 1229 qui
1639 1170 1697 1214 ad

211 1245 402 1288 salutem
438 1243 586 1287 tendit
616 1243 807 1301 primam
841 1242 1075 1300 superbiae
1106 1242 1301 1286 sobolem
1331 1241 1696 1300 extinguendam,

212 1329 338 1372 quae,
371 1315 408 1357 si
441 1314 668 1372 paulisper
702 1313 991 1364 subcreuerit‚
1026 1313 1226 1357 omnium
1259 1313 1475 1356 uitiorum
1509 1312 1696 1356 frutices
1717 1327 1757 1361 15

212 1386 268 1429 de
311 1400 370 1436 se,
410 1388 463 1428 ut
502 1385 783 1442 praedictum
823 1386 903 1436 est,
942 1384 1103 1442 gignit.
1178 1383 1311 1437 Nam,
1351 1383 1436 1427 etsi
1476 1384 1538 1427 sit
1577 1382 1698 1440 apud

212 1456 407 1513 aliquem
434 1455 700 1513 quandoque
727 1454 978 1512 praecipua,
1004 1469 1286 1512 nequaquam
1314 1454 1524 1512 possibile
1551 1457 1620 1497 est
1646 1455 1700 1497 ut

213 1526 275 1569 sit
295 1526 397 1569 sola.
459 1525 509 1569 Si
531 1525 650 1568 enim
672 1524 925 1582 quempiam
951 1524 1100 1567 inanis
1120 1524 1264 1582 gloria
1285 1525 1501 1575 stimulat,
1522 1538 1699 1567 necesse

213 1599 282 1640 est
302 1599 355 1640 ut
375 1611 456 1653 per
474 1596 668 1653 abrupta
687 1594 904 1638 uitiorum
932 1609 1143 1652 praeceps
1163 1597 1278 1638 ruat.
1339 1594 1437 1638 Hoc
1458 1598 1526 1638 est
1546 1597 1698 1638 autem

214 1667 333 1724 quod
360 1666 508 1709 nobile
536 1668 743 1709 censetur
766 1665 944 1717 uitium,
964 1665 1162 1722 adeoque
1189 1665 1412 1708 humanae
1433 1664 1698 1723 fragilitatis
1718 1683 1763 1707 πο

213 1737 436 1781 demulcet
471 1736 701 1794 ingenium
737 1738 790 1778 ut
824 1735 905 1778 uix
941 1736 1002 1779 sit
1032 1735 1106 1778 uel
1139 1750 1166 1779 a
1200 1735 1440 1793 praeclaris
1472 1736 1701 1779 mentibus

215 1808 424 1851 alienum.
486 1807 606 1850 Nam
638 1809 684 1850 et
707 1809 857 1849 ortum
890 1806 1086 1849 nobilem
1116 1806 1264 1857 habet,
1289 1806 1448 1864 suique
1476 1805 1701 1864 dispendii

215 1893 469 1936 processum
489 1877 631 1921 nescit
655 1881 897 1933 antequam
917 1891 945 1919 a
966 1866 1151 1934 fastigio
1171 1879 1350 1919 corruat
1370 1876 1490 1934 quod
1509 1876 1700 1934 optauit.

76 1955 149 1996 713
170 1955 200 1985 a
218 1949 338 1991 Nam
359 1951 404 1991 et
424 1947 479 1990 de
500 1963 546 1991 se
566 1947 760 1990 inuicem
781 1947 898 1990 uitia
917 1946 1139 1998 oriuntur,
1159 1949 1208 1990 at
1229 1946 1377 1990 inanis
1396 1947 1541 2005 gloria
1562 1947 1700 1991 etiam

214 2020 265 2063 in
285 2019 457 2061 uirtute
477 2017 665 2076 originis
681 2032 787 2060 suae
806 2017 909 2075 figit
929 2017 1136 2061 radicem.
1187 2017 1243 2060 In
1263 2033 1352 2075 quo
1372 2018 1492 2061 enim
1513 2018 1701 2076 quisque
1721 2038 1764 2073 25

215 2105 322 2149 prae
338 2089 498 2133 ceteris
513 2089 663 2147 pollet,
678 2088 727 2131 in
744 2103 806 2140 eo,
822 2089 911 2132 nisi
927 2088 1040 2132 assit
1054 2089 1331 2133 moderatrix
1344 2089 1506 2148 gratia,
1522 2088 1703 2133 facilius

216 2160 487 2204 intumescit.

219 2299 264 2326 10
287 2288 505 2325 uedeantur
520 2287 545 2324 S

266 2415 300 2450 2,
319 2415 340 2450 3
366 2406 419 2440 Et
442 2406 585 2450 quidem
610 2406 682 2440 etc.
713 2403 846 2450 (usque
871 2403 921 2441 ad
945 2404 1185 2452 sequuntur):
1211 2403 1299 2441 Non
1325 2416 1373 2442 ex
1399 2403 1586 2452 Gregorio
1610 2403 1706 2442 haec

217 2453 420 2499 desumpta
436 2453 535 2496 sunt,
553 2451 621 2498 qui
641 2454 797 2488 tantum
812 2452 952 2489 habet:
977 2455 1063 2490 Post
1084 2454 1171 2490 haec
1191 2455 1263 2490 duo
1288 2454 1458 2489 carnalia
1479 2455 1585 2497 uitia,
1602 2455 1642 2490 id
1658 2458 1709 2490 est

217 2502 362 2538 uentris
377 2502 561 2546 inqluuies
577 2505 610 2536 et
627 2502 792 2543 luxuria,
810 2506 1016 2547 supersunt.
1182 2511 1224 2547 19
1249 2501 1329 2538 Hoc
1345 2506 1396 2537 est
1412 2506 1534 2537 autem
1551 2503 1625 2538 etc.
1639 2513 1649 2538 ε
1674 2512 1708 2538 V.

219 2549 355 2586 Boeth.
378 2550 518 2585 Consol.
536 2549 671 2584 Philas.
689 2547 730 2584 ii.
748 2560 845 2595 pros
863 2548 917 2584 vii
934 2550 1050 2596 Atqui
1064 2550 1129 2586 hoc
1145 2561 1263 2585 unum
1288 2554 1339 2585 est
1366 2551 1460 2596 quod
1478 2554 1710 2596 praestantes

218 2599 365 2644 quidem
381 2602 520 2632 natura
536 2602 672 2633 mentes
687 2598 749 2632 sed
771 2599 936 2633 nondum
956 2599 1006 2633 ad
1026 2602 1226 2633 extremam
1247 2609 1400 2633 manum
1418 2599 1602 2633 uirtutum
1623 2609 1709 2643 per-

210 2647 370 2691 fectione
384 2646 578 2690 perductae
595 2646 739 2680 allicere
753 2647 878 2691 possit,
895 2646 1033 2691 yloriae
1056 2646 1191 2681 scilicet
1215 2647 1347 2691 cupido
1371 2650 1404 2680 et
1427 2657 1447 2681 ο
1475 2647 1648 2681 timorum
1667 2647 1709 2681 in

221 2705 297 2729 rem
309 2694 496 2739 publicam
503 2694 616 2738 fama
632 2694 854 2729 meritorum.
907 2692 964 2729 cf.
984 2692 1139 2729 Ioannis
1154 2693 1277 2729 nostri
1295 2657 1497 2730 versiculiis
1513 2694 1627 2729 Enth.
1639 2695 1706 2740 875

224 2742 310 2786 (984
318 2744 360 2787 Β)
389 2742 490 2776 Haec
507 2745 557 2776 est
568 2746 800 2786 praestantes
814 2753 906 2788 quae
925 2743 1058 2777 deserit
1076 2742 1210 2777 ultima
1228 2746 1369 2784 mentes,
1389 2740 1452 2777 cui
1469 2740 1709 2777 simillimum

221 2791 278 2825 est
296 2788 393 2825 illud
410 2788 657 2825 Miltomcum
675 2790 817 2835 (Lycia.
836 2789 912 2835 71),
933 2790 1027 2826 That
1043 2790 1114 2825 last
1129 2791 1311 2835 infirmity
1327 2790 1371 2836 os
1380 2790 1482 2825 noble
1498 2790 1613 2826 mind.

336 2961 400 2993 ²30
