1846 3262
75 231 163 272 790
183 219 212 260 d
560 218 824 264 IOANNIS
863 217 1383 263 SARESBERIENSIS
1489 217 1600 280 [ΗΒ.
1615 229 1710 262 VIII

232 342 475 386 secundum
496 355 673 384 carnem
694 339 891 383 tradunt.
953 339 1219 397 Duplicique
1238 339 1517 397 urgebantur
1536 339 1710 383 inuidia

230 412 373 455 ueluti
394 412 470 468 qui
492 426 547 454 ex
568 425 728 468 genere
750 409 899 452 Dauid
926 412 971 453 et
995 425 1053 452 ex
1078 409 1219 467 ipsius
1250 409 1420 453 Christi
1450 410 1708 467 propinqui-

229 485 324 525 tate
345 481 676 524 descenderant.
734 479 859 533 Quae
879 479 1128 537 Egesippus
1147 494 1228 536 per
1247 479 1446 522 ordinem
1468 479 1538 523 his
1560 479 1710 523 uerbis

232 550 393 594 refert:
425 550 585 593 Adhuc
616 552 766 593 autem
791 549 1008 592 uiuebant
1037 549 1219 606 quidam
1246 549 1301 592 de
1328 549 1496 592 carnali
1527 548 1709 592 Domini

231 620 375 664 nostri
410 635 571 677 genere
609 623 793 677 nepotes
828 619 968 662 Iudae
1003 619 1099 662 eius
1131 619 1208 676 qui
1249 619 1492 662 secundum
1531 633 1709 662 carnem
1729 630 1753 665 5*

232 690 376 733 frater
406 690 587 733 Domini
618 690 807 742 dicitur;
837 704 948 747 quos
979 689 1161 746 quidam
1191 689 1450 732 detulerunt
1479 692 1711 746 tamquam

230 775 288 804 ex
309 760 459 803 Dauid
479 761 618 818 stirpe
638 760 878 803 uenientes.
922 759 1018 802 Hos
1046 759 1228 816 quidam
1250 759 1500 802 Reuocatus
1519 759 1712 810 nomine,

234 831 311 887 qui
332 830 380 872 in
400 831 483 874 hoc
504 830 665 874 missus
685 830 847 883 fuerat,
863 829 1068 887 perducit
1082 829 1140 872 ad
1161 829 1470 872 Domitianum
1491 828 1711 874 Cesarem.

233 901 354 944 Nam
386 903 432 944 et
463 901 557 958 ipse
590 900 863 944 formidabat
898 900 953 944 de
987 900 1187 943 aduentu
1218 898 1400 950 Christi,
1430 899 1547 943 sicut
1581 901 1628 942 et
1660 898 1711 942 in

230 971 361 1014 initio
384 970 594 1014 Herodes.
655 970 930 1028 Interrogati
950 985 1055 1027 ergo
1075 985 1103 1012 a
1129 969 1388 1013 Domitiano
1414 970 1453 1013 si
1481 971 1628 1013 essent
1654 983 1710 1013 ex
1730 983 1773 1013 10.

231 1040 407 1083 familia
427 1040 589 1092 Dauid,
609 1040 799 1083 confessi
823 1043 940 1083 sunt.
1001 1040 1124 1083 Tunc
1155 1039 1378 1097 quaesiuit
1408 1039 1589 1096 quantis
1611 1053 1711 1096 pos-

233 1110 502 1154 sessionibus
521 1110 594 1154 uel
615 1110 796 1168 quantis
817 1110 1110 1154 facultatibus
1131 1113 1278 1153 essent
1297 1109 1501 1168 praediti.
1560 1109 1624 1153 At
1643 1108 1711 1152 illi

90 1194 167 1235 791
186 1194 217 1223 a
235 1180 560 1238 responderunt
575 1181 693 1237 quod
707 1180 909 1238 utrisque
921 1195 1010 1223 non
1023 1180 1216 1237 amplius
1237 1184 1352 1223 esset
1372 1180 1420 1222 in
1432 1179 1560 1223 bonis
1576 1193 1711 1236 quam

233 1265 394 1294 nouem
407 1250 588 1293 milibus
604 1250 887 1293 denariorum
904 1265 959 1293 ex
976 1250 1138 1307 quibus
1153 1250 1341 1308 singulis
1353 1249 1500 1293 media
1511 1263 1616 1307 pars
1630 1263 1712 1306 pro

232 1320 436 1377 portione
457 1320 704 1363 deberetur.
763 1319 922 1377 Neque
941 1320 1050 1363 haec
1070 1319 1156 1362 sibi
1183 1319 1231 1362 in
1251 1319 1440 1377 pecunia
1459 1319 1712 1370 subsistere,
1733 1332 1772 1368 15

231 1391 308 1434 sed
324 1390 371 1432 in
385 1390 666 1433 estimatione
682 1392 840 1443 terrae,
853 1405 966 1447 quae
982 1390 1045 1433 eis
1061 1391 1176 1433 esset
1187 1390 1235 1432 in
1251 1389 1551 1447 quadraginta
1562 1388 1712 1432 minus

232 1475 322 1504 uno
338 1460 490 1518 iugere
506 1460 762 1511 constituta,
777 1475 857 1518 per
872 1475 1006 1517 quam
1023 1460 1116 1503 suis
1129 1475 1226 1503 eam
1242 1460 1448 1503 manibus
1461 1458 1712 1503 excolentes

231 1530 304 1573 uel
325 1530 411 1587 ipsi
431 1530 658 1573 alerentur
677 1530 751 1573 uel
770 1530 944 1573 tributa
970 1529 1280 1587 dependerent.
1342 1529 1487 1572 Simul
1508 1532 1554 1572 et
1572 1531 1711 1572 testes

229 1601 393 1644 ruralis
428 1603 473 1644 et
502 1600 653 1643 diurni
682 1600 828 1657 operis
857 1614 1016 1643 manus
1045 1599 1196 1642 labore
1226 1599 1394 1657 rigidas
1423 1602 1469 1642 et
1492 1598 1603 1643 calle
1632 1599 1710 1643 ob-

229 1670 414 1713 duratas
443 1669 767 1727 praeferebant.
839 1668 1115 1727 Interrogati
1144 1683 1252 1712 uero
1282 1669 1337 1712 de
1367 1668 1548 1713 Christo
1578 1668 1710 1726 quale
1730 1683 1776 1708 πο

230 1740 291 1783 sit
310 1755 498 1797 regnum
519 1739 615 1782 eius
634 1740 707 1782 uel
723 1739 823 1796 quis
837 1739 932 1796 ipse
952 1743 1033 1782 aut
1052 1739 1171 1782 unde
1191 1741 1272 1782 aut
1284 1739 1462 1796 quando
1478 1741 1710 1789 uenturus,

230 1809 555 1868 responderunt
585 1809 703 1867 quod
733 1824 824 1852 non
853 1809 988 1852 huius
1008 1808 1164 1851 mundi
1188 1823 1376 1866 regnum
1403 1822 1547 1866 neque
1576 1808 1712 1853 huius

231 1884 378 1924 terrae
399 1880 439 1923 ei
466 1880 726 1938 designetur
745 1880 995 1937 imperium,
1015 1879 1093 1923 sed
1112 1879 1271 1923 celeste
1292 1879 1333 1922 ei
1353 1894 1434 1937 per
1451 1879 1712 1937 angelorum

231 1950 482 1994 ministeria
519 1953 836 2007 praeparetur3
894 1949 1072 2007 quando
1123 1949 1291 1993 scilicet
1334 1949 1611 1993 aduenturus
1662 1949 1711 1992 in

231 2021 375 2079 gloria
404 2020 459 2063 de
489 2020 609 2063 uiuis
638 2034 691 2063 ac
721 2020 911 2063 mortuis
940 2019 1157 2063 iudicabit
1177 2022 1224 2062 et
1243 2019 1452 2063 restituet
1471 2019 1711 2077 unicuique
1731 2036 1773 2072 ²5

183 2100 213 2141 b
233 2105 315 2148 pro
335 2090 469 2134 factis
489 2092 535 2133 et
555 2090 727 2133 meritis
747 2090 851 2133 suis.
911 2090 983 2132 Ad
1003 2090 1112 2133 haec
1138 2089 1434 2141 Domitianus,
1454 2104 1556 2134 cum
1576 2089 1626 2132 in
1645 2089 1710 2133 eis

232 2161 370 2204 nichil
394 2160 593 2204 criminis
613 2160 837 2204 inueniret
857 2162 903 2203 et
923 2160 1147 2203 uilitatem
1176 2174 1327 2203 eorum
1356 2174 1489 2216 quam
1517 2159 1711 2204 maxime

233 2233 579 2288 contempneret,
599 2230 723 2273 abire
742 2245 816 2273 eos
836 2229 998 2273 liberos
1018 2229 1161 2274 iussit.
1202 2229 1325 2272 Haec
1345 2229 1436 2282 illi;
1466 2243 1524 2272 ex
1550 2229 1713 2287 quibus

231 2303 358 2358 patet
379 2300 497 2358 quod
517 2315 607 2343 non
628 2315 685 2343 ex
704 2299 1058 2351 mansuetudine,
1079 2315 1192 2357 quae
1212 2299 1339 2343 decet
1358 2299 1615 2357 principem,
1635 2298 1713 2343 sed

232 2371 357 2414 fastu
384 2370 522 2428 impio
547 2385 575 2413 a
601 2369 829 2413 nonnullis
855 2369 1054 2412 fidelium
1081 2369 1360 2413 crudelitatis
1387 2384 1493 2412 suae
1512 2368 1713 2413 cohibuit
1731 2383 1774 2417 30

232 2441 414 2484 rabiem.
494 2440 544 2483 Si
575 2454 681 2497 ergo
711 2439 768 2482 ad
797 2441 974 2482 tantam
1003 2439 1276 2496 paucitatem
1317 2442 1362 2482 et
1402 2442 1713 2496 paupertatem

232 2525 374 2568 genus
394 2509 542 2568 regale
562 2509 803 2552 deductum
823 2512 891 2552 est
911 2512 964 2551 ut
984 2511 1200 2567 regnante
1221 2508 1479 2552 Domitiano
1498 2508 1554 2552 de
1573 2509 1713 2567 stirpe

233 2635 255 2661 2
281 2624 398 2660 dauid
415 2636 555 2670 genere
574 2623 598 2660 S
756 2632 773 2669 5
802 2623 882 2659 eius
898 2622 1010 2660 iudae
1029 2623 1069 2659 M
1227 2633 1269 2707 13
1295 2624 1422 2660 essent
1437 2623 1512 2659 AM
1668 2633 1712 2668 14

233 2673 273 2708 ix
290 2672 429 2708 CBAM
605 2681 648 2716 14
673 2682 761 2717 pars
779 2671 904 2707 media
921 2671 945 2707 S
1117 2672 1160 2708 16
1184 2671 1226 2706 xl
1273 2669 1332 2707 BS
1507 2673 1554 2707 26
1578 2670 1655 2707 suis
1673 2673 1713 2707 et

232 2720 379 2757 meritis
395 2721 428 2756 A
571 2728 615 2764 27
643 2718 853 2766 uilitatem]
872 2718 1084 2756 utilitatem
1103 2718 1142 2754 M
1286 2721 1332 2756 28
1356 2721 1622 2756 contemneret
1637 2718 1699 2755 CB

232 2877 263 2914 E
284 2841 299 2866 1
330 2832 570 2913 ffuplicique:
596 2831 726 2877 quique
741 2830 883 2875 duplici
899 2828 984 2866 Ruf.
1173 2830 1218 2866 28
1243 2830 1323 2866 illi:
1350 2840 1398 2866 sc.
1417 2828 1653 2877 Hegesippus
1671 2830 1713 2868 et

266 2890 331 2914 use
359 2890 427 2914 ma

344 2949 413 2993 368
