1846 3262
65 202 151 243 682
171 203 203 242 b
532 199 796 246 IOANNIS
839 194 1362 245 SARESBERIENSIS
1510 198 1619 261 [ΜΒ.
1628 199 1708 245 .vf1

169 329 200 368 b
220 322 401 380 quidem
440 323 490 367 in
524 323 658 367 rebus
691 322 899 381 gerendis
933 324 1145 365 strenuus
1179 324 1226 366 et
1259 323 1355 366 sine
1384 337 1551 381 magna
1579 324 1709 382 copia

217 392 474 437 litterarum
519 393 817 445 acutissimus,
858 392 907 435 in
951 392 1110 450 primis
1160 393 1506 450 prouincialium
1550 394 1706 438 facun-

215 463 438 515 dissimus,
479 479 634 507 eorum
676 478 768 506 non
808 463 956 520 impar
1003 462 1191 519 eloquio,
1231 463 1454 507 uerendus
1499 464 1708 507 omnibus

215 534 453 592 priuilegio
474 534 724 591 potestatis,
745 536 792 577 et
816 547 992 576 morum
1013 533 1238 591 elegantia
1265 533 1547 585 uenerabilis,
1567 548 1708 591 eoque

214 604 464 648 mirabilior
499 604 547 647 in
580 604 787 662 partibus
819 603 910 646 illis
946 603 1066 660 quod
1097 603 1217 647 inter
1241 603 1570 662 Longobardos‚
1596 618 1708 661 quos
1726 620 1746 656 5

215 675 512 732 parcissimos,
530 690 587 718 ne
603 689 764 718 auaros
785 674 943 726 dicam,
959 689 1054 717 esse
1074 677 1263 726 constat,
1284 674 1480 718 faciebat
1500 677 1708 732 sumptus

215 745 455 788 immensos
486 748 532 788 et
564 745 713 802 gentis
749 759 856 787 suae
885 743 1268 802 magnificentiam
1304 744 1570 797 exhibebat;
1610 746 1709 788 erat

215 815 335 858 enim
371 815 589 874 Anglicus
624 815 820 858 natione.
881 814 955 857 Ad
990 829 1093 857 eum
1124 814 1283 872 utique
1317 815 1407 858 uiri
1442 818 1535 858 tres
1564 828 1707 858 acces-

214 887 383 937 serunt,
413 886 552 929 abbas
593 885 789 943 quidam,
816 884 934 928 alter
972 885 1326 938 archidiaconus,
1355 885 1520 929 tertius
1567 885 1708 929 laicus

215 956 400 1013 quidam
427 956 709 1014 praepositus
734 955 864 1013 regis,
886 955 1043 999 fratris
1067 956 1138 998 sui
1166 955 1315 1000 clerici
1345 970 1526 999 causam
1557 968 1707 1013 agens,
1728 975 1770 999 10

213 1026 381 1084 singuli
412 1026 527 1070 clam
557 1041 640 1084 pro
669 1026 760 1069 iam
791 1026 912 1069 dicto
940 1026 1201 1084 episcopatu
1227 1025 1444 1084 grandem
1471 1025 1708 1084 pecuniam

213 1097 461 1140 offerentes.
523 1096 645 1150 Quid
675 1096 850 1141 multa?
909 1096 1142 1140 Adhibitis
1174 1096 1475 1140 familiaribus
1508 1111 1707 1140 seorsum

171 1180 196 1210 c
214 1182 316 1211 cum
351 1182 620 1224 unoquoque
652 1182 806 1210 eorum
838 1167 1052 1210 conuenit
1082 1167 1137 1210 de
1166 1167 1325 1224 pretio.
1388 1166 1570 1224 Emptio
1600 1181 1707 1225 crgo

214 1241 260 1281 et
299 1238 503 1281 uenditio
537 1237 737 1295 undique
777 1237 979 1295 perfecta
1015 1240 1096 1290 est,
1132 1237 1188 1280 de
1220 1237 1442 1281 solutione
1478 1236 1707 1295 implenda

212 1307 586 1351 sufficientissime
617 1315 812 1358 cautum,
839 1308 1103 1365 pignoribus
1131 1311 1177 1351 et
1207 1307 1544 1351 fideiussoribus
1574 1307 1706 1358 datis,
1727 1324 1766 1359 15

213 1378 396 1436 diesque
416 1379 644 1435 praefixus
661 1380 729 1421 est
745 1378 950 1422 electioni
971 1378 1215 1422 solenniter
1235 1378 1538 1422 celebrandae.
1588 1377 1704 1422 Cum

212 1449 367 1506 itaque
387 1449 445 1492 ad
466 1449 585 1492 diem
606 1448 926 1506 archiepiscopi
955 1449 1149 1506 episcopi
1170 1451 1216 1492 et
1235 1449 1405 1492 multae
1426 1448 1705 1492 uenerabiles

212 1534 429 1578 personae
449 1519 774 1570 conuenissent,
794 1518 1028 1576 praefatus
1049 1519 1340 1563 cancellarius
1360 1519 1705 1578 competitorum

211 1605 370 1634 causas
409 1593 456 1633 et
497 1589 606 1647 quid
641 1604 744 1633 cum
784 1604 1053 1647 unoquoque
1089 1604 1243 1633 eorum
1279 1590 1444 1648 egisset
1483 1589 1706 1647 exposuit,

212 1660 365 1704 dicens
400 1674 447 1703 se
487 1659 650 1703 exinde
686 1674 743 1703 ex
777 1659 1085 1717 episcoporum
1121 1660 1347 1703 sententia
1382 1674 1703 1718 processurum.
1726 1683 1769 1707 20

212 1730 483 1788 Dampnatis
497 1745 603 1788 ergo
615 1730 984 1788 competitoribus
997 1730 1263 1782 simoniacis,
1277 1745 1448 1788 pauper
1460 1730 1706 1774 monachus

213 1803 260 1844 et
279 1800 421 1843 totius
446 1800 511 1843 rei
539 1801 725 1858 ignarus
752 1800 963 1844 canonice
991 1800 1159 1844 electus
1187 1801 1463 1859 approbatus
1491 1804 1538 1844 et
1563 1801 1705 1844 intro-

211 1871 375 1914 ductus
410 1874 489 1914 est.
550 1870 628 1914 Illi
663 1873 816 1914 tamen
849 1871 991 1914 coacti
1024 1874 1132 1914 sunt
1166 1871 1340 1914 soluere
1375 1871 1423 1914 id
1455 1871 1504 1914 in
1539 1886 1629 1929 quo
1659 1886 1707 1915 se

210 1941 524 2000 obligauerant
553 1956 695 1999 usque
726 1941 784 1984 ad
819 1941 1115 1984 nouissimum
1147 1941 1455 1999 quadrantem.
1516 1942 1705 1985 Vtinam

209 2012 277 2056 ita
310 2015 476 2070 agatur
510 2027 612 2056 cum
647 2012 794 2070 procis
826 2011 993 2055 nostris
1028 2012 1107 2070 qui
1138 2027 1292 2056 omnes
1326 2012 1452 2057 sedes
1482 2011 1704 2057 olfaciunt
1725 2040 1740 2062 2
1746 2038 1765 2071 5

215 2151 245 2184 1,
264 2150 285 2176 2
311 2138 531 2176 litterarum
562 2138 676 2186 copia
709 2138 754 2177 M
919 2147 937 2186 5
965 2137 1224 2186 lungobardos
1257 2138 1282 2175 S
1451 2141 1472 2176 8
1496 2138 1629 2188 itaque
1662 2140 1705 2178 M

211 2199 235 2235 9
256 2194 338 2234 post
356 2187 645 2224 archidiaconus
663 2190 747 2224 add.
766 2189 805 2224 et
822 2186 856 2223 A
1001 2198 1037 2234 9,
1054 2198 1098 2224 10
1121 2187 1279 2234 quidam
1296 2187 1417 2224 laicus
1435 2187 1514 2224 c1A
1662 2199 1706 2226 10

212 2248 367 2273 causam
385 2235 516 2273 clerici
532 2236 579 2272 Bl
769 2237 812 2273 16
838 2235 1070 2273 sollenniter
1085 2235 1140 2272 A:
1166 2235 1434 2283 sollempniter
1450 2236 1474 2273 S
1658 2247 1702 2275 21

210 2283 413 2321 Damnatis
430 2285 457 2321 C
556 2296 740 2322 monacus
757 2283 785 2320 C
932 2294 977 2320 22
1004 2284 1212 2331 aprobatus
1230 2283 1319 2321 GBS

205 2402 385 2448 plurimis
403 2403 529 2437 diebus
549 2406 791 2438 commoratus
813 2406 873 2438 est.
925 2402 1021 2438 Erat
1045 2407 1167 2438 autem
1191 2402 1396 2438 Radbertus
1419 2403 1516 2438 idem
1535 2404 1708 2449 potentie·
1761 2399 1766 2403 ”

210 2451 326 2485 simus
339 2451 437 2485 inter
447 2452 582 2486 amicos
594 2452 697 2495 remla,
708 2453 930 2496 pecuniosus
946 2455 978 2485 et
989 2452 1148 2486 donatus
1160 2451 1359 2486 honoribus
1370 2452 1525 2496 magmis.
1562 2450 1707 2488 Scribit

211 2509 362 2543 quoque
370 2497 530 2534 Ioannes
539 2498 619 2544 (qui
630 2498 671 2533 in
683 2498 819 2534 eadem
830 2497 985 2535 civitate
997 2501 1114 2544 atque
1127 2497 1314 2534 Robertus
1325 2501 1440 2535 natus
1453 2498 1650 2546 estfinEp.
1659 2501 1680 2536 8
1684 2509 1703 2547 5

210 2546 260 2582 ad
278 2546 434 2582 Petrum
451 2545 673 2589 Cellensem‚
688 2545 723 2582 S.
740 2545 909 2593 Remigii
926 2546 1030 2593 apud
1048 2546 1185 2583 Remos
1198 2547 1379 2583 abbatem
1394 2560 1402 2583 :
1433 2548 1568 2583 Graeco
1584 2547 1702 2594 (vino)

208 2606 278 2641 quo
296 2606 349 2629 me
371 2596 518 2630 Siculus
539 2596 783 2631 cancellarius
807 2596 856 2630 ad
876 2597 1078 2640 perniciem
1101 2596 1300 2642 salutisque
1324 2597 1558 2642 dispendium
1577 2601 1706 2642 potare

210 2648 454 2678 consueuerat.
496 2642 552 2678 Cf.
570 2642 613 2678 R.
630 2642 740 2679 Pauli
753 2642 794 2678 in
808 2644 999 2688 Gottinyer
1008 2644 1254 2679 Nachrichten
1274 2644 1362 2688 1878
1376 2655 1414 2690 p.
1431 2645 1520 2690 5263
1547 2643 1592 2679 V.
1607 2643 1706 2681 Rose

209 2689 252 2725 in
270 2692 396 2725 Herm.
411 2690 437 2726 i.
453 2702 490 2736 p.
507 2691 589 2736 376,
603 2690 670 2736 qui
688 2702 775 2727 eum
793 2690 1009 2736 suspicatur
1026 2691 1190 2728 eundem
1208 2690 1325 2727 fuisse
1338 2694 1455 2738 atque
1469 2691 1705 2729 Roboretum

209 2737 322 2773 illum
336 2738 399 2774 cui
413 2738 602 2776 Platonici
619 2739 834 2776 Phaedonis
850 2739 1061 2776 versionem
1078 2738 1221 2775 dicavit
1235 2739 1453 2786 Aristippus
1466 2739 1706 2776 Cataniensis

209 2785 514 2830 archidiaconus,
535 2786 718 2835 Diogenis
740 2785 884 2823 Laertii
905 2788 944 2824 et
967 2785 1141 2835 Gregorii
1161 2787 1395 2824 Nazianzeni
1416 2788 1575 2824 Latinus
1591 2787 1705 2825 inter-

210 2845 320 2879 pres;
353 2834 397 2869 K.
430 2835 474 2871 A.
502 2835 620 2880 Kehr,
646 2837 718 2870 Die
748 2836 921 2871 Urkunde
945 2837 1013 2871 der
1039 2837 1536 2873 Normanaezisch-Sicilischen
1560 2837 1704 2883 Koniqe

208 2893 273 2928 pp.
294 2890 337 2928 75
357 2893 462 2929 seqq.
608 2894 653 2930 23
679 2885 820 2920 solum
836 2885 932 2921 etc.:
960 2895 993 2921 v.
1012 2883 1126 2920 Matt.
1147 2896 1180 2920 v.
1201 2884 1258 2921 26.

323 2964 387 2998 174
