1846 3262
120 247 223 281 on.
238 232 313 297 ιι]
338 239 345 241 ”
562 211 563 214 ’
643 237 1091 284 PouoRA'riovs
1631 240 1727 281 600
1745 250 1772 280 c

119 360 310 405 militem
330 360 607 420 gloriosum?
666 362 844 406 Horum
864 362 1014 406 uirtus
1033 363 1083 406 in
1104 377 1157 406 eo
1175 362 1373 407 maxime
1393 362 1615 413 elucescit,

118 431 159 475 si
193 431 363 476 clerum
393 435 440 476 et
469 433 686 476 inermem
715 433 926 476 militiam
956 437 1038 476 aut
1068 433 1171 477 telis
1200 436 1283 477 aut
1313 434 1482 491 linguis
1511 448 1614 477 con-

120 500 311 546 fodiant.
384 502 474 546 Sed
514 503 617 560 quis
656 506 726 546 est
763 518 872 546 usus
911 504 1102 547 militiae
1141 504 1405 548 ordinataez
1479 503 1613 547 Tueri
1632 499 1662 540 d

121 571 377 624 Ecclesiam,
434 573 670 630 perfidiam
718 574 998 631 impugnare,
1047 574 1346 618 sacerdotium
1395 574 1616 625 uenerari,

79 658 102 693 5
119 657 370 700 pauperum
416 643 677 701 propulsare
733 643 935 695 iniurias,
984 659 1145 702 pacare
1194 644 1485 702 prouinciam,
1534 659 1618 702 pro

120 712 342 757 fratribus
374 714 444 767 (ut
474 714 743 758 sacramenti
773 714 904 758 docet
932 714 1181 773 conceptio)
1211 714 1402 758 fundere
1433 715 1615 773 sangui-

120 798 224 827 nem
254 787 313 836 et,
332 784 371 827 si
402 799 515 842 opus
545 788 626 836 est,
645 785 844 828 animam
875 799 1050 842 ponere.
1112 786 1428 829 Exultationes
1455 785 1540 828 Dei
1568 785 1616 828 in

119 857 307 912 gutture
342 869 496 898 eorum
531 858 579 898 et
609 855 752 913 gladii
787 856 1006 913 ancipites
1038 856 1087 899 in
1118 856 1329 900 manibus
1369 871 1523 900 eorum
1558 855 1617 898 ad

121 923 373 968 faciendam
393 925 642 969 uindictam
662 925 710 968 in
731 926 1003 977 nationibus,
1018 926 1344 984 increpationes
1364 927 1413 969 in
1428 927 1618 984 populis,

61 1008 104 1032 10
121 994 181 1038 ad
199 995 449 1054 alligandos
469 1010 597 1053 reges
617 1010 771 1038 eorum
798 995 847 1038 in
876 996 1166 1053 compedibus
1186 1000 1234 1039 et
1260 997 1433 1040 nobiles
1462 1012 1617 1040 eorum

121 1064 171 1107 in
193 1065 381 1108 manicis
401 1064 572 1108 ferreis.
634 1064 724 1108 Sed
755 1079 845 1122 quo
874 1065 999 1109 fine?
1057 1066 1132 1108 An
1162 1069 1216 1109 ut
1245 1065 1391 1109 furori
1419 1067 1619 1111 uanitati

121 1135 342 1178 auaritiae
380 1135 595 1186 seruiant,
633 1149 695 1178 an
734 1135 943 1192 propriae
982 1135 1244 1180 uoluntati?
1305 1135 1617 1196 Nequaquam.

121 1205 236 1249 Sed:
265 1205 330 1249 Vt
348 1204 521 1249 faciant
540 1206 589 1248 in
609 1206 674 1249 eis
701 1205 918 1249 iudicium
947 1206 1274 1264 conscriptum3
1304 1206 1353 1249 in
1380 1221 1470 1264 quo
1496 1207 1618 1264 quis-

121 1290 209 1334 que
231 1291 323 1319 non
352 1279 448 1319 tam
478 1291 611 1319 suum
637 1291 772 1334 quam
797 1276 882 1319 Dei
913 1276 1177 1334 angelorum
1208 1280 1254 1320 et
1284 1277 1518 1319 hominum
1547 1292 1617 1321 se-

62 1360 102 1396 ¹⁵
121 1345 278 1403 quitur
315 1360 374 1389 ex
412 1347 642 1403 aequitate
681 1350 728 1390 et
766 1346 947 1404 publica
986 1347 1188 1390 utilitate
1227 1347 1480 1390 arbitrium.
1550 1347 1615 1391 Vt

122 1415 307 1468 faciant,
330 1415 543 1473 inquam3
579 1416 698 1474 quia,
719 1416 837 1460 sicut
865 1416 1066 1460 iudicum
1096 1416 1267 1460 dictare
1297 1416 1525 1468 iudicium,
1546 1417 1614 1461 ita
1631 1422 1713 1462 601
1732 1433 1763 1461 a

122 1489 170 1530 et
190 1486 383 1529 istorum
406 1485 612 1530 faciendo
639 1501 844 1530 exercere
874 1487 1068 1530 officium
1096 1490 1175 1530 est.
1235 1487 1430 1544 Vtique:
1461 1487 1616 1531 Gloria

122 1556 232 1600 haec
251 1559 321 1600 est
339 1557 547 1600 omnibus
571 1557 739 1600 sanctis
758 1557 868 1600 eius.
928 1556 1049 1600 Nam
1076 1560 1123 1601 et
1150 1557 1260 1600 haec
1286 1560 1472 1615 agentes
1498 1558 1616 1601 mili-

124 1629 194 1670 tes
234 1627 381 1671 sancti
420 1630 530 1670 sunt
567 1629 614 1670 et
647 1627 697 1670 in
732 1642 784 1671 eo
819 1627 1042 1671 fideliores
1081 1627 1274 1685 principi
1309 1642 1398 1685 quo
1432 1633 1618 1672 seruant

62 1711 108 1736 ιο
125 1697 369 1740 studiosius
388 1697 522 1740 fidem
543 1697 653 1750 Dei;
683 1700 731 1741 et
755 1697 944 1741 uirtutis
973 1712 1080 1740 suae
1107 1697 1267 1741 utilius
1292 1698 1483 1755 gloriam
1513 1713 1617 1756 pro-

123 1770 322 1820 mouent,
341 1782 431 1825 quo
451 1767 629 1811 fidelius
648 1767 734 1811 Dei
754 1768 826 1811 sui
849 1767 899 1810 in
918 1768 1127 1811 omnibus
1146 1768 1337 1826 gloriam
1356 1773 1591 1826 quaerunt.

123 1898 233 1958 Cap.
247 1914 289 1958 9.
309 1899 442 1955 Quod
449 1899 569 1957 fides
583 1900 675 1944 Deo
689 1899 839 1944 debita
853 1899 915 1943 sit
929 1899 1088 1943 cuiuis
1101 1899 1284 1943 homini
1297 1901 1616 1959 pracferemia,

377 1985 457 2014 ‘nec
476 1975 694 2015 emulatur
713 1970 896 2014 homini
915 1970 1014 2013 nisi
1033 1970 1124 2013 Deo
1143 1975 1366 2015 seruetur.

182 2068 280 2113 Nec
312 2068 455 2112 refert
487 2068 610 2112 fideli
642 2069 744 2126 quis
775 2068 943 2112 militet
977 2083 1036 2111 an
1071 2068 1255 2120 infideli,
1290 2069 1399 2112 dum
1434 2073 1616 2113 tantum

62 2157 106 2192 ²⁵
123 2138 289 2183 militet
307 2139 396 2183 fide
416 2139 640 2183 incolumi.
700 2139 982 2183 Diocletiano
1002 2141 1050 2182 et
1072 2138 1251 2183 Iuliano
1278 2143 1324 2183 et
1343 2140 1444 2183 aliis
1464 2141 1616 2198 impiis

123 2209 338 2267 leguntur
359 2209 575 2253 militasse
600 2209 754 2253 fideles
778 2212 825 2252 et
855 2209 920 2252 eis
948 2209 997 2251 in
1027 2208 1287 2253 defensione
1316 2210 1382 2253 rei
1411 2211 1616 2268 publicae

123 2282 355 2337 tamquam
398 2279 677 2338 principibus
716 2279 851 2323 fidem
901 2279 1158 2323 exhibuisse
1207 2283 1255 2323 et
1302 2281 1614 2324 reuerentiam.

126 2400 144 2429 1
171 2390 338 2428 maxime
355 2389 398 2426 in
415 2402 461 2428 eo
478 2390 526 2427 A¹
669 2399 692 2427 2
717 2388 863 2436 linguis
879 2390 948 2426 aut
965 2388 1109 2426 telisM

175 2506 192 2534 1
219 2509 267 2531 m
262 2498 301 2530 ἴτ’]
302 2502 330 2531 t
318 2509 371 2531 m
393 2498 540 2542 ylario&
541 2509 589 2530 cm
606 2493 774 2530 ·iouals
791 2495 848 2530 est
865 2492 1123 2530 Terentianus
1138 2493 1307 2536 Thraso;
1341 2493 1389 2530 cf.
1406 2505 1522 2540 supra
1538 2506 1571 2531 c.
1590 2506 1612 2541 3

125 2543 396 2590 (smnseqqss)
534 2554 554 2588 3
585 2544 697 2577 Tueri
713 2544 807 2578 etc.:
832 2541 882 2578 cf.
900 2541 1056 2577 Petrum
1076 2541 1235 2577 Blesens
1219 2552 1299 2577 sem
1319 2541 1473 2577 Ioannis
1489 2543 1612 2579 nostri

122 2591 367 2649 discipulum,
386 2593 460 2637 Ep.
477 2601 525 2636 94
544 2590 691 2637 (Migne
706 2591 748 2625 P.
765 2590 810 2626 L.
828 2588 937 2626 ccvii.
957 2589 1044 2634 294)
1070 2590 1141 2624 Sed
1164 2594 1198 2625 d
1221 2590 1327 2625 hodie
1351 2591 1382 2624 ti
1367 2601 1489 2626 trenes
1512 2603 1614 2627 enses

123 2641 237 2685 rocipt
224 2642 308 2675 funt
323 2641 367 2675 de
387 2641 515 2681 altari,
530 2644 573 2674 ut
590 2638 1012 2684 pmfiteantursefilios
1030 2637 1224 2679 Εοσῑεειᾞαε
1241 2642 1347 2683 atque
1371 2640 1421 2673 ad
1442 2639 1613 2675 honorem

121 2699 164 2724 sa
146 2689 327 2729 iiim-doe,
343 2689 394 2722 ad
409 2688 599 2722 tuitionem
608 2697 831 2732 pauperum,
847 2686 897 2720 ad
912 2686 1118 2719 tamdictum
1134 2686 1394 2729 maleficiorum
1410 2691 1444 2721 et
1461 2689 1613 2732 patriae

123 2735 371 2771 liberatn'onem
383 2736 487 2780 gladi
487 2746 551 2769 um
566 2735 753 2780 accepisse.
871 2741 893 2777 7
917 2733 1176 2768 Exultationes
1191 2735 1286 2770 etc-z
1311 2732 1370 2769 ΡΒ.
1387 2733 1501 2770 cxlix.
1518 2736 1611 2777 6-8;

123 2784 279 2818 exaltati
263 2794 363 2818 nones
377 2782 497 2818 habet
511 2780 644 2827 Vulg.;
669 2792 701 2817 v.
720 2779 897 2817 Sabatier
911 2779 961 2816 ad
977 2778 1051 2816 loc.
1221 2790 1264 2826 13
1295 2782 1340 2816 Vt
1347 2783 1499 2826 saciant
1514 2785 1610 2819 etc.:

124 2829 369 2876 Pacxlix.9.
510 2838 551 2874 17
581 2829 825 2865 Gloristaetc
853 2827 1097 2874 Pacxlix9.
1233 2838 1280 2864 22
1305 2828 1501 2883 Cumcap
1518 2830 1608 2875 9cf.

125 2877 163 2916 S.
179 2877 350 2914 Anselmi
372 2877 423 2914 ad
438 2876 680 2914 willelmum
699 2875 737 2912 II
754 2877 803 2913 de
819 2876 895 2913 fide
912 2874 993 2913 Deo
1010 2877 1051 2912 et
1066 2875 1151 2923 regi
1166 2875 1299 2914 debita
1314 2876 1529 2915 orationem
1546 2890 1610 2924 ap.

125 2924 300 2963 Eadmer.
314 2926 413 2962 Hist.
428 2926 517 2962 Now.
532 2923 563 2961 11
582 2924 730 2972 (Migne
746 2926 788 2962 P.
803 2925 848 2961 L.
865 2923 952 2961 clix.
969 2925 1070 2971 401).

1457 2994 1503 3028 ²3
