1846 3262
144 294 243 329 ou.
258 282 328 345 1x]
666 283 1103 330 POLICRATICVS
1630 293 1712 337 742
1730 284 1761 324 b

143 405 375 449 hominum
395 405 556 449 scolam
578 405 673 449 eius
693 404 897 449 intrauit.
954 405 1048 448 Nec
1063 407 1298 448 contentus
1313 406 1407 448 tam
1423 404 1614 448 deformi

142 474 331 518 introitu
343 476 542 519 consedit
553 476 688 519 etiam
700 478 753 518 ut
765 475 1057 518 clarissimum
1069 474 1292 532 eloquium
1305 478 1351 518 et
1361 474 1613 532 prudentis·

141 544 256 588 sima
267 549 502 603 praecepta
513 545 800 589 temulentiae
812 545 985 588 laciuiis
1001 545 1208 588 elauaret.
1251 545 1364 588 Orta
1375 544 1546 596 deinde,
1559 548 1613 588 ut

141 628 225 671 par
243 618 350 666 erat,
366 616 564 658 omnium
584 615 892 672 indignatione
912 615 1183 658 Xenocrates
1202 614 1382 658 uultum
1396 615 1444 657 in
1458 614 1612 658 eodem

104 705 123 740 5
141 683 301 727 habitu
320 684 542 728 continuit
562 684 810 740 omissaque
827 699 874 727 re
888 698 1022 740 quam
1038 684 1314 727 disserebant
1328 684 1383 727 de
1395 684 1613 728 modestia

140 767 192 797 ac
206 754 503 811 temperantia
522 754 642 811 loqui
664 753 819 810 coepit.
871 752 1011 797 Cuius
1025 754 1250 811 grauitate
1271 754 1486 797 sermonis
1505 753 1613 797 resi-

139 822 307 879 piscere
326 827 503 867 coactus
534 823 727 866 Polemio
752 823 946 879 primum
973 837 1180 866 coronam
1204 823 1340 881 capiti
1366 823 1613 867 detractam

138 892 334 950 proiecit,
355 893 488 950 paulo
507 896 608 950 post
628 892 858 935 brachium
887 892 1008 935 intra
1037 892 1222 949 pallium
1251 893 1442 944 reduxit,
1462 908 1612 951 proce-

138 961 272 1006 dente
295 965 493 1020 tempore
517 963 606 1005 oris
627 962 874 1005 conuiualis
895 962 1170 1006 hilaritatem
1191 963 1407 1020 deposuit,
1428 963 1486 1006 ad
1505 963 1611 1006 ulti-

80 1049 122 1073 ιο
137 1046 261 1075 mum
280 1035 422 1076 totam
442 1032 664 1075 luxuriem
688 1031 827 1084 exuit,
843 1031 1064 1088 uniusque
1086 1032 1300 1075 orationis
1320 1033 1612 1076 saluberrima

137 1102 356 1146 medicina
375 1104 558 1144 sanatus
585 1116 642 1144 ex
665 1100 824 1143 infami
845 1116 1045 1158 ganeone
1068 1102 1292 1145 maximus
1321 1102 1610 1160 philosophus
1627 1113 1655 1144 e

137 1171 293 1215 euasit.
352 1171 664 1228 Peregrinatus
694 1173 762 1213 est
789 1170 942 1227 itaque
970 1170 1104 1213 huius
1132 1171 1308 1214 animus
1332 1171 1380 1214 in
1409 1173 1612 1229 nequitia

135 1256 216 1285 nec
242 1241 494 1293 habitauit3
523 1240 710 1283 diuertit
741 1240 973 1297 paululum
1005 1240 1083 1284 sed
1118 1255 1399 1298 nequaquam
1428 1242 1610 1286 domici-

135 1311 246 1354 lium
266 1310 380 1354 fixit.
441 1310 669 1354 Postremo
690 1325 830 1352 unum
851 1313 919 1353 est
939 1309 997 1352 ad
1018 1310 1138 1367 quod
1157 1310 1297 1354 totius
1317 1311 1612 1369 philosophici

78 1396 118 1432 15
134 1383 259 1425 cetus
277 1381 424 1424 tendit
451 1380 653 1432 intentio,
675 1380 843 1423 scilicet
870 1380 973 1423 finis
997 1380 1222 1431 honestus,
1243 1380 1361 1423 letus
1387 1381 1535 1425 exitus
1565 1385 1612 1425 et

134 1450 361 1502 iocundus‚
395 1450 473 1507 qui
508 1450 640 1507 plane
676 1450 855 1493 euenire
890 1464 981 1493 non
1015 1450 1184 1507 poterit
1213 1450 1300 1493 nisi
1330 1450 1613 1508 philosophia

133 1521 339 1564 omnibus
365 1520 550 1564 officinis
572 1522 618 1563 et
638 1520 838 1563 omnium
864 1519 1085 1563 ministris
1112 1519 1356 1563 officiorum
1383 1521 1611 1564 custodem

132 1590 345 1634 adhibeat
378 1590 704 1641 uerecundiam,
732 1604 846 1647 quae
878 1604 1040 1647 parens
1075 1592 1154 1641 est,
1179 1593 1232 1633 ut
1266 1590 1332 1633 ait
1360 1589 1612 1643 Cassianus,

134 1660 278 1704 omnis
296 1660 472 1703 honesti
487 1660 671 1710 consilii,
687 1659 950 1703 solemnium
966 1659 1209 1703 officiorum
1225 1660 1379 1711 tutela,
1395 1661 1611 1718 magistra

76 1745 120 1769 20
135 1730 424 1780 innocentiae,
447 1744 550 1773 cara
578 1729 805 1787 proximis,
832 1731 1012 1786 accepta
1042 1729 1209 1780 alienis,
1236 1730 1438 1787 priuatas
1467 1731 1607 1788 negli-

132 1814 242 1858 gens
273 1799 510 1843 facultates
541 1802 594 1842 ut
627 1813 882 1842 communes
916 1799 1169 1856 amplificet,
1196 1799 1317 1842 omni
1351 1799 1447 1843 loco
1485 1801 1607 1843 omni

132 1873 331 1928 tempore
359 1884 466 1927 prae
497 1884 544 1912 se
574 1868 868 1912 fauorabilem
898 1883 1057 1926 gerens
1086 1869 1277 1922 uultum,
1297 1869 1406 1912 adeo
1427 1869 1607 1926 quidem

131 1943 185 1983 ut
218 1939 354 1983 etiam
388 1938 698 1982 inuerecundjs
730 1938 904 1981 feratur
938 1942 1128 1995 accepta.
1201 1938 1392 1981 Athenis
1423 1939 1607 1996 quidam

131 2009 317 2053 ultimae
331 2008 689 2059 senectutis,cum
702 2011 950 2065 spectatum
963 2008 1091 2051 ludos
1106 2007 1153 2050 in
1165 2008 1394 2051 theatrum
1409 2009 1606 2052 uenisset

74 2097 113 2131 ²⁵
132 2092 321 2135 eumque
343 2092 473 2120 nemo
493 2092 517 2120 e
536 2077 744 2121 ciuilibus
763 2091 931 2120 sessum
952 2076 1178 2134 reciperet,
1193 2077 1251 2119 ad
1267 2076 1604 2121 Lacedaemoni·
1621 2073 1650 2112 d

129 2198 152 2225 2
178 2187 296 2225 etiam
320 2199 366 2223 ex
394 2187 470 2224 Val.
486 2188 589 2223 Max.
606 2191 706 2222 textu
730 2187 890 2222 nstitui:
927 2187 966 2223 ct
991 2185 1156 2223 GBASM
1363 2197 1384 2233 3
1410 2186 1556 2224 lacinus
1571 2187 1603 2223 B

129 2235 398 2329 Ξοιιῗὲεὲῗὲξῑῗὲ
411 2234 442 2318 SS
626 2235 670 2271 18
693 2233 949 2271 uerecundam
972 2233 1020 2270 Αι
1213 2244 1257 2281 19
1282 2234 1525 2272 sollemnium
1549 2236 1604 2272 A:

179 2393 199 2428 3
224 2383 408 2418 elauaret:
434 2382 588 2416 eleuaret
616 2379 699 2416 Val.
727 2380 829 2416 Max.
977 2389 995 2427 5
1022 2382 1264 2417 disserebant:
1299 2382 1490 2418 disserebat
1517 2382 1602 2421 Val.

129 2429 231 2467 Max.
374 2438 395 2474 7
421 2430 599 2464 Polemio:
623 2429 766 2464 Polemo
784 2427 865 2464 Val.
883 2427 986 2463 Max.
1132 2438 1175 2473 13
1199 2430 1350 2464 diuertit
1380 2430 1472 2466 etc.:
1496 2429 1602 2467 Haec

128 2490 207 2515 non
235 2477 381 2513 habent
410 2475 646 2522 exemplaria
671 2474 816 2511 Valerii
840 2487 938 2521 quae
966 2474 1082 2512 hodie
1107 2477 1270 2512 exstant.
1417 2478 1459 2513 18
1482 2482 1524 2513 ut
1545 2480 1602 2514 ait

131 2527 351 2562 Cassianus:
390 2523 468 2559 Has
508 2522 757 2560 verecundiae
789 2522 920 2559 laudes
958 2521 1000 2558 in
1035 2522 1204 2559 Cassiani
1245 2522 1423 2570 operibus
1461 2524 1602 2562 frustra

128 2572 308 2620 quaesivi.
355 2571 460 2607 Nihil
477 2570 639 2606 similius
656 2570 711 2606 ibi
732 2570 860 2606 inveni
885 2582 999 2616 quam
1023 2570 1118 2607 haec
1136 2571 1250 2607 verba
1267 2583 1356 2608 sane
1377 2571 1598 2610 dissimilia:

130 2622 303 2658 Omnium
335 2630 488 2666 namque
516 2620 696 2654 uirtutum
727 2620 939 2663 qenmtrix
967 2623 1084 2654 eustos
1118 2620 1404 2666 moderatrixque
1434 2621 1601 2659 discretio

127 2674 179 2705 est
210 2668 315 2714 (Coa.
349 2666 388 2703 ii.
420 2667 474 2712 4).
535 2665 808 2702 Discretionem
840 2663 1063 2707 humilitati,
1091 2677 1188 2711 quae
1226 2677 1347 2712 paene
1379 2667 1510 2704 eadem
1552 2680 1598 2706 ac

126 2714 353 2754 verecundia
369 2716 435 2758 est,
452 2713 628 2750 annectit
650 2713 751 2749 idem
779 2714 866 2750 Goll.
886 2712 986 2749 xxiv.
1006 2714 1060 2759 16,
1078 2713 1144 2749 ubi
1169 2713 1216 2750 de
1239 2726 1348 2750 uerae
1371 2716 1599 2753 discretionis

126 2765 332 2800 humilitate
371 2761 548 2808 loquitur.
613 2760 668 2797 Cf.
705 2761 797 2797 Con.
828 2773 887 2797 xv.
921 2770 941 2805 7
974 2760 1179 2797 Humilitas
1221 2767 1271 2798 est
1313 2774 1395 2807 erqo
1436 2765 1600 2800 omnium

125 2813 302 2858 mayistra
340 2812 534 2853 uirtutum,
565 2810 648 2855 ipsa
687 2813 739 2845 est
776 2810 935 2845 caelestis
977 2810 1138 2853 aedificii
1168 2811 1427 2854 firmissimum
1456 2812 1599 2857 funda-

126 2865 296 2903 mentum,
323 2860 406 2904 ipsa
432 2862 483 2892 est
513 2858 648 2892 donum
669 2858 867 2903 proprium
895 2861 928 2892 et
954 2857 1188 2901 maqmficum
1215 2858 1420 2893 Saluatomze
1450 2857 1596 2907 (Migne

125 2908 168 2944 P.
186 2909 244 3002 ιζ
247 2905 338 2942 xlix.
361 2906 439 2952 528,
462 2913 564 2951 1005,
584 2907 704 2951 1307).
894 2913 938 2950 23
963 2905 1119 2941 Athenio
1143 2906 1236 2942 etc.:
1261 2903 1344 2941 Val.
1372 2904 1475 2942 Max.
1498 2906 1547 2944 iv.
1575 2916 1594 2954 5

127 2956 205 2993 ext.
264 2964 298 2991 2.

1419 3009 1485 3052 283
