1846 3262
164 226 266 262 cu».
285 214 373 278 xx]
678 216 1121 264 POLICRATICVS
1662 229 1750 270 '195
1769 218 1798 259 d

166 337 398 389 Dominus,
425 338 636 395 quoniam
667 339 812 383 omnis
841 339 931 383 ista
958 340 1219 398 compositio
1249 355 1339 384 non
1372 354 1430 383 ex
1460 338 1646 382 libidine

165 407 245 451 sed
279 422 336 450 ex
366 408 538 452 uirtute
569 409 804 467 pendebat.
863 409 922 452 Et
951 410 1053 453 ideo
1087 410 1307 453 Dominus
1337 410 1452 453 hanc
1484 409 1534 451 in
1568 409 1648 451 illa

165 477 546 536 pulchritudinem
579 479 817 537 ampliauit
850 483 904 523 ut
937 480 1273 538 incomparabili
1312 480 1468 524 decore
1507 480 1648 523 oculis

165 548 366 591 omnium
406 552 651 606 appareret.
730 549 845 592 Illuc
884 565 991 607 ergo
1029 550 1293 608 perueniens
1332 554 1380 594 et
1416 550 1646 608 publicum

127 632 148 669 5
166 621 352 676 captans
371 618 544 662 hostem
559 618 679 662 dixit
693 619 850 662 Iudith
867 619 1127 664 Holoferni:
1156 620 1293 664 Sume
1307 621 1446 664 uerba
1460 620 1647 664 ancillae

166 691 273 731 tuae
302 688 525 746 quoniam,
555 689 593 732 si
634 703 686 732 ea
719 693 898 733 secutus
928 689 1080 741 fueris,
1111 690 1356 748 perfectam
1385 706 1478 734 rem
1510 690 1648 734 faciet

166 757 290 802 Deus
322 760 484 801 tecum.
554 758 684 802 Viuit
718 759 837 802 enim
872 759 917 802 Ν
919 760 1258 818 abugodonosor
1296 776 1378 804 rex
1410 764 1568 812 terrae,
1600 763 1648 804 et

164 827 286 871 uiuit
318 828 467 871 uirtus
495 831 577 872 tua
603 844 717 886 quae
750 833 818 873 est
848 829 897 872 in
924 834 970 874 te
1000 830 1059 873 ad
1090 831 1416 888 correptionem
1446 831 1646 874 omnium

166 898 419 941 animarum
450 899 709 950 errantium,
735 901 946 956 quoniam
973 915 1064 943 non
1094 901 1240 944 solum
1267 901 1470 946 homines
1496 901 1574 945 sed
1601 904 1647 944 et

107 983 151 1007 io
167 968 336 1011 bestiae
355 968 454 1026 agri
473 968 679 1011 seruiunt
697 968 764 1011 illi
785 983 865 1026 per
884 972 930 1012 te
950 973 996 1013 et
1015 970 1327 1027 obtemperant
1347 971 1401 1015 ei.
1451 971 1645 1014 Nuntia-

167 1041 245 1081 tur
263 1037 383 1080 enim
403 1038 551 1081 uirtus
570 1041 616 1081 et
630 1038 855 1081 industria
874 1039 1013 1082 animi
1033 1039 1102 1083 tui
1122 1040 1345 1083 uniuersis
1364 1040 1586 1098 gentibus,
1601 1043 1647 1083 et
1663 1036 1752 1086 796
1774 1046 1804 1075 ³

166 1107 413 1151 indicatum
433 1111 502 1151 est
520 1108 642 1151 omni
662 1108 810 1151 seculo
829 1109 936 1166 quia
955 1112 1007 1152 tu
1026 1109 1147 1153 solus
1172 1113 1331 1168 potens
1359 1126 1405 1154 ω
1431 1114 1478 1154 et
1504 1111 1647 1154 bonus

165 1178 214 1221 in
251 1178 373 1222 omni
413 1193 551 1236 regno
584 1178 690 1229 eius,
726 1181 773 1221 et
806 1178 1042 1236 disciplina
1075 1183 1157 1223 tua
1191 1180 1398 1223 omnibus
1436 1181 1648 1238 gentibus

164 1247 460 1305 praedicatur.
519 1247 579 1291 Et
598 1248 794 1292 adiciens
808 1249 897 1292 ait:
926 1249 1122 1292 Veniens
1141 1250 1360 1293 nuntiabo
1380 1250 1464 1293 tibi
1484 1251 1647 1301 omnia,

102 1317 232 1369 15ita
269 1320 323 1361 ut
360 1317 578 1361 adducam
618 1321 664 1361 te
702 1333 783 1375 per
820 1319 1013 1362 mediam
1053 1319 1336 1363 Hierusalem
1376 1322 1423 1363 et
1462 1320 1647 1370 habebis

165 1401 342 1430 omnem
372 1387 588 1445 populum
621 1387 760 1431 Israel
792 1388 910 1432 sicut
939 1403 1045 1432 oues
1072 1389 1236 1447 quibus
1259 1404 1350 1433 non
1376 1393 1445 1433 est
1470 1393 1648 1447 pastor;

167 1461 215 1500 et
233 1472 324 1500 non
342 1456 530 1501 latrabit
549 1457 622 1501 uel
642 1472 760 1501 unus
779 1458 902 1502 canis
922 1462 1079 1502 contra
1098 1463 1155 1511 te,
1177 1460 1388 1517 quoniam
1408 1460 1517 1503 haec
1536 1460 1649 1503 mihi

165 1526 287 1571 dicta
306 1529 414 1571 sunt
439 1542 520 1585 per
545 1527 875 1585 prouidentiam
904 1528 1004 1574 Dei.
1062 1528 1182 1583 Quid
1201 1544 1367 1586 quaoeo
1392 1530 1648 1573 insidiosius

166 1597 424 1655 excogitari,
444 1597 554 1654 quid
573 1597 815 1655 captiosius
836 1598 923 1642 dici
943 1601 1092 1656 potest
1118 1599 1202 1643 hac
1228 1599 1393 1643 mistici
1420 1600 1646 1658 dispensa-

104 1687 150 1711 ιο
166 1666 289 1710 tione
322 1666 525 1711 consilii}
600 1667 731 1711 Dixit
762 1668 916 1725 itaque
953 1668 1247 1712 Holofernes:
1290 1669 1396 1712 Non
1435 1673 1504 1713 est
1541 1669 1647 1712 talis

164 1736 328 1779 mulier
349 1751 485 1794 super
513 1740 680 1780 terram
709 1737 758 1780 in
788 1741 971 1795 aspectu
1000 1741 1046 1781 et
1074 1738 1409 1796 pulchritudine
1439 1742 1485 1782 et
1513 1754 1647 1782 sensu

164 1805 417 1850 uerborum.
478 1805 569 1850 Cor
593 1807 713 1850 enim
740 1807 836 1850 eius
862 1822 1123 1851 concussum
1143 1808 1331 1851 ardebat
1350 1809 1398 1851 in
1417 1809 1646 1867 concupis·

156 1875 311 1919 centia
338 1876 444 1919 eius.
503 1875 746 1933 Dixitque:
777 1877 888 1920 Bibe
914 1892 1045 1928 nunc,
1065 1880 1112 1920 et
1140 1878 1349 1921 accumbe
1375 1878 1424 1920 in
1444 1877 1642 1922 iocundi-

163 1948 272 1996 tate,
303 1946 515 2003 quoniam
554 1946 768 1989 inuenisti
807 1947 1002 2004 gratiam
1034 1962 1182 1990 coram
1222 1962 1306 1992 me.
1377 1948 1483 2005 Ipsa
1521 1963 1640 1999 uero,
1655 1947 1687 1986 b

103 2039 147 2074 ²5
165 2029 280 2072 quae
328 2015 549 2058 luxuriari
595 2030 686 2059 non
732 2020 931 2066 uenerat,
973 2017 1077 2060 fidei
1126 2020 1173 2059 et
1211 2016 1495 2060 fortitudinis
1536 2033 1643 2061 suae

165 2085 465 2128 instrmento
485 2100 568 2128 usa
587 2089 657 2128 est
676 2085 858 2128 luxuria
876 2086 1036 2131 aliena.
1086 2086 1235 2129 Etiam
1257 2089 1303 2130 et
1322 2087 1646 2138 crudelitatem,

163 2168 300 2212 quam
320 2154 455 2198 semel
474 2155 642 2213 sopiuit
661 2155 905 2206 blanditiis,
919 2155 967 2198 in
988 2155 1142 2213 populi
1162 2155 1424 2200 liberatione
1443 2157 1646 2201 caritatis

162 2225 301 2268 armis
329 2225 502 2268 occidit.
562 2225 786 2269 Percussit
814 2241 920 2284 ergo
953 2225 1243 2269 Holofernem
1273 2226 1322 2269 in
1351 2227 1568 2270 ceruicem
1598 2231 1647 2271 et

163 2294 356 2338 abscidit
394 2298 530 2352 caput
568 2295 664 2338 eius
707 2298 753 2338 et
801 2295 992 2338 tradidit
1039 2295 1153 2338 illud
1200 2295 1387 2339 ancillae
1435 2311 1543 2340 suae
1591 2301 1646 2341 ut

105 2391 147 2424 30
164 2368 408 2422 poneretur
435 2365 484 2408 in
514 2379 667 2423 peram
698 2365 1018 2422 reportandum
1046 2365 1096 2408 in
1122 2365 1291 2418 urbem,
1311 2380 1425 2423 quae
1454 2367 1645 2410 salutem

165 2434 316 2479 fuerat
335 2437 608 2492 consequuta
622 2435 670 2477 in
683 2449 820 2478 manu
840 2434 1045 2479 feminae.
1105 2435 1204 2479 Hoc
1223 2439 1375 2478 tamen
1395 2437 1645 2480 cauendum

164 2579 187 2615 3
213 2567 515 2615 pulcritudinem
533 2568 613 2605 AS:
638 2568 932 2616 pulchredinem
948 2568 990 2606 M
1156 2570 1180 2606 6
1205 2571 1386 2624 sequutus
1404 2569 1428 2606 S
1599 2581 1646 2608 io

162 2619 437 2701 affigentuaigt
452 2616 513 2653 AS
636 2628 678 2655 12
696 2620 735 2654 et
752 2617 876 2654 bonus
892 2628 933 2654 es
950 2616 976 2654 S
1105 2628 1146 2654 21
1175 2618 1434 2664 pulcritudine
1450 2617 1477 2654 S
1596 2620 1645 2657 26

215 2794 235 2832 5
260 2787 369 2821 Sume
386 2787 483 2822 etc:
506 2797 542 2820 v.
562 2785 693 2821 Iudith
710 2784 760 2821 xi.
777 2795 916 2831 4seqq.
950 2832 959 2839 ·
1054 2832 1063 2840 ο
1099 2795 1142 2830 14
1172 2786 1326 2822 Veniens
1342 2787 1437 2823 etc.:
1460 2798 1494 2824 v.
1512 2786 1643 2824 Iudith

166 2832 217 2870 xi.
239 2842 301 2888 15..
396 2844 458 2887 “20
481 2835 565 2870 Non
582 2839 632 2870 est
648 2835 735 2870 talis
750 2834 823 2870 etc.
840 2846 849 2868 ε
877 2832 1007 2890 Iudith
1025 2844 1075 2869 xi.
1097 2844 1151 2879 ¹9-
1250 2881 1258 2888 ι
1271 2844 1315 2870 22
1345 2836 1418 2871 Cor
1430 2837 1528 2871 enim
1544 2838 1617 2873 etc.
1632 2849 1643 2874 z

166 2893 199 2918 v.
217 2880 349 2917 Iudith
367 2893 432 2917 xii.
454 2883 497 2918 16
510 2893 589 2927 seq.
733 2883 778 2919 28
803 2882 986 2918 Pmusat
1001 2883 1100 2919 etc.:
1123 2893 1157 2918 v.
1174 2880 1306 2919 Iudith
1323 2892 1405 2919 xiii.
1426 2893 1555 2931 ioseq.

231 2953 314 2973 vm
336 2953 359 2972 u
856 2943 879 2980 3
909 2942 934 2972 0
1467 2947 1530 2983 377
