1846 3262
149 240 252 277 ou.
265 230 307 288 1]
380 272 385 273 ff
675 216 1123 276 PomeRATIovs
1306 230 1310 232 ·
1660 244 1738 286 591
1758 245 1785 276 c

147 351 284 396 unius
315 365 433 410 pena
462 351 672 395 liberatio
704 352 766 396 sit
799 352 1062 407 multorum,
1090 350 1199 396 tolle
1230 354 1277 396 et
1312 351 1411 396 dele
1441 351 1562 397 hunc
1593 355 1648 397 ut

147 421 280 466 uiuat
302 425 350 466 et
375 422 528 466 ualeat
547 422 784 466 Barrabas.
846 422 1014 467 Omnes
1040 422 1161 466 enim
1188 425 1297 466 sunt
1328 422 1458 480 quasi
1485 438 1647 481 corpus

146 505 289 536 unum
328 492 460 551 quod,
495 493 613 537 sicut
652 493 897 537 manifesta
928 493 1205 537 conuincunt
1238 507 1388 551 opera,
1423 508 1481 537 ex
1516 497 1647 551 patre

146 562 327 607 diabolo
358 567 439 617 est,
468 563 597 607 cuius
627 564 706 607 isti
738 567 846 607 sunt
877 564 1091 608 membra.
1154 563 1347 622 Egregie
1377 564 1559 622 quidem
1590 564 1647 608 de

106 647 129 683 5
146 633 249 678 istis
282 633 443 678 beatus
474 634 559 678 Iob
590 635 682 678 ait:
725 633 901 692 Corpus
932 635 1055 678 illius
1087 634 1217 692 quasi
1249 637 1379 678 scuta
1411 634 1567 678 fusilia
1599 639 1647 680 et

145 707 429 763 compactum
456 705 656 763 squamis
683 720 731 749 se
758 705 1091 763 prementibus;
1121 719 1215 748 una
1240 705 1321 749 uni
1341 705 1645 764 coniungitur,

146 778 194 819 et
222 790 280 819 ne
309 775 585 834 spiraculum
615 775 798 833 quidem
830 776 1000 820 incedit
1028 790 1110 834 per
1145 790 1242 829 eas3
1282 790 1376 819 una
1406 776 1537 820 alteri
1572 791 1644 820 co-

144 845 333 897 herebit,
350 849 396 890 et
415 849 621 890 tenentes
641 861 688 890 se
708 861 993 904 nequaquam
1013 846 1356 903 separabuntur.
1405 847 1643 891 Assistunt

144 916 245 968 sibi,
265 916 373 974 quia
395 919 704 961 conuenerunt
730 916 779 959 in
806 931 949 959 unum
976 916 1193 960 aduersus
1213 916 1460 960 Dominum
1488 926 1536 961 et
1562 917 1639 961 ad-
1656 919 1687 960 d

85 1002 131 1030 xo
145 1000 305 1030 uersus
339 985 575 1031 Christum
616 987 724 1031 eius.
800 986 1036 1044 Tantaque
1076 987 1236 1045 uigent
1276 988 1547 1032 auctoritate
1587 992 1642 1032 ut

144 1057 360 1116 quicquid
399 1058 601 1102 dixerint
640 1058 707 1101 ita
738 1058 943 1102 obtineat
974 1072 1026 1101 ac
1058 1057 1097 1101 si
1133 1057 1396 1102 inueniatur
1430 1058 1479 1101 in
1515 1059 1643 1103 actis.

142 1128 394 1172 Attestatio
433 1143 587 1172 eorum
627 1129 815 1172 ueritati
855 1128 1149 1186 praeiudicat.
1208 1128 1315 1172 Non
1355 1131 1425 1172 est
1464 1133 1645 1186 praeter

142 1198 391 1257 principem
426 1199 500 1243 cui
535 1199 671 1243 liceat
705 1199 891 1243 obuiare
927 1214 1081 1243 eorum
1117 1198 1367 1243 sententiis.
1428 1199 1532 1243 Nisi
1567 1215 1643 1244 eos

142 1269 350 1328 princeps
371 1269 616 1324 coherceat,
636 1270 742 1315 licet
761 1285 916 1315 omnes
936 1270 1091 1314 dicant
1117 1269 1227 1327 quia
1245 1284 1339 1328 pax
1358 1272 1440 1323 est,
1461 1285 1552 1314 non
1574 1274 1644 1315 est

82 1357 126 1393 15
143 1339 303 1398 utique
335 1354 439 1398 pax,
474 1343 556 1384 aut
590 1341 670 1384 illa
709 1356 802 1399 pax
836 1341 932 1385 sola
966 1346 1036 1384 est
1070 1340 1120 1383 in
1155 1354 1246 1397 qua
1281 1343 1350 1383 est
1385 1340 1643 1385 amaritudo

142 1410 434 1454 amarissima.
485 1410 607 1454 Nam
622 1426 725 1455 cum
745 1411 858 1455 alias
878 1411 1037 1455 habita
1057 1410 1364 1454 moderatione
1385 1410 1642 1469 inculpatae

140 1480 313 1526 tutelae
335 1481 431 1524 uim
459 1481 508 1525 ui
538 1482 754 1540 repellere
783 1482 929 1536 liceat,
949 1481 1312 1526 concutientibus
1341 1481 1642 1539 spoliantibus

139 1551 457 1610 torquentibus
487 1552 559 1596 his
588 1553 755 1597 mutire
785 1568 877 1598 non
907 1553 1040 1605 licet3
1081 1552 1195 1595 iuris
1225 1552 1393 1595 etenim
1425 1552 1643 1596 uidentur

141 1637 238 1666 esse
269 1622 479 1666 ministri.
539 1623 796 1668 Excusatur
829 1624 908 1682 qui
940 1623 1113 1681 aliquid
1146 1622 1205 1666 ob
1240 1622 1433 1666 tutelam
1468 1622 1642 1680 proprii

82 1705 130 1737 το,
142 1692 341 1750 corporis
380 1693 562 1748 fecerit3
600 1694 640 1737 si
670 1698 824 1738 tamen
856 1693 1018 1751 quauis
1053 1692 1222 1736 iniuria
1251 1692 1539 1736 trahentibus
1568 1692 1641 1736 his

140 1762 373 1817 restiterit,
386 1763 553 1822 dignus
571 1779 689 1822 pena
709 1764 911 1822 qualibet
930 1764 1169 1808 iudicatur.
1230 1763 1281 1807 Si
1301 1763 1471 1807 crinem
1483 1763 1639 1806 turba-

139 1835 240 1877 tum
260 1836 308 1876 et
326 1836 563 1892 turpatum
582 1835 821 1892 protrahit,
841 1835 880 1878 si
908 1834 1096 1878 barbam
1121 1834 1264 1887 uellit,
1283 1833 1323 1877 si
1350 1848 1482 1877 aures
1509 1833 1638 1891 quasi
1655 1844 1740 1886 592
1760 1846 1791 1876 a

139 1902 331 1946 nimium
351 1903 511 1948 breues
531 1905 751 1963 producit,
772 1905 811 1949 si
841 1905 922 1948 dat
945 1905 1124 1962 alapam
1151 1907 1234 1948 aut
1259 1904 1457 1962 percutit
1485 1918 1640 1962 pugno

140 1973 291 2032 impie,
302 1974 342 2018 si
361 1974 555 2019 alterum
576 1976 696 2019 eruit
714 1975 907 2029 oculum,
918 1975 1092 2019 sustine
1111 1975 1350 2032 patienter,
1362 1974 1451 2018 nisi
1463 1977 1639 2017 utrum-

80 2061 129 2098 ²³
143 2057 231 2101 que
274 2044 406 2088 malis
444 2045 677 2099 amittere3
723 2045 831 2103 quia
864 2044 1078 2103 quicquid
1118 2047 1426 2102 praesumunt,
1461 2043 1640 2089 Cesaris

141 2114 306 2159 dextra
333 2114 507 2160 factum
535 2116 760 2161 iactitant.
818 2115 869 2160 Si
899 2117 1042 2160 telum
1071 2131 1211 2159 manu
1239 2119 1402 2174 gestas,
1432 2116 1471 2159 si
1506 2130 1638 2173 spon-

139 2187 322 2229 taneam
337 2186 559 2231 detrectas
574 2187 788 2245 praebere
802 2187 1033 2238 ceruicem,
1045 2190 1252 2230 uentrem
1267 2187 1424 2238 nudat,
1438 2189 1639 2230 ostentat

138 2255 359 2314 iugulum,
390 2257 609 2301 ceruicem
649 2257 868 2309 extendit,
900 2261 947 2301 et
981 2261 1027 2301 te
1062 2260 1280 2315 prouocat
1314 2260 1379 2307 ut,
1411 2257 1450 2300 si
1486 2256 1637 2307 audes,

139 2324 318 2370 Cesaris
337 2326 555 2371 intestina
575 2327 666 2371 telo
686 2327 863 2371 rimeris
890 2331 936 2371 et
963 2342 1052 2384 quo
1079 2327 1265 2370 libuerit
1291 2327 1423 2370 modo
1450 2341 1636 2369 manum

80 2409 126 2445 30
140 2396 298 2440 mittas
316 2397 366 2440 in
382 2396 617 2451 Cesarem;
647 2413 694 2441 se
714 2398 835 2441 enim
854 2412 1091 2455 personam
1108 2396 1285 2441 Cesaris
1305 2411 1459 2455 gerere
1471 2396 1634 2454 gloria—

139 2469 230 2511 tur.
288 2468 353 2510 At
372 2467 410 2510 si
432 2468 540 2511 haec
561 2471 630 2510 est
649 2468 838 2511 dextera
859 2466 1047 2518 Cesaris,
1068 2481 1290 2524 quaenam
1311 2466 1496 2509 sinistra
1516 2467 1634 2511 en'tss

140 2535 348 2580 Profecto
369 2536 508 2580 factio
532 2537 723 2581 istorum
744 2552 836 2580 non
859 2537 1082 2580 iustitiam
1103 2537 1346 2594 exequitur
1365 2536 1443 2580 sed
1468 2536 1635 2589 illudit,

140 2665 166 2702 6
188 2663 258 2701 uni
273 2677 353 2701 una
368 2664 538 2701 C²BA¹M
693 2673 715 2710 7
741 2664 898 2711 quidem
915 2676 983 2700 om.
1002 2663 1170 2700 cBASM
1326 2674 1369 2702 12
1394 2662 1590 2701 Atestaoio
1609 2662 1634 2701 S

141 2721 187 2760 25
213 2712 343 2761 malis]
360 2712 485 2749 mauis
502 2712 544 2748 M
687 2723 745 2759 30,
765 2723 808 2760 31
836 2712 1057 2760 gloriantur
1072 2712 1105 2748 B

190 2834 225 2870 3,
242 2834 266 2868 4
290 2836 336 2860 ex
347 2829 457 2870 patre
472 2825 637 2860 diabolo:
662 2834 695 2859 v.
712 2822 847 2860 Ioann.
864 2822 943 2859 viii.
961 2832 1022 2868 44.
1202 2830 1221 2869 5
1251 2822 1395 2868 Corpus
1411 2822 1517 2858 illius
1533 2824 1633 2859 etc.:

142 2871 212 2908 Iob
229 2871 296 2907 xli.
313 2872 395 2908 6-8.
545 2919 554 2926 ·
575 2882 599 2918 9
624 2877 875 2908 conuenerunt
891 2873 988 2907 etc.:
1015 2870 1074 2907 ΡΒ.
1090 2869 1131 2906 ii.
1151 2880 1185 2907 2.
1372 2880 1521 2925 1⁴„13‘lx
1538 2872 1609 2907 etc.
1625 2882 1635 2907 ε

142 2931 177 2957 v.
193 2919 330 2957 Ierem.
347 2919 396 2956 vi.
416 2929 472 2967 14,
489 2919 568 2956 viii.
591 2930 646 2958 11.
796 2929 837 2966 15
863 2921 906 2955 in
922 2931 993 2966 qua
1012 2925 1063 2956 est
1080 2920 1176 2956 etc.:
1203 2931 1236 2956 v.
1253 2917 1300 2955 Is.
1317 2929 1474 2956 xxxvm.
1495 2928 1550 2963 17.

1504 3002 1523 3036 7
