1846 3262
174 226 277 262 CAP.
289 211 396 278 xxx]
687 217 1132 263 POLICRATICVS
1673 217 1758 261 802
1778 231 1808 260 a

171 337 342 395 pietate
361 337 595 382 nudatum.
653 338 904 396 Imperator
928 341 1079 382 autem
1109 338 1244 382 silens
1267 338 1492 390 abscessit,
1511 339 1655 397 philo-

171 407 363 465 sophum
391 408 619 462 simulans,
650 411 704 452 ut
738 410 1037 452 ostentatione
1068 409 1313 467 patientiae
1347 410 1655 468 paganitatem

172 477 416 521 roboraret.
477 478 595 535 Lege
627 481 778 522 autem
812 478 1011 522 inhibuit
1041 494 1097 522 ne
1133 479 1406 523 Galileorum
1437 479 1518 522 filii
1551 494 1655 536 poe·

171 548 322 590 tarum
361 548 591 591 rethorum
635 552 682 591 et
727 548 1092 606 philosophorum
1140 549 1341 607 legerent
1384 549 1653 607 disciplinas.
1693 570 1695 572 ·

132 636 152 670 5
172 616 381 675 Propriis,
412 618 573 675 inquit,
604 618 708 661 telis
738 618 981 662 secundum
1013 619 1300 676 prouerbium
1334 619 1651 671 uulneramur;

169 701 227 730 ex
254 687 421 731 nostris
450 689 569 731 enim
601 688 779 741 armati,
809 703 866 731 ex
897 689 1063 732 nostris
1091 689 1465 746 conscriptoribus
1494 692 1651 732 contra

167 770 250 800 nos
283 757 401 801 bella
434 757 696 815 suscipiunt.
755 758 910 801 Posuit
941 760 987 801 et
1018 758 1152 801 aliam
1184 758 1341 816 legem,
1373 758 1650 816 praecipiens

168 826 362 871 Galileos
381 827 544 885 expelli
564 827 751 871 militiis.
812 828 991 872 Adiecit
1017 831 1064 871 et
1090 828 1225 871 aliam
1246 832 1299 871 ut
1328 828 1512 872 Galileis
1532 828 1650 871 bona

166 896 466 951 auferrentur,
503 898 714 955 quoniam
749 897 959 942 Christus
998 913 1151 942 eorum
1183 913 1258 942 eos
1297 913 1515 956 pauperes
1553 913 1648 942 esse

106 979 153 1006 10
166 971 463 1025 praeceperat.
522 967 713 1025 Scripsit
732 967 1019 1026 Apollinaris,
1041 968 1115 1011 uir
1133 968 1290 1012 doctus
1310 971 1356 1012 et
1375 968 1643 1026 ingeniosus,

165 1037 337 1094 eroycis
355 1037 560 1081 uersibus
578 1052 660 1095 pro
681 1037 866 1081 Homeri
886 1041 1090 1096 poemate
1110 1037 1378 1081 Hebraicam
1398 1039 1642 1095 antiquita·
1657 1036 1688 1075 b

163 1109 256 1150 tem
295 1110 343 1150 et
379 1107 429 1150 in
466 1107 556 1150 alio
594 1122 727 1165 opere
775 1108 980 1151 imitatus
1020 1111 1089 1151 est
1136 1108 1357 1152 comedias
1407 1108 1644 1151 Menandri

162 1175 454 1220 fabulositate
474 1177 676 1221 deducta.
736 1177 965 1235 Euripidis
988 1192 1164 1235 quoque
1190 1177 1417 1236 tragedias
1440 1181 1488 1220 et
1512 1178 1645 1222 liram

163 1245 347 1290 Pindari
375 1250 554 1290 secutus
578 1250 647 1290 est
659 1261 670 1300 ;
699 1250 746 1290 et
775 1247 978 1291 absolute
999 1247 1236 1291 dicendum
1261 1247 1379 1304 quia,
1400 1262 1457 1290 ex
1477 1247 1645 1291 diuinis

103 1324 144 1364 ¹5
159 1315 394 1374 scripturis
441 1320 709 1375 argumenta
756 1332 948 1370 sumens,
988 1332 1141 1361 omnes
1184 1317 1390 1361 enciclias
1433 1317 1645 1376 lectiones

158 1388 359 1444 tempore
377 1401 520 1444 paruo
545 1387 804 1445 composuit,
827 1402 1014 1431 numero
1036 1388 1208 1431 uirtute
1235 1388 1434 1431 moribus
1453 1389 1644 1432 conscri-

156 1455 312 1514 ptione
350 1456 583 1500 karactere
631 1460 678 1500 et
717 1457 1008 1515 dispositione
1047 1457 1289 1501 Grecorum
1329 1457 1463 1501 ualde
1500 1473 1643 1515 pares.

157 1525 284 1569 Fecit
302 1529 349 1570 et
367 1526 533 1569 librum
551 1526 747 1570 nobilem
761 1527 835 1570 Ad
854 1527 1002 1585 ipsum
1022 1527 1345 1585 Imperatorem
1360 1527 1455 1571 siue
1472 1527 1643 1571 Contra

158 1593 462 1653 Philosophos,
493 1596 542 1638 in
577 1611 666 1653 quo
704 1597 856 1640 tacitis
890 1612 1041 1641 sacrae
1074 1598 1333 1656 Scripturae
1372 1598 1642 1642 testimoniis

99 1680 144 1706 ιο
157 1663 258 1708 illos
268 1664 569 1724 irrefragabili
585 1667 759 1710 ratione
774 1667 974 1724 desipere
989 1668 1200 1725 probauit
1220 1671 1266 1711 et
1280 1682 1326 1711 se
1346 1682 1455 1711 uera
1474 1669 1641 1712 sentire

156 1733 214 1777 de
228 1733 336 1778 Deo.
376 1735 502 1788 Quae
516 1735 668 1793 legens
680 1736 924 1794 imperator
935 1737 1067 1780 claris
1082 1740 1190 1781 tunc
1203 1738 1381 1795 scripsit
1397 1738 1612 1795 episcopis
1627 1755 1638 1780 ε

155 1803 266 1862 Legi
280 1807 327 1848 et
341 1805 617 1862 reprehendi.
675 1805 761 1850 Oui
774 1806 967 1864 episcopi
982 1807 1327 1864 rescripserunt:
1358 1807 1456 1851 Etsi
1476 1808 1638 1865 legisti,

154 1888 247 1917 non
276 1875 527 1932 agnouisti3
562 1875 601 1918 si
634 1875 753 1918 enim
785 1876 1054 1933 agnouisses,
1085 1891 1367 1934 nequaquam
1399 1878 1635 1934 reprehen-
1654 1891 1680 1920 c

155 1942 306 1987 disses.
338 1944 492 1987 Basilii
505 1947 656 1988 autem
663 1943 943 2002 Capadoceni
956 1945 1153 1989 creditur
1164 1946 1273 1989 haec
1286 1946 1424 1990 fuisse
1436 1947 1635 2004 epistola.

94 2027 138 2063 ²5
156 2013 351 2057 Veniens
370 2013 656 2058 Antiochiam
675 2015 919 2072 imperator
938 2030 990 2058 eo
1010 2016 1129 2072 quod
1149 2016 1190 2059 ei
1210 2020 1326 2059 esset
1344 2017 1484 2060 barba
1503 2017 1636 2060 ualde

154 2083 372 2141 promissa
391 2083 564 2126 derisus
584 2088 663 2135 est,
679 2085 931 2128 dicentibus
945 2085 1266 2130 Antiochenis:
1295 2087 1563 2140 Tondeatur,
1580 2090 1636 2130 ut

151 2153 212 2196 ad
243 2153 376 2197 funes
409 2153 551 2196 barba
584 2154 679 2198 eius
719 2155 935 2212 proficiat.
994 2155 1065 2206 Et,
1100 2156 1207 2212 quia
1235 2159 1418 2199 taurum
1452 2172 1636 2200 consue-

152 2227 283 2267 uerat
311 2223 553 2276 immolare,
573 2227 755 2267 taurum
784 2227 830 2268 et
859 2239 984 2267 aram
1004 2239 1085 2268 suo
1115 2225 1300 2268 formari
1329 2227 1555 2284 praecepit
1584 2227 1635 2270 in

152 2293 275 2336 solio.
334 2293 601 2337 Lacerantes
626 2309 732 2351 ergo
752 2295 982 2338 dicebant:
1011 2295 1105 2338 Iste
1131 2299 1289 2339 taurus
1316 2297 1481 2339 euertit
1503 2311 1634 2339 mun-

94 2377 138 2411 30
153 2363 262 2406 dum
274 2377 286 2416 ;
315 2365 374 2414 et,
392 2363 480 2406 nisi
508 2378 609 2406 eum
637 2364 852 2407 Libanius
879 2369 1142 2416 reuocasset,
1170 2366 1372 2423 grauiter
1401 2366 1636 2410 afflixisset

153 2486 187 2522 3,
205 2486 229 2521 4
252 2475 482 2522 poetharum
501 2475 563 2512 CB
663 2486 702 2513 11
728 2475 862 2513 eroicis
879 2475 904 2512 S
976 2476 1168 2514 ebraicam
1186 2476 1254 2514 SM
1353 2488 1396 2514 12
1414 2478 1614 2515 Menandri

150 2523 196 2560 in
224 2523 387 2560 euandri
413 2523 548 2578 CBA¹3
586 2524 747 2578 euandri
774 2524 847 2560 A':
885 2524 1086 2561 menandri
1117 2524 1185 2561 SM
1353 2534 1395 2571 15
1431 2526 1613 2563 enciclias

151 2604 356 2643 encleticas
383 2572 659 2642 Mznffigss
678 2605 740 2642 AS
883 2617 942 2650 20,
973 2616 1014 2643 21
1054 2606 1102 2643 de
1132 2607 1203 2644 deo
1229 2606 1367 2643 senu're
1392 2606 1439 2643 A¹
1581 2617 1626 2656 25

150 2653 362 2701 imperator
377 2652 613 2690 antiochiam
630 2653 671 2689 M
814 2654 860 2690 26
885 2654 1036 2701 prolixa
1049 2653 1141 2691 A²S²
1234 2654 1450 2692 antiocenis
1466 2653 1506 2691 S¹

199 2764 220 2799 3
244 2755 338 2799 Lege
356 2755 453 2790 etc.:
483 2765 516 2788 v.
536 2753 699 2790 Cassiod.
716 2755 814 2790 Hm.
835 2755 934 2800 Tn‘p.
952 2753 1001 2791 vi.
1022 2764 1079 2799 17.
1269 2756 1293 2792 6
1318 2767 1365 2791 ex
1387 2757 1523 2792 nostris
1544 2769 1630 2793 eon-

148 2802 407 2856 oqn'ptoribue:
431 2803 756 2848 conscriptionibus
772 2801 935 2838 Cassiod.
1156 2803 1178 2839 8
1201 2803 1346 2839 Adiecit
1361 2805 1459 2840 etc.:
1483 2816 1517 2840 v.
1533 2803 1626 2842 ibid.

149 2861 212 2934 ”th
218 2859 276 2896 39.
323 2850 620 2943 'b'dio'STwn
636 2851 868 2897 Apollinaris
883 2852 978 2887 etc.:
1005 2862 1038 2888 v.
1054 2849 1146 2887 ibid.
1163 2849 1213 2888 vi.
1229 2860 1287 2898 37.
1398 2860 1442 2899 25
1474 2853 1630 2890 Veniens

149 2908 171 2934 e
213 2910 246 2934 .:
270 2909 335 2934 ιι
361 2909 376 2933 1
429 2908 477 2934 vi.
517 2908 555 2934 o.

1450 2956 1515 3000 387
