1846 3262
51 202 136 250 624
157 209 183 240 c
532 198 796 243 IOANNIS
836 196 1356 243 SARESBERIENSIS
1455 232 1458 236 .
1505 193 1690 256 [man

199 336 228 365 a
256 321 566 366 communione
597 321 793 365 fratrum
823 321 1061 365 sinceriore
1091 320 1188 363 iure
1218 317 1523 377 proueniebat,
1550 317 1689 360 inter-

198 392 307 436 dum
334 393 533 450 accipere
560 407 799 450 persuasus
828 395 906 435 est.
968 391 1081 445 Quis
1107 405 1198 434 non
1225 391 1406 446 stupeat
1433 388 1690 445 episcopum

199 462 541 506 Praenestinum
577 463 655 520 qui
695 462 956 519 scrupulum
996 460 1292 505 conscientiae
1332 461 1536 502 metuens
1576 458 1623 499 et
1661 471 1690 499 a

197 532 542 590 participatione
566 532 787 576 bonorum
812 532 1115 576 communium
1136 529 1425 574 abstinebatZ
1485 527 1689 570 Plurium

198 604 329 645 tanta
368 602 599 654 modestia,
629 605 760 646 tanta
799 602 1003 660 grauitas
1043 604 1111 644 est
1151 603 1205 644 ut
1245 598 1449 643 Fabricio
1489 612 1580 640 non
1620 596 1688 639 in·
1705 610 1729 644 5

154 677 184 718 d
199 673 443 718 ueniantur
462 672 709 724 inferiores,
723 686 856 730 quem
871 672 1029 730 agnita
1044 671 1203 715 salutis
1223 670 1300 713 uia
1319 668 1463 712 modis
1479 667 1688 711 omnibus

199 743 482 786 antecedunt.
545 742 664 796 Quia
685 757 791 800 ergo
812 742 967 794 instas,
979 757 1125 800 urges,
1138 740 1367 799 praecipis,
1384 754 1486 782 cum
1513 740 1687 781 certum

197 813 258 856 sit
278 813 399 870 quod
427 812 620 870 Spiritui
641 816 795 856 sancto
816 812 999 856 mentiri
1019 827 1110 855 non
1130 811 1247 863 licet,
1268 810 1414 853 fateor
1440 808 1547 866 quia
1567 807 1688 865 quod

195 883 416 941 praecipis
466 882 723 926 faciendum
765 884 844 933 est,
880 882 965 925 etsi
1014 896 1106 925 non
1146 881 1245 924 sitis
1285 894 1438 924 omnes
1477 878 1687 936 operibus

196 953 418 997 imitandi.
499 953 620 997 Nam
670 953 748 1010 qui
805 968 833 996 a
889 953 1094 996 doctrina
1143 954 1296 995 uestra
1345 949 1555 993 dissentit
1603 951 1686 992 aut
1705 961 1751 986 10

196 1023 421 1067 hereticus
448 1026 529 1067 aut
554 1023 831 1067 scismaticus
862 1026 940 1067 est.
1003 1022 1104 1075 Sed,
1125 1022 1221 1065 Deo
1241 1021 1448 1079 propitio,
1469 1023 1577 1063 sunt
1607 1018 1686 1077 qui

196 1109 287 1137 non
323 1093 524 1137 omnium
556 1095 759 1136 uestrum
795 1107 930 1150 opera
969 1093 1218 1136 imitentur.
1290 1091 1538 1134 Paucorum
1579 1103 1687 1147 ergo

195 1163 319 1208 labes
349 1163 533 1207 sinceris
562 1163 784 1207 maculam
815 1166 862 1206 et
901 1162 1147 1206 uniuersali
1189 1162 1410 1206 Ecclesiae
1449 1160 1686 1204 infamiam

196 1235 390 1293 ingerit3
432 1236 479 1277 et
509 1248 609 1277 mea
641 1233 849 1291 opinione
889 1233 989 1277 ideo
1022 1233 1304 1291 frequentius
1338 1232 1593 1275 moriuntur
1627 1246 1684 1275 ne

48 1309 130 1359 625
148 1319 179 1348 a
197 1307 341 1348 totam
391 1306 681 1361 corrumpant
732 1303 985 1347 Ecclesiam.
1067 1302 1156 1347 Sed
1205 1307 1251 1346 et
1294 1302 1399 1346 boni
1443 1302 1684 1360 rapiuntur
1704 1309 1749 1346 15

197 1374 426 1418 interdum
457 1388 514 1416 ne
544 1372 720 1416 malitia
750 1373 1060 1424 immutentur,
1081 1376 1128 1416 et
1160 1373 1267 1430 quia
1299 1372 1442 1416 Roma
1473 1374 1686 1430 corrupta

197 1445 319 1502 apud
359 1444 506 1487 Deum
546 1443 618 1487 his
658 1443 916 1501 repperitur
954 1443 1155 1502 indigna.
1237 1443 1306 1486 Tu
1345 1458 1451 1501 ergo
1491 1443 1598 1500 quia
1637 1443 1685 1486 id

196 1514 335 1557 habes
366 1513 511 1565 officii,
546 1527 710 1570 quaere
747 1516 794 1556 et
825 1513 969 1557 insere
1008 1513 1212 1567 humiles,
1246 1528 1391 1557 uanae
1431 1513 1599 1571 gloriae
1639 1514 1686 1556 et

194 1583 410 1642 pecuniae
429 1584 768 1639 contemptores.
819 1582 908 1627 Sed
928 1583 1065 1626 timeo
1085 1598 1153 1635 ne,
1174 1583 1282 1626 dum
1303 1583 1452 1641 pergis
1473 1597 1685 1640 quaerere

196 1669 311 1712 quae
331 1653 414 1706 uis,
435 1653 493 1696 ab
519 1653 804 1710 imprudente
824 1653 968 1697 amico
988 1653 1146 1697 audias
1166 1668 1281 1711 quae
1307 1668 1398 1697 non
1420 1653 1501 1697 uis.
1562 1653 1683 1707 Quid
1703 1665 1748 1691 πο

196 1729 276 1775 est,
296 1726 436 1781 pater,
457 1722 576 1780 quod
597 1723 788 1766 aliorum
808 1723 996 1767 discutis
1016 1723 1160 1767 uitam
1181 1726 1227 1767 et
1254 1726 1300 1767 te
1327 1724 1475 1782 ipsum
1499 1723 1684 1768 minime

195 1831 219 1868 9
243 1821 421 1858 omnibus
437 1820 484 1857 A1
631 1830 673 1857 12
698 1819 923 1857 imittentur
938 1819 1028 1857 GBS
1176 1830 1220 1866 14
1243 1820 1330 1858 ideo
1347 1832 1418 1857 om.
1435 1820 1477 1856 M

243 1925 277 1961 2,
306 1925 327 1961 3
365 1916 571 1961 episcopum
603 1916 903 1951 Praenestinum:
944 1913 1007 1951 i.e.
1043 1914 1258 1951 Guarinum
1292 1914 1584 1961 Bononiensem,
1617 1916 1685 1963 qui

196 1974 230 1999 a.
271 1973 363 2008 1144
395 1974 419 1999 a
451 1961 568 1999 Lucio
602 1962 640 1998 II
678 1974 791 2010 papa,
830 1962 1067 2000 Bononiensi
1103 1963 1197 2009 ipso,
1237 1962 1441 2010 episcopus
1475 1963 1683 2001 cardinalis

197 2009 468 2047 Praenestinus
514 2013 666 2048 creatus
710 2013 767 2047 est
785 2024 793 2054 ;
843 2024 991 2059 cumque
1037 2014 1238 2058 equitatum
1280 2013 1495 2057 pretiosum,
1537 2014 1581 2049 ut
1625 2013 1683 2050 ait

195 2058 432 2106 Augustinus
455 2058 670 2096 Ticinensis
693 2058 736 2095 in
753 2058 844 2095 Vita
869 2058 952 2096 eius
978 2058 1073 2104 (Act.
1099 2060 1162 2095 SS.
1189 2059 1278 2095 Feb.
1305 2058 1330 2096 i.
1355 2071 1391 2106 p.
1418 2062 1503 2105 916)
1523 2062 1683 2108 aliosque

196 2108 418 2153 episcopales
431 2114 636 2154 apparatus
660 2120 684 2143 a
705 2109 876 2153 ponttfice
897 2110 990 2144 dono
1013 2110 1209 2154 recepisset.
1227 2119 1314 2144 mox
1328 2109 1490 2144 uenditis
1505 2111 1682 2154 omnibus,

191 2156 422 2238 pauper-igue
433 2158 595 2239 plretium'
610 2157 787 2239 elsogauitfi
833 2154 1046 2239 Sulixlmcio
1069 2156 1115 2240 IIS
1127 2155 1279 2240 14tFeb.
1301 2166 1315 2192 1
1326 2165 1404 2240 1343,
1423 2156 1684 2240 subMEugenio

195 2213 322 2305 bul-153¹
339 2213 627 2305 Egssaeffilffliffls
650 2215 873 2298 suffr&
900 2213 1348 2298 (J236212229f'1i26n1t223fi.
1374 2213 1453 2298 ρζῗ
1467 2262 1497 2297 7,
1521 2215 1684 2300 22¹&ss

196 2298 315 2342 Obut,
332 2311 365 2334 81
383 2299 564 2345 Ughellio
581 2300 681 2347 (Ital.
698 2301 798 2336 Sacr.
815 2300 840 2337 i.
857 2300 936 2346 198)
950 2302 991 2337 et
1008 2299 1148 2337 editori
1166 2299 1431 2337 Bollandistae
1448 2301 1683 2338 credendum

196 2349 266 2390 est,
299 2348 322 2383 6
348 2346 436 2383 Feb.
467 2356 580 2394 11593
608 2347 699 2384 Iulii
725 2350 858 2385 tamen
888 2347 1110 2385 successoris
1137 2347 1216 2384 eius
1243 2347 1286 2383 in
1319 2348 1406 2384 sede
1433 2348 1684 2387 Praenestina

194 2406 336 2430 nomen
365 2394 444 2431 iam
473 2406 519 2432 22
549 2394 653 2442 Sept.
685 2397 775 2442 1158
804 2395 956 2433 cuidam
984 2395 1170 2432 Hadriani
1195 2396 1248 2432 IV
1271 2394 1401 2432 bullae
1425 2397 1683 2444 subscriptum

195 2442 393 2525 reperitur,
410 2445 463 2527 ug
470 2445 636 2498 testatur
647 2444 670 2480 J
673 2443 748 2498 affe
762 2443 818 2491 (ii.
832 2457 869 2492 p.
884 2443 979 2490 102).
1029 2444 1141 2481 Inter
1155 2446 1306 2499 sanctos
1323 2444 1369 2480 ab
1388 2444 1606 2499 Alexandro
1622 2446 1682 2482 III

193 2492 1000 2595 {2233215122230132333135{traaas}
1013 2492 1684 2588 31}†n33¹;335013ffi¹2{³;²322.1223ss5532

193 2597 272 2622 lam
294 2586 479 2632 laudatos,
499 2587 671 2624 Claconn
689 2589 760 2624 Vit.
786 2590 926 2636 Pontis.
951 2588 1009 2626 ed.
1037 2588 1189 2625 Oldoin.
1214 2600 1280 2635 pp.
1309 2598 1398 2634 1023
1419 2601 1496 2636 seq.
1656 2602 1681 2637 4

194 2636 369 2671 bonorum
393 2638 661 2673 communium:
695 2636 751 2674 De
774 2636 888 2674 bonis
912 2636 1166 2673 cardinalium
1191 2636 1456 2674 communibus
1482 2637 1528 2675 οἱ
1558 2638 1681 2677 Fabte

193 2683 246 2718 Le
256 2684 367 2719 Liber
374 2696 546 2720 censuum
555 2686 598 2720 de
609 2684 741 2730 l'e'ylise
752 2686 927 2727 romaine,
943 2697 1007 2732 pp.
1020 2694 1065 2730 27
1077 2696 1153 2730 seq.
1242 2693 1260 2731 5
1279 2685 1453 2721 Fabricio
1469 2699 1476 2722 :
1494 2698 1527 2721 v.
1540 2685 1638 2726 Gell.
1656 2686 1683 2725 i.

198 2740 258 2775 14;
279 2731 326 2769 cf.
341 2743 457 2778 supra
467 2744 499 2767 v.
511 2741 532 2777 7
547 2732 582 2779 (5
588 2733 808 2779 56Aseqq.).
905 2734 927 2770 8
944 2734 1106 2779 Spiritui
1114 2737 1240 2769 sancto
1252 2735 1417 2769 mentiri:
1436 2733 1566 2771 v.Act.
1578 2735 1680 2783 App.

193 2789 224 2813 v.
243 2788 276 2823 3.
376 2781 410 2824 8,
428 2790 451 2826 9
475 2782 571 2827 quod
579 2783 767 2826 praecipis
783 2782 880 2818 etc.:
905 2793 938 2816 v.
958 2781 1073 2818 Matt.
1090 2779 1197 2817 xxiii.
1218 2791 1250 2826 3.
1353 2791 1395 2825 14
1411 2787 1444 2817 et
1466 2795 1546 2819 mea
1562 2795 1680 2829 usque

193 2825 244 2862 ad
256 2827 478 2864 Ecclesiam:
497 2827 617 2865 minio
631 2829 781 2866 notavit
794 2829 909 2865 Matt.
925 2828 1111 2865 Parkerus
1121 2828 1164 2864 in
1178 2829 1260 2865 cod.
1275 2827 1314 2865 G.
1326 2840 1445 2876 marg.
1524 2839 1563 2878 15
1581 2834 1682 2878 rapi·

192 2879 311 2910 untur
325 2877 398 2912 etc.
414 2887 424 2911 ε
448 2888 481 2912 v.
497 2875 585 2923 Sap.
599 2875 646 2912 iv.
663 2885 716 2913 11.
818 2878 874 2923 16,
891 2886 931 2922 17
949 2882 1120 2924 corrupta
1133 2878 1235 2923 apud
1246 2878 1387 2913 Deum:
1403 2889 1437 2914 v.
1450 2876 1547 2916 Gen.
1557 2878 1608 2916 vi.
1624 2890 1681 2920 11.

305 2952 349 2990 70
