1846 3262
155 235 256 271 oAP.
269 225 418 286 xxm]
685 226 1129 273 POLICRATICVS
1651 239 1738 281 700
1758 230 1788 270 d

152 347 402 405 exprimere
442 351 607 392 sectam
643 350 856 407 temporis
890 350 1044 402 nostri,
1081 350 1312 394 hominum
1351 350 1520 395 scilicet
1555 352 1633 408 qui

153 418 444 476 irregularem
485 420 709 476 quandam
757 421 958 478 regulam
1005 421 1284 478 profitentur,
1324 436 1434 478 quos
1478 436 1537 464 an
1577 436 1634 464 ex

153 489 304 532 uerbis
316 489 411 532 eius
423 490 564 547 possis
577 505 813 547 agnoscere
826 490 932 533 audi
942 490 1049 547 quid
1062 490 1109 533 in
1118 491 1365 534 continenti
1378 491 1633 549 subiungat.

153 559 380 617 Alioquin,
403 560 562 617 inquit,
584 560 822 603 ridiculum
844 563 890 604 et
918 561 1099 618 plenum
1127 561 1353 604 dedecoris
1378 564 1446 604 est
1467 561 1634 606 referto

113 644 133 678 5
151 631 379 688 marsupio
414 631 532 688 quod
562 631 791 674 sudarium
823 634 868 674 et
898 631 1093 674 orarium
1124 646 1213 675 non
1244 632 1409 676 habeas
1438 632 1633 690 gloriari.

153 699 272 743 Sunt
296 701 373 758 qui
400 700 671 758 pauperibus
698 715 857 757 parum
885 700 1095 744 tribuunt
1121 705 1174 745 ut
1201 702 1392 759 amplius
1412 702 1634 759 accipiant

151 773 198 814 et
217 771 301 814 sub
321 773 560 828 praetextu
585 771 848 814 elemosinae
874 773 1097 828 quaerunt
1117 771 1324 825 diuitias;
1355 787 1468 829 quae
1489 772 1632 830 magis

151 841 333 884 uenatio
364 841 631 898 appellanda
663 844 731 884 est
772 856 906 898 quam
943 841 1193 885 elemosina.
1254 842 1329 885 Sic
1362 843 1542 894 bestiae,
1569 843 1632 887 sic
1647 852 1725 894 701
1745 855 1775 884 a

152 922 271 961 aues,
291 909 354 952 sic
374 909 615 966 capiuntur
634 911 680 951 et
699 909 852 966 pisces.
913 908 1088 952 Modica
1108 924 1206 952 esca
1226 909 1274 951 in
1294 910 1428 953 hamo
1448 910 1633 967 ponitur

91 991 135 1016 10
151 981 205 1022 ut
238 978 287 1021 in
319 993 370 1022 eo
404 981 711 1021 matronarum
746 978 908 1021 sacculi
948 978 1282 1035 protrahantur.
1354 979 1436 1022 Est
1474 980 1632 1037 utique

150 1049 310 1093 melius
343 1064 434 1092 non
466 1049 629 1092 habere
665 1048 782 1105 quod
815 1048 989 1091 tribuas
1022 1063 1156 1105 quam
1189 1051 1242 1091 ut
1276 1049 1450 1092 tribuas
1480 1054 1631 1107 petere

148 1119 442 1176 impudenter.
501 1118 606 1162 Non
636 1119 805 1161 habent
834 1117 999 1161 fratres
1030 1118 1279 1175 Hospitalis
1309 1120 1382 1162 uel
1412 1120 1490 1162 alii
1521 1122 1630 1178 quid

147 1189 220 1233 hic
258 1189 314 1232 de
353 1204 424 1232 me
465 1192 723 1246 querantur.
786 1188 876 1242 Qui
915 1188 1034 1231 enim
1075 1188 1184 1232 haec
1223 1188 1435 1246 loquitur,
1476 1190 1632 1235 doctor

148 1258 369 1303 Ecclesiae
408 1263 477 1303 est
489 1274 499 1312 3
550 1262 595 1303 et
635 1259 753 1302 forte
793 1259 851 1302 ad
891 1273 965 1302 eos
1006 1258 1257 1302 Ieronimus
1296 1275 1386 1303 non
1421 1262 1629 1318 respexit.

89 1339 128 1374 1⁵
148 1328 254 1387 Ipsi,
273 1329 378 1373 licet
398 1344 480 1387 ego
500 1344 590 1373 non
611 1329 826 1380 nouerim,
841 1331 1067 1372 nonerunt
1087 1329 1287 1386 regulam
1309 1344 1448 1373 suam.
1508 1330 1630 1375 Noui

145 1401 299 1442 tamen
338 1399 539 1457 regulam
574 1400 782 1443 ueritatis
823 1414 912 1457 qua
952 1398 1088 1443 michi
1128 1402 1305 1443 constat
1336 1401 1442 1457 quia
1470 1401 1630 1459 religio

145 1468 315 1512 munda
354 1471 399 1512 et
438 1469 726 1513 immaculata
765 1469 886 1526 apud
925 1468 1072 1511 Deum
1108 1471 1154 1512 et
1191 1468 1370 1512 Patrem
1405 1470 1514 1514 haec
1549 1476 1629 1523 est,

144 1538 329 1582 uisitare
349 1539 542 1597 pupillos
558 1542 604 1582 et
622 1539 784 1582 uiduas
799 1539 847 1581 in
863 1539 1155 1582 tribulatione
1176 1554 1328 1582 eorum
1350 1543 1396 1583 et
1415 1541 1627 1585 immacu-

144 1608 288 1653 latum
308 1625 355 1654 se
374 1609 598 1654 custodire
618 1610 676 1653 ab
697 1611 780 1653 hoc
807 1610 966 1653 seculo.
1026 1610 1151 1653 Haec
1171 1613 1321 1653 autem
1343 1611 1628 1668 politicorum

86 1692 130 1717 ²0
145 1680 345 1724 omnium
380 1683 471 1733 est3
521 1683 568 1724 et
601 1680 713 1724 bene
744 1695 846 1724 cum
882 1679 981 1723 istis
1022 1679 1185 1738 agitur,
1218 1681 1256 1724 si
1296 1696 1394 1724 eam
1435 1682 1629 1726 fideliter

143 1754 337 1794 seruant.
398 1751 534 1794 Porro
569 1751 617 1793 in
651 1765 776 1794 sacro
811 1749 903 1793 otio
936 1749 1021 1793 Dei
1057 1750 1315 1808 degentium
1345 1752 1547 1809 regulam
1578 1753 1626 1795 in

143 1835 190 1864 se
228 1822 448 1879 propheta
487 1820 701 1879 exprimit
735 1820 908 1864 dicens:
955 1820 1251 1863 Prouidebam
1291 1821 1537 1865 Dominum
1576 1823 1625 1867 in
1643 1830 1673 1870 b

142 1895 380 1950 conspectu
410 1906 509 1935 meo
539 1906 724 1949 semper,
759 1891 970 1948 quoniam
1012 1905 1040 1934 a
1079 1891 1252 1935 dextris
1293 1894 1361 1935 est
1396 1893 1533 1936 michi
1568 1909 1625 1938 ne

142 1975 437 2015 commouear3
458 1965 642 2019 propter
656 1961 738 2004 hoc
755 1961 1024 2004 delectatum
1037 1964 1106 2004 est
1117 1975 1192 2004 cor
1207 1976 1355 2004 meum
1370 1977 1380 2015 ;
1410 1966 1456 2006 et
1469 1963 1625 2016 Maria,

83 2039 126 2075 ²5
143 2035 352 2090 exempta
367 2047 394 2075 a
414 2031 560 2075 turbis
580 2034 626 2074 et
646 2031 694 2073 in
710 2030 956 2089 Euangelio
969 2030 1126 2074 sedens
1146 2046 1271 2074 secus
1290 2032 1425 2089 pedes
1441 2033 1623 2076 Domini

141 2105 195 2145 ut
206 2102 384 2146 audiret
395 2102 584 2145 uerbum
598 2101 704 2145 eius.
756 2101 832 2154 At,
847 2104 900 2144 ut
915 2101 970 2144 de
985 2101 1202 2159 ypocritis
1218 2116 1361 2145 sermo
1374 2103 1623 2156 claudatur,

142 2172 250 2229 quid
279 2172 439 2215 beatus
468 2172 551 2214 Iob
580 2171 636 2214 de
661 2171 731 2214 his
758 2171 1021 2228 pronuntiet
1043 2171 1307 2228 proferatur
1334 2172 1382 2214 in
1411 2173 1622 2217 medium.

142 2241 253 2293 Hoc,
272 2242 431 2299 inquit,
452 2242 542 2285 scio
562 2256 590 2284 a
609 2241 840 2299 principio,
861 2256 918 2284 ex
939 2256 1026 2298 quo
1046 2242 1219 2299 positus
1240 2245 1308 2285 est
1328 2243 1461 2286 homo
1489 2258 1624 2301 super

141 2314 320 2363 terram,
336 2312 454 2369 quod
468 2311 566 2354 laus
580 2311 820 2369 impiorum
840 2311 989 2354 breuis
1010 2312 1070 2354 sit
1091 2315 1136 2355 et
1156 2312 1371 2369 gaudium
1391 2314 1622 2370 ypocritae

79 2393 126 2428 30
142 2381 200 2424 ad
231 2381 376 2425 instar
404 2381 570 2439 puncti.
633 2381 684 2424 Si
715 2381 964 2424 ascenderit
993 2396 1133 2438 usque
1163 2381 1212 2424 in
1242 2382 1385 2425 celum
1412 2384 1622 2441 superbia

140 2523 162 2558 8
187 2521 394 2567 apellanda
408 2519 498 2557 CBS
629 2531 673 2566 23
701 2519 847 2557 dextris
865 2532 933 2556 om.
952 2519 976 2556 S
1106 2531 1154 2567 24
1181 2531 1425 2558 commouear
1441 2534 1511 2558 om.
1527 2523 1618 2562 GBS

139 2569 389 2616 delectatum]
409 2568 435 2605 l.
454 2570 494 2613 (i.
508 2581 536 2605 e.
553 2568 730 2615 letatum)
749 2568 782 2604 A
878 2570 937 2604 est
950 2580 1017 2605 om.
1037 2567 1127 2604 CBS
1237 2578 1279 2615 25
1309 2570 1537 2617 euuangelio
1555 2572 1619 2608 CA

187 2707 211 2742 4
234 2698 412 2743 Alioquin
430 2698 502 2734 etc.
519 2697 652 2743 (usque
668 2696 718 2732 ad
730 2695 993 2742 impudentem:
1021 2695 1177 2733 Hieron.
1195 2697 1267 2734 loc.
1282 2709 1397 2743 supra
1407 2698 1472 2734 cit.
1573 2701 1617 2738 16

136 2747 265 2791 reli91‘o
283 2748 379 2781 etc.:
405 2744 479 2781 Iac.
497 2744 521 2780 i.
540 2754 597 2789 27.
769 2755 812 2790 19
832 2746 1080 2790 politicorum:
1107 2744 1148 2780 id
1162 2747 1228 2788 est,
1248 2747 1290 2781 ut
1306 2745 1467 2788 videtur,
1485 2758 1616 2785 eorum

138 2793 205 2840 qui
221 2792 342 2829 vitam
359 2792 511 2829 civilem
529 2792 604 2828 sive
621 2791 853 2829 saecularem
870 2792 1027 2838 degunt.
1187 2803 1231 2829 22
1259 2794 1499 2831 Prouidebam
1516 2797 1588 2833 etc.
1603 2807 1614 2833 ε

138 2841 196 2878 Ps.
214 2852 271 2877 xv.
292 2842 324 2879 8.
338 2851 371 2887 9.
493 2851 539 2886 24
562 2842 710 2877 Maria:
736 2852 785 2876 so.
803 2840 974 2886 regulam
991 2839 1033 2876 in
1050 2852 1090 2877 se
1106 2840 1300 2886 exprimit.
1421 2851 1464 2889 25
1490 2845 1617 2881 sedena

136 2891 208 2926 etc.
224 2901 233 2926 :
260 2901 292 2925 V.
310 2889 399 2926 Luc.
417 2899 452 2925 x.
472 2899 528 2935 39.
673 2889 718 2925 28
743 2889 821 2925 Hoc
838 2890 910 2924 scio
926 2890 1019 2925 eta:
1046 2888 1114 2925 Iob
1131 2899 1191 2925 xx.
1204 2898 1288 2935 4—7.

191 2961 274 2981 wana
289 2960 310 2980 n
839 2951 866 2977 E
893 2950 916 2977 e
1439 2954 1504 2990 209
