1846 3262
155 232 257 267 car.
270 222 376 280 111]
663 222 1106 268 POLIORATICVS
1650 222 1736 272 803
1755 222 1785 262 b

154 342 271 388 Cum
304 358 413 388 uero
446 344 773 402 torquebantur
810 343 1058 388 Christiani
1095 348 1178 388 aut
1215 344 1535 403 spoliabantur,
1569 343 1635 387 eis

153 413 419 470 patientiam
440 414 665 458 indicebat
680 414 891 471 quoniam
910 415 1026 458 hanc
1046 414 1244 458 Galileus
1259 429 1412 458 eorum
1425 427 1635 471 expresso

153 483 293 527 uerbo
321 483 433 542 legis
463 487 509 527 et
538 484 794 528 testimonio
823 484 968 542 operis
997 499 1101 528 suos
1136 484 1348 528 docuerat
1382 487 1634 528 sectatores.

154 552 284 597 Vnde
304 557 350 597 et
370 554 501 598 multi
522 553 881 598 Christianorum
905 557 1148 598 retrorsum
1172 554 1381 598 abierunt
1400 557 1482 597 aut
1501 553 1634 597 strati

115 641 136 676 5
154 627 279 667 metu
298 627 380 666 aut
398 624 518 681 capti
538 624 652 677 dolo,
674 626 720 667 et
739 624 1041 668 inualescebat
1058 624 1221 668 seuitia
1239 638 1527 682 paganorum.
1571 623 1636 667 Vt

154 697 306 737 autem
335 693 393 737 ad
422 694 693 751 ydolatriam
723 694 890 737 milites
919 693 1096 737 facilius
1124 698 1436 745 assuescerent,
1457 693 1636 737 studuit

154 763 213 806 ad
247 763 443 821 priscum
474 779 619 807 scema
650 764 893 808 reformare
926 765 1040 807 illud
1073 765 1252 823 signum
1281 764 1517 807 sublimius
1547 764 1636 807 Ro-

153 847 389 877 manorum
414 834 534 891 quod
563 833 887 878 Constantinus
910 835 958 877 in
986 834 1178 878 formam
1204 835 1347 879 crucis
1366 836 1635 877 mutauerat.

154 901 323 946 Verum
357 903 405 946 in
436 903 626 961 publicis
656 904 928 962 imaginibus
959 904 1125 956 Iouem,
1158 904 1286 961 quasi
1325 904 1381 947 de
1419 904 1513 947 celo
1547 903 1633 947 sibi

97 996 138 1022 ιο
154 987 361 1018 coronam
391 974 705 1017 defendentem
732 978 779 1017 et
804 988 1063 1031 purpuram,
1089 973 1360 1017 Mercurium
1387 988 1563 1031 quoque
1587 975 1634 1017 et
1650 985 1676 1016 c

155 1043 347 1087 Martem
366 1044 415 1086 in
434 1059 483 1088 se
502 1044 800 1101 respicientes,
819 1043 947 1087 uelut
970 1058 1051 1101 pro
1076 1044 1333 1087 testimonio
1352 1043 1568 1101 sapientis
1587 1047 1635 1087 et

154 1112 288 1157 fortis
299 1113 593 1172 depingebat;
622 1114 704 1157 hoc
724 1128 862 1171 agens
881 1113 929 1156 in
949 1113 1220 1171 imaginibus
1239 1116 1292 1156 ut
1307 1113 1392 1156 sub
1406 1113 1634 1156 occasione

154 1183 331 1241 imperii
354 1183 549 1226 latenter
572 1183 868 1226 adorarentur
894 1182 972 1225 Dii
996 1186 1042 1226 et
1060 1183 1144 1226 hoc
1163 1182 1284 1226 modi
1304 1182 1493 1226 subiecti
1513 1182 1634 1226 clan-

153 1253 254 1298 culo
287 1253 563 1304 fallerentur,
594 1252 756 1296 exinde
786 1252 851 1296 sic
880 1252 1001 1309 capti
1033 1251 1212 1296 facilius
1249 1251 1479 1309 impleturi
1513 1251 1635 1309 quod

95 1336 142 1375 ιε
154 1322 303 1366 uellet,
362 1322 412 1366 Si
432 1337 540 1366 uero
559 1322 872 1373 detrectarent,
883 1324 1201 1379 torquerentur
1219 1323 1436 1378 tanquam
1456 1321 1634 1378 imperii

153 1396 490 1450 contemptores
562 1392 856 1450 Approbabat
889 1396 1041 1435 autem
1076 1392 1228 1435 studia
1261 1391 1634 1445 Christianorum,

152 1462 259 1506 licet
277 1465 618 1520 persequeretur
635 1462 794 1515 fidem;
823 1465 870 1505 et
892 1462 1107 1505 exercitia
1125 1461 1362 1514 uirtutum,
1382 1476 1471 1519 quo
1498 1476 1633 1519 paga-

153 1547 315 1576 norum
343 1533 573 1577 roboraret
597 1548 804 1584 errorem,
824 1532 944 1590 apud
972 1531 1167 1575 Galileos
1194 1547 1284 1575 non
1310 1547 1419 1575 uera
1445 1532 1631 1575 mentie-

153 1602 290 1646 batur
308 1618 402 1647 esse
421 1603 499 1647 sed
519 1604 635 1647 ficta.
694 1603 906 1647 Decreuit
926 1617 1032 1660 ergo
1059 1602 1123 1645 eis
1148 1602 1344 1645 uirtutes
1366 1602 1561 1659 praeripi
1588 1604 1635 1645 et

97 1697 140 1722 ,ο
155 1687 354 1731 paganos
382 1673 653 1718 Christianis
683 1673 850 1730 absque
878 1673 967 1716 fide
996 1672 1195 1715 moribus
1224 1672 1457 1715 institutos
1490 1671 1634 1728 philo-

154 1743 337 1801 sophiae
356 1744 502 1788 uoluit
521 1758 616 1787 esse
642 1743 846 1794 cultores,
865 1742 981 1786 sicut
1000 1741 1185 1785 Arsacio
1210 1742 1410 1799 pontifici
1431 1740 1637 1784 Galatiae

154 1813 322 1871 scripta
350 1813 408 1856 ab
437 1828 489 1857 eo
518 1813 567 1856 in
596 1813 715 1856 hunc
743 1812 926 1855 modum
956 1812 1085 1855 docet
1111 1811 1325 1868 epistola:
1355 1811 1637 1868 Paganorum

155 1883 272 1927 ritus
290 1883 488 1927 nondum
504 1883 657 1941 agitur
670 1882 914 1926 secundum
929 1881 1224 1924 intentionem
1236 1884 1436 1924 nostram
1451 1884 1637 1938 propter

157 1953 350 1997 cultores
369 1953 465 1997 eius
490 1953 539 1995 in
564 1952 839 2010 negligentia
858 1952 1037 2009 positos.
1096 1951 1216 1994 Nam
1243 1951 1427 1994 deorum
1453 1950 1634 1994 claritas
1647 1949 1678 1991 d

99 2039 142 2073 25
159 2023 423 2080 magnitudo
455 2027 591 2080 atque
622 2022 874 2065 sublimitas
912 2021 1034 2064 omni
1072 2020 1274 2063 oratione
1312 2020 1521 2076 omnique
1559 2035 1638 2077 spe

159 2094 302 2137 maior
321 2097 400 2136 est.
461 2092 549 2136 Sed
569 2092 752 2150 propitii
772 2091 865 2134 sint
883 2090 1012 2134 nobis
1031 2090 1095 2132 dii
1116 2093 1299 2147 propter
1317 2090 1639 2147 negligentiam

158 2178 295 2221 quam
317 2163 544 2214 habemus,
564 2177 665 2206 cum
691 2161 871 2204 illorum
897 2160 1182 2218 prouidentia
1207 2160 1255 2202 in
1279 2174 1420 2217 paruo
1440 2163 1640 2217 tempore

158 2237 291 2278 tanta
308 2233 503 2276 mutatio
522 2232 644 2276 facta
663 2231 724 2275 sit
744 2233 959 2288 quantam
979 2244 1123 2287 neque
1142 2244 1269 2273 orare
1288 2229 1499 2286 primitus
1519 2229 1639 2286 quis-

159 2317 348 2360 cumque
387 2305 755 2361 praesumpserat.
830 2299 945 2345 Cum
985 2314 1091 2358 ergo
1129 2299 1350 2343 credimus
1389 2299 1471 2343 hoc
1510 2314 1639 2356 posse

100 2386 143 2418 30
160 2373 371 2426 sufficere,
419 2386 702 2429 nequaquam
751 2370 1011 2428 respicimus
1060 2369 1433 2426 quemadmodum
1482 2383 1638 2426 super-

160 2443 390 2488 stitionem
417 2441 775 2486 Christianorum
801 2439 933 2483 auxit
959 2453 1067 2482 cura
1093 2439 1429 2497 peregrinorum
1449 2441 1496 2482 et
1521 2438 1639 2482 circa

161 2513 415 2572 sepulturas
439 2514 486 2556 et
510 2513 711 2554 mortuos
736 2510 882 2553 multa
906 2509 1067 2552 solatia
1085 2509 1386 2566 honestaeque
1405 2522 1639 2552 conuersa-

162 2684 184 2721 7
210 2674 399 2712 sullimim
415 2671 484 2709 SM
580 2636 886 2710 londe'i’e‘rssi't'eug
898 2669 953 2707 A:
977 2669 1215 2708 deferentem
1232 2667 1314 2706 S’M
1413 2678 1454 2706 ιι
1481 2667 1595 2706 uelud
1612 2667 1639 2705 8

161 2733 209 2770 24
231 2720 477 2770 neglegentia
491 2718 542 2756 A*
681 2728 725 2766 25
752 2718 955 2756 mnimitas
971 2717 1039 2755 su

213 2842 230 2869 1
260 2832 566 2869 Cumueroetca
590 2840 623 2865 v.
637 2826 801 2866 Cassiod.
819 2828 917 2863 mse.
938 2827 1040 2872 Trcp.
1058 2824 1183 2872 vi.39.
1363 2832 1398 2872 5
1409 2824 1434 2860 6
1462 2824 1640 2860 manaem

162 2883 263 2920 stoa
288 2893 322 2917 v.
335 2878 494 2917 ibid.vi.
511 2888 568 2925 30.
714 2876 760 2914 16
783 2875 1129 2923 Appmbamem:
1152 2885 1187 2910 v.
1202 2871 1437 2919 ibid.vi.29.
