1846 3262
90 218 163 261 713
183 218 211 252 c
558 206 821 252 IOANNIS
862 204 1382 251 SARESBERIENSIS
1478 203 1708 266 [mavnr

221 331 497 389 uituperium
522 330 746 388 proniora·
805 329 925 372 Nam
955 329 1145 372 diuitiae
1172 331 1218 372 et
1244 329 1448 386 potentia
1473 331 1518 371 et
1544 326 1705 386 gratia,

220 417 322 446 cum
352 401 596 459 plurimum
626 400 794 443 uirium
825 398 945 450 dent,
969 399 1019 442 in
1045 401 1283 455 utramque
1310 401 1485 456 partem
1512 396 1705 442 certissi-

222 487 345 514 mum
366 471 541 514 faciunt
562 470 920 528 experimentum
942 483 1130 522 morum,
1150 470 1291 526 fitque
1316 483 1542 526 possessor
1565 468 1623 511 ab
1642 467 1707 510 eis

223 542 489 599 quandoque
528 541 686 584 melior
724 541 952 583 interdum
993 539 1127 597 peior.
1190 538 1400 583 Ceterum
1440 553 1576 596 opera
1609 539 1708 596 ipsa

176 622 206 661 d
223 612 388 655 mentis
408 614 490 655 aut
509 612 717 669 corporis,
739 611 825 654 etsi
850 610 1113 668 simpliciter
1137 610 1254 653 bona
1274 610 1347 652 uel
1367 609 1569 652 absolute
1588 608 1708 651 mala
1727 622 1746 657 5

223 683 327 733 sint,
355 682 734 740 uituperationem
764 681 992 724 interdum
1021 682 1101 723 aut
1126 680 1303 723 laudem
1331 680 1605 723 contrahunt
1626 693 1708 737 pro

223 753 413 796 arbitrio
453 753 705 796 iudicantis.
766 752 896 795 Vnde
938 754 984 794 et
1024 751 1238 794 interesse
1285 750 1530 808 plurimum
1575 751 1710 808 putat

223 824 482 867 Aristotiles
517 824 595 867 ubi
637 823 833 881 quidque
868 822 1079 865 laudetur
1119 825 1199 865 aut
1234 821 1528 879 uituperetur.
1589 819 1710 864 Nam

223 894 468 951 plurimum
498 893 639 938 refert
669 893 746 951 qui
777 893 869 936 sint
898 892 1180 936 audientium
1209 907 1365 943 mores,
1390 907 1504 949 quae
1533 891 1710 949 publice

224 967 403 1022 recepta
433 964 685 1022 persuasio3
721 964 936 1021 docetque
967 963 1015 1005 in
1046 962 1298 1006 Rethoricis
1327 965 1380 1005 ut
1406 962 1486 1005 illa
1514 962 1710 1005 maxime
1730 977 1772 1002 10

225 1051 339 1093 quae
359 1036 554 1093 probant
574 1050 668 1079 esse
689 1035 736 1077 in
758 1049 809 1078 eo
834 1034 911 1092 qui
936 1033 1198 1077 laudabitur
1218 1033 1393 1091 publice
1413 1033 1611 1084 credant,
1630 1035 1712 1076 aut

225 1107 273 1150 in
301 1122 353 1151 eo
379 1109 536 1150 contra
562 1121 695 1164 quem
723 1105 889 1148 dicitur
915 1119 968 1148 ea
992 1119 1106 1162 quae
1130 1119 1283 1147 omnes
1310 1104 1513 1155 oderunt,
1537 1103 1712 1161 eritque

226 1177 433 1235 quotiens
469 1177 567 1220 fieri
608 1176 776 1234 poterit
815 1175 1096 1233 singulorum
1131 1174 1330 1218 docenda
1362 1174 1538 1218 utilitas
1574 1172 1712 1232 (quod

226 1248 345 1291 enim
377 1247 571 1304 expedit,
601 1262 754 1290 omnes
784 1246 1047 1303 approbant,
1075 1245 1159 1288 etsi
1188 1245 1426 1288 honestum
1456 1244 1580 1287 aliud
1610 1243 1711 1286 aliis

226 1317 466 1377 uideatur).
547 1317 711 1360 Studia
759 1316 1015 1360 litterarum
1064 1315 1214 1358 minus
1258 1315 1439 1358 honoris
1483 1317 1712 1358 merentur
1731 1330 1773 1366 15

228 1388 574 1432 Lacedemoniae
588 1402 723 1445 quam
740 1387 933 1430 Athenis
947 1401 956 1439 3
987 1385 1105 1429 forte
1118 1386 1219 1443 plus
1232 1385 1464 1443 patientia,
1478 1385 1712 1429 fortitudo.

228 1459 315 1502 His
350 1461 481 1516 rapto
520 1458 675 1501 uiuere
710 1458 960 1507 honestum,
990 1457 1091 1499 aliis
1122 1471 1230 1500 cura
1258 1456 1432 1514 legum3
1473 1455 1715 1514 frugalitas

89 1548 163 1590 714
183 1548 214 1577 a
230 1529 351 1587 apud
391 1529 614 1572 Sibaritas
662 1527 868 1571 fortassis
913 1527 1017 1571 odio
1057 1526 1186 1578 foret,
1230 1527 1459 1570 ueteribus
1500 1526 1715 1569 Romanis

230 1615 454 1643 summum
504 1598 687 1642 luxuria
735 1598 915 1642 crimen.
996 1597 1105 1640 Eius
1155 1612 1330 1655 quoque
1378 1597 1457 1654 qui
1502 1597 1715 1640 laudatur

229 1670 436 1713 habenda
462 1672 531 1712 est
558 1669 686 1720 ratio,
713 1683 815 1712 cum
843 1667 1051 1726 operibus
1077 1667 1337 1711 necessariis
1362 1667 1566 1725 gratuita
1595 1669 1714 1710 recte
1734 1680 1779 1705 πο

229 1741 353 1784 facta
387 1739 565 1783 laudem
605 1738 883 1796 praeripiant
918 1740 965 1781 et
996 1752 1077 1795 pro
1110 1737 1283 1781 ratione
1315 1752 1606 1796 personarum
1643 1751 1715 1780 res

230 1811 492 1869 plerumque
516 1809 738 1852 habeatur
763 1808 837 1852 uel
864 1809 1054 1852 honesta
1080 1808 1153 1851 uel
1177 1808 1334 1866 turpis.
1396 1807 1446 1852 Si
1467 1822 1574 1866 ergo
1594 1810 1717 1851 recta

230 1881 322 1932 uia,
353 1880 401 1923 id
431 1882 512 1931 est,
541 1879 724 1930 uirtute,
755 1879 844 1922 sibi
875 1878 975 1936 quis
1005 1878 1183 1921 laudem
1213 1878 1432 1930 conciliat,
1462 1893 1543 1922 suo
1570 1877 1718 1921 laudis

230 1951 444 1994 innititur
484 1950 803 2002 fundament03
851 1949 891 1992 si
931 1963 1039 1992 uero
1078 1948 1261 1992 aliunde
1292 1948 1482 2007 gloriam
1517 1950 1717 2006 quaerat,

231 2023 364 2080 plane
384 2021 560 2078 desipit,
575 2035 656 2063 1160
676 2020 733 2063 ad
760 2035 858 2063 eam
882 2020 1018 2077 quam
1038 2019 1221 2063 uidetur
1240 2019 1449 2063 affectare
1476 2019 1714 2077 pertinget.
1736 2032 1777 2067 ¹5

232 2094 296 2136 At
331 2092 450 2135 inter
483 2092 583 2148 ipsa
616 2090 803 2133 uirtutis
838 2105 973 2148 opera
1007 2092 1247 2133 censentur
1280 2090 1453 2148 gratiae
1488 2089 1717 2148 amplioris

233 2178 348 2221 quae
372 2162 427 2205 de
454 2161 741 2204 liberalitatis
768 2163 849 2204 aut
873 2160 1263 2218 magnanimitatis
1285 2159 1411 2203 fonte
1431 2161 1718 2218 proueniunt.

234 2234 300 2277 Ea
319 2233 439 2277 enim
461 2232 616 2275 fauore
636 2231 843 2289 populari
864 2231 1027 2275 clarius
1048 2232 1296 2274 efferuntur
1317 2234 1362 2274 et
1389 2231 1604 2274 uidentur
1623 2245 1718 2275 6886

233 2304 486 2362 praecipua,
500 2317 613 2360 quae
629 2302 774 2360 magis
790 2301 932 2344 ardua
948 2304 1055 2345 sunt
1075 2301 1148 2344 uel
1165 2316 1279 2358 quae
1294 2301 1499 2359 pluribus
1513 2304 1716 2359 prosunt.

233 2375 291 2419 In
322 2374 394 2417 his
428 2377 581 2417 tamen
616 2373 748 2430 longe
780 2372 1029 2415 liberalitas
1063 2371 1304 2423 antecellit,
1340 2386 1454 2428 quae
1490 2375 1536 2415 et
1574 2371 1717 2415 animi
1736 2387 1782 2423 30

183 2454 215 2495 b
233 2444 589 2503 indignationem
638 2443 834 2501 mitigat,
883 2442 1218 2486 detrahentium
1267 2441 1445 2500 linguas
1493 2441 1720 2494 obtundit,

238 2621 254 2647 1
282 2608 484 2657 potentiae
502 2608 543 2644 M
662 2618 704 2645 12
730 2619 849 2654 eaque
868 2607 910 2644 M
1031 2617 1074 2655 13
1099 2607 1276 2645 ducenda
1292 2606 1334 2643 M
1458 2608 1501 2646 18
1524 2606 1722 2645 sibarritaa

236 2657 277 2693 M
424 2659 470 2694 26
493 2655 658 2704 gratiae]
674 2656 820 2703 gloriae
838 2655 893 2692 Μι

285 2805 306 2841 7
331 2798 501 2833 interesse
518 2798 614 2834 etc.:
639 2809 670 2833 v.
692 2795 853 2841 Quintil.
869 2797 963 2832 Inst.
985 2797 1044 2832 Or.
1063 2795 1119 2832 iii.
1136 2805 1157 2842 7
1176 2794 1194 2845 ξ
1213 2806 1271 2843 23.
1442 2805 1499 2841 12,
1519 2805 1561 2842 13
1586 2797 1723 2842 eritque

235 2847 400 2892 quotiens
416 2846 487 2881 etc.
504 2857 513 2880 t
539 2857 569 2881 v.
590 2844 749 2889 Quintil.
765 2846 858 2881 Inst.
878 2847 938 2881 Or.
958 2844 1013 2880 iii.
1033 2853 1053 2890 7
1075 2844 1092 2886 δ
1114 2855 1169 2889 24.
1366 2852 1480 2890 13—15
1506 2845 1602 2890 quod
1625 2846 1724 2880 enim

238 2894 382 2938 expedit
399 2894 470 2928 etc.
485 2904 495 2929 :
520 2891 647 2930 Verba
662 2892 772 2930 uncis
788 2892 938 2930 inclusa
955 2884 1188 2938 Quintiliani
1205 2891 1288 2929 loco
1306 2891 1456 2928 addidit
1474 2890 1650 2929 Ioannes.

350 2973 412 3006 ²32
