<?xml version="1.0" encoding="UTF-8"?>
<!DOCTYPE html PUBLIC "-//W3C//DTD XHTML 1.0 Transitional//EN"
    "http://www.w3.org/TR/xhtml1/DTD/xhtml1-transitional.dtd">
<html xmlns="http://www.w3.org/1999/xhtml" xml:lang="en" lang="en">
 <head>
  <title>
</title>
<meta http-equiv="Content-Type" content="text/html;charset=utf-8" />
  <meta name='ocr-system' content='tesseract 3.04.00' />
  <meta name='ocr-capabilities' content='ocr_page ocr_carea ocr_par ocr_line ocrx_word'/>
</head>
<body>
  <div class='ocr_page' id='page_1' title='image "./ioannissaresberi02johnuoft_0403.png"; bbox 0 0 1846 3262; ppageno 0'>
   <div class='ocr_carea' id='block_1_1' title="bbox 163 218 1799 281">
    <p class='ocr_par' dir='ltr' id='par_1_1' title="bbox 163 218 1799 281">
     <span class='ocr_line' id='line_1_1' title="bbox 163 218 1799 281; baseline 0 -16"><span class='ocrx_word' id='word_1_1' title='bbox 163 231 273 265; x_wconf 68' lang='lat' dir='ltr'><strong>cn.</strong></span> <span class='ocrx_word' id='word_1_2' title='bbox 289 218 396 281; x_wconf 76' lang='lat' dir='ltr'>XXI]</span> <span class='ocrx_word' id='word_1_3' title='bbox 690 218 1131 264; x_wconf 87' lang='lat' dir='ltr'>POLICRATICVS</span> <span class='ocrx_word' id='word_1_4' title='bbox 1668 220 1753 270; x_wconf 86' lang='lat'><strong>804</strong></span> <span class='ocrx_word' id='word_1_5' title='bbox 1774 229 1799 265; x_wconf 76' lang='lat' dir='ltr'>c</span> 
     </span>
    </p>
   </div>
   <div class='ocr_carea' id='block_1_2' title="bbox 96 340 1790 2708">
    <p class='ocr_par' dir='ltr' id='par_1_2' title="bbox 96 340 1790 2708">
     <span class='ocr_line' id='line_1_2' title="bbox 169 340 1648 400; baseline -0.001 -16"><span class='ocrx_word' id='word_1_6' title='bbox 169 341 248 400; x_wconf 91' lang='lat' dir='ltr'><strong>qui</strong></span> <span class='ocrx_word' id='word_1_7' title='bbox 268 341 462 385; x_wconf 88' lang='lat' dir='ltr'><strong>uoluerit</strong></span> <span class='ocrx_word' id='word_1_8' title='bbox 482 341 790 399; x_wconf 66' lang='lat' dir='ltr'><strong>subsequatur.</strong></span> <span class='ocrx_word' id='word_1_9' title='bbox 836 341 951 386; x_wconf 91' lang='lat' dir='ltr'><strong>Cum</strong></span> <span class='ocrx_word' id='word_1_10' title='bbox 972 341 1030 385; x_wconf 89' lang='lat' dir='ltr'><strong>ad</strong></span> <span class='ocrx_word' id='word_1_11' title='bbox 1050 341 1197 399; x_wconf 89' lang='lat' dir='ltr'><strong>ipsum</strong></span> <span class='ocrx_word' id='word_1_12' title='bbox 1217 341 1354 384; x_wconf 91' lang='lat' dir='ltr'><strong>limen</strong></span> <span class='ocrx_word' id='word_1_13' title='bbox 1373 340 1530 398; x_wconf 86' lang='lat' dir='ltr'><strong>templi</strong></span> <span class='ocrx_word' id='word_1_14' title='bbox 1550 355 1648 398; x_wconf 88' lang='lat' dir='ltr'><strong>per-</strong></span> 
     </span>
     <span class='ocr_line' id='line_1_3' title="bbox 169 410 1649 469; baseline -0.001 -15"><span class='ocrx_word' id='word_1_15' title='bbox 169 412 359 462; x_wconf 89' lang='lat' dir='ltr'><strong>uenerit,</strong></span> <span class='ocrx_word' id='word_1_16' title='bbox 371 412 576 469; x_wconf 88' lang='lat' dir='ltr'><strong>priuatus</strong></span> <span class='ocrx_word' id='word_1_17' title='bbox 589 412 765 455; x_wconf 90' lang='lat' dir='ltr'><strong>existat.</strong></span> <span class='ocrx_word' id='word_1_18' title='bbox 798 411 866 455; x_wconf 88' lang='lat' dir='ltr'><strong>Tu</strong></span> <span class='ocrx_word' id='word_1_19' title='bbox 882 410 1013 463; x_wconf 89' lang='lat' dir='ltr'><strong>enim,</strong></span> <span class='ocrx_word' id='word_1_20' title='bbox 1025 411 1140 455; x_wconf 91' lang='lat' dir='ltr'><strong>sicut</strong></span> <span class='ocrx_word' id='word_1_21' title='bbox 1151 411 1282 462; x_wconf 90' lang='lat' dir='ltr'><strong>nosti,</strong></span> <span class='ocrx_word' id='word_1_22' title='bbox 1294 410 1418 454; x_wconf 88' lang='lat' dir='ltr'><strong>intus</strong></span> <span class='ocrx_word' id='word_1_23' title='bbox 1430 425 1477 454; x_wconf 89' lang='lat' dir='ltr'><strong>es</strong></span> <span class='ocrx_word' id='word_1_24' title='bbox 1492 410 1649 463; x_wconf 89' lang='lat' dir='ltr'><strong>iudex;</strong></span> 
     </span>
     <span class='ocr_line' id='line_1_4' title="bbox 168 480 1649 539; baseline 0 -15"><span class='ocrx_word' id='word_1_25' title='bbox 168 480 252 524; x_wconf 89' lang='lat' dir='ltr'><strong>hoc</strong></span> <span class='ocrx_word' id='word_1_26' title='bbox 282 481 402 524; x_wconf 90' lang='lat' dir='ltr'><strong>enim</strong></span> <span class='ocrx_word' id='word_1_27' title='bbox 426 482 561 525; x_wconf 90' lang='lat' dir='ltr'><strong>etiam</strong></span> <span class='ocrx_word' id='word_1_28' title='bbox 582 497 708 526; x_wconf 86' lang='lat' dir='ltr'><strong>sacra</strong></span> <span class='ocrx_word' id='word_1_29' title='bbox 727 482 898 526; x_wconf 87' lang='lat' dir='ltr'><strong>sanctio</strong></span> <span class='ocrx_word' id='word_1_30' title='bbox 924 482 1107 525; x_wconf 88' lang='lat' dir='ltr'><strong>uidetur</strong></span> <span class='ocrx_word' id='word_1_31' title='bbox 1129 482 1318 539; x_wconf 80' lang='lat' dir='ltr'><strong>exigere.</strong></span> <span class='ocrx_word' id='word_1_32' title='bbox 1379 481 1649 524; x_wconf 88' lang='lat' dir='ltr'><strong>Obedientes</strong></span> 
     </span>
     <span class='ocr_line' id='line_1_5' title="bbox 167 550 1647 610; baseline -0.001 -16"><span class='ocrx_word' id='word_1_33' title='bbox 167 550 310 608; x_wconf 88' lang='lat' dir='ltr'><strong>igitur</strong></span> <span class='ocrx_word' id='word_1_34' title='bbox 328 566 410 609; x_wconf 90' lang='lat' dir='ltr'><strong>pro</strong></span> <span class='ocrx_word' id='word_1_35' title='bbox 429 552 621 595; x_wconf 88' lang='lat' dir='ltr'><strong>ueritate</strong></span> <span class='ocrx_word' id='word_1_36' title='bbox 651 552 714 610; x_wconf 93' lang='lat' dir='ltr'><strong>pii</strong></span> <span class='ocrx_word' id='word_1_37' title='bbox 737 555 855 603; x_wconf 88' lang='lat' dir='ltr'><strong>sunt,</strong></span> <span class='ocrx_word' id='word_1_38' title='bbox 877 552 1147 596; x_wconf 76' lang='lat' dir='ltr'><strong>reluctantes</strong></span> <span class='ocrx_word' id='word_1_39' title='bbox 1167 566 1310 595; x_wconf 90' lang='lat' dir='ltr'><strong>uanae</strong></span> <span class='ocrx_word' id='word_1_40' title='bbox 1336 551 1504 610; x_wconf 86' lang='lat' dir='ltr'><strong>gloriae</strong></span> <span class='ocrx_word' id='word_1_41' title='bbox 1530 565 1647 595; x_wconf 87' lang='lat' dir='ltr'><strong>com-</strong></span> 
     </span>
     <span class='ocr_line' id='line_1_6' title="bbox 129 621 1647 680; baseline 0 -16"><span class='ocrx_word' id='word_1_42' title='bbox 129 638 151 674; x_wconf 68' lang='lat'><em>5</em></span> <span class='ocrx_word' id='word_1_43' title='bbox 167 621 426 678; x_wconf 73' lang='lat' dir='ltr'><strong>probantur.</strong></span> <span class='ocrx_word' id='word_1_44' title='bbox 468 622 587 676; x_wconf 85' lang='lat' dir='ltr'><strong>Quid</strong></span> <span class='ocrx_word' id='word_1_45' title='bbox 603 622 721 666; x_wconf 92' lang='lat' dir='ltr'><strong>enim</strong></span> <span class='ocrx_word' id='word_1_46' title='bbox 736 622 938 680; x_wconf 89' lang='lat' dir='ltr'><strong>patiatur</strong></span> <span class='ocrx_word' id='word_1_47' title='bbox 952 625 1033 665; x_wconf 89' lang='lat' dir='ltr'><strong>aut</strong></span> <span class='ocrx_word' id='word_1_48' title='bbox 1053 621 1171 679; x_wconf 91' lang='lat' dir='ltr'><strong>quod</strong></span> <span class='ocrx_word' id='word_1_49' title='bbox 1186 625 1412 664; x_wconf 90' lang='lat' dir='ltr'><strong>mereatur</strong></span> <span class='ocrx_word' id='word_1_50' title='bbox 1426 621 1647 664; x_wconf 86' lang='lat' dir='ltr'><strong>auxilium</strong></span> 
     </span>
     <span class='ocr_line' id='line_1_7' title="bbox 168 689 1647 750; baseline 0 -16"><span class='ocrx_word' id='word_1_51' title='bbox 168 691 245 748; x_wconf 92' lang='lat' dir='ltr'><strong>qui</strong></span> <span class='ocrx_word' id='word_1_52' title='bbox 266 691 458 735; x_wconf 86' lang='lat' dir='ltr'><strong>Matrem</strong></span> <span class='ocrx_word' id='word_1_53' title='bbox 479 691 663 735; x_wconf 92' lang='lat' dir='ltr'><strong>deorum</strong></span> <span class='ocrx_word' id='word_1_54' title='bbox 692 692 932 750; x_wconf 83' lang='lat' dir='ltr'><strong>propitiam</strong></span> <span class='ocrx_word' id='word_1_55' title='bbox 960 692 1123 735; x_wconf 87' lang='lat' dir='ltr'><strong>habere</strong></span> <span class='ocrx_word' id='word_1_56' title='bbox 1150 691 1374 735; x_wconf 61' lang='lat' dir='ltr'><strong>noluerit?</strong></span> <span class='ocrx_word' id='word_1_57' title='bbox 1426 689 1514 743; x_wconf 85' lang='lat' dir='ltr'><strong>Qui</strong></span> <span class='ocrx_word' id='word_1_58' title='bbox 1541 706 1647 749; x_wconf 87' lang='lat' dir='ltr'><strong>ergo</strong></span> 
     </span>
     <span class='ocr_line' id='line_1_8' title="bbox 167 761 1646 819; baseline 0 -15"><span class='ocrx_word' id='word_1_59' title='bbox 167 775 265 804; x_wconf 88' lang='lat' dir='ltr'><strong>eam</strong></span> <span class='ocrx_word' id='word_1_60' title='bbox 297 761 589 819; x_wconf 85' lang='lat' dir='ltr'><strong>neglexerint,</strong></span> <span class='ocrx_word' id='word_1_61' title='bbox 621 776 711 804; x_wconf 90' lang='lat' dir='ltr'><strong>non</strong></span> <span class='ocrx_word' id='word_1_62' title='bbox 742 762 886 805; x_wconf 86' lang='lat' dir='ltr'><strong>solum</strong></span> <span class='ocrx_word' id='word_1_63' title='bbox 921 762 1017 805; x_wconf 84' lang='lat' dir='ltr'><strong>sine</strong></span> <span class='ocrx_word' id='word_1_64' title='bbox 1052 762 1232 819; x_wconf 82' lang='lat' dir='ltr'><strong>querela</strong></span> <span class='ocrx_word' id='word_1_65' title='bbox 1270 776 1361 805; x_wconf 93' lang='lat' dir='ltr'><strong>non</strong></span> <span class='ocrx_word' id='word_1_66' title='bbox 1401 763 1535 804; x_wconf 90' lang='lat' dir='ltr'><strong>erunt</strong></span> <span class='ocrx_word' id='word_1_67' title='bbox 1568 761 1646 804; x_wconf 87' lang='lat' dir='ltr'><strong>sed</strong></span> 
     </span>
     <span class='ocr_line' id='line_1_9' title="bbox 166 827 1693 890; baseline 0 -16"><span class='ocrx_word' id='word_1_68' title='bbox 166 831 302 874; x_wconf 87' lang='lat' dir='ltr'><strong>etiam</strong></span> <span class='ocrx_word' id='word_1_69' title='bbox 330 835 508 875; x_wconf 89' lang='lat' dir='ltr'><strong>nostrae</strong></span> <span class='ocrx_word' id='word_1_70' title='bbox 535 831 856 889; x_wconf 84' lang='lat' dir='ltr'><strong>indignationis</strong></span> <span class='ocrx_word' id='word_1_71' title='bbox 883 832 1100 890; x_wconf 90' lang='lat' dir='ltr'><strong>impetum</strong></span> <span class='ocrx_word' id='word_1_72' title='bbox 1130 832 1427 875; x_wconf 88' lang='lat' dir='ltr'><strong>sustinebunt.</strong></span> <span class='ocrx_word' id='word_1_73' title='bbox 1487 830 1645 888; x_wconf 91' lang='lat' dir='ltr'><strong>Neque</strong></span> <span class='ocrx_word' id='word_1_74' title='bbox 1662 827 1693 868; x_wconf 81' lang='lat' dir='ltr'><strong>d</strong></span> 
     </span>
     <span class='ocr_line' id='line_1_10' title="bbox 166 901 1646 959; baseline 0.001 -16"><span class='ocrx_word' id='word_1_75' title='bbox 166 901 285 944; x_wconf 90' lang='lat' dir='ltr'><strong>enim</strong></span> <span class='ocrx_word' id='word_1_76' title='bbox 318 902 388 945; x_wconf 80' lang='lat' dir='ltr'><strong>fas</strong></span> <span class='ocrx_word' id='word_1_77' title='bbox 420 904 488 944; x_wconf 89' lang='lat' dir='ltr'><strong>est</strong></span> <span class='ocrx_word' id='word_1_78' title='bbox 518 904 572 944; x_wconf 92' lang='lat' dir='ltr'><strong>ut</strong></span> <span class='ocrx_word' id='word_1_79' title='bbox 603 901 669 943; x_wconf 94' lang='lat' dir='ltr'><strong>illi</strong></span> <span class='ocrx_word' id='word_1_80' title='bbox 698 905 910 959; x_wconf 89' lang='lat' dir='ltr'><strong>parcatur</strong></span> <span class='ocrx_word' id='word_1_81' title='bbox 939 902 1016 959; x_wconf 87' lang='lat' dir='ltr'><strong>qui</strong></span> <span class='ocrx_word' id='word_1_82' title='bbox 1046 902 1165 945; x_wconf 84' lang='lat' dir='ltr'><strong>Deos</strong></span> <span class='ocrx_word' id='word_1_83' title='bbox 1195 902 1405 944; x_wconf 80' lang='lat' dir='ltr'><strong>habuerit</strong></span> <span class='ocrx_word' id='word_1_84' title='bbox 1431 901 1646 945; x_wconf 90' lang='lat' dir='ltr'><strong>inimicos.</strong></span> 
     </span>
     <span class='ocr_line' id='line_1_11' title="bbox 106 970 1647 1029; baseline 0.001 -15"><span class='ocrx_word' id='word_1_85' title='bbox 106 988 150 1014; x_wconf 83' lang='lat'><strong>10</strong></span> <span class='ocrx_word' id='word_1_86' title='bbox 166 970 315 1014; x_wconf 89' lang='lat' dir='ltr'><strong>Suade</strong></span> <span class='ocrx_word' id='word_1_87' title='bbox 344 971 563 1029; x_wconf 88' lang='lat' dir='ltr'><strong>siquidem</strong></span> <span class='ocrx_word' id='word_1_88' title='bbox 593 972 657 1015; x_wconf 90' lang='lat' dir='ltr'><strong>eis</strong></span> <span class='ocrx_word' id='word_1_89' title='bbox 685 975 749 1022; x_wconf 90' lang='lat' dir='ltr'><strong>ut,</strong></span> <span class='ocrx_word' id='word_1_90' title='bbox 769 972 807 1015; x_wconf 90' lang='lat' dir='ltr'><strong>si</strong></span> <span class='ocrx_word' id='word_1_91' title='bbox 837 987 936 1015; x_wconf 91' lang='lat' dir='ltr'><strong>mea</strong></span> <span class='ocrx_word' id='word_1_92' title='bbox 962 972 1123 1015; x_wconf 90' lang='lat' dir='ltr'><strong>uolunt</strong></span> <span class='ocrx_word' id='word_1_93' title='bbox 1149 971 1241 1015; x_wconf 86' lang='lat' dir='ltr'><strong>frui</strong></span> <span class='ocrx_word' id='word_1_94' title='bbox 1271 972 1475 1024; x_wconf 90' lang='lat' dir='ltr'><strong>tuitione,</strong></span> <span class='ocrx_word' id='word_1_95' title='bbox 1494 987 1647 1016; x_wconf 86' lang='lat' dir='ltr'><strong>omnes</strong></span> 
     </span>
     <span class='ocr_line' id='line_1_12' title="bbox 165 1041 1646 1099; baseline 0.001 -15"><span class='ocrx_word' id='word_1_96' title='bbox 165 1041 303 1085; x_wconf 85' lang='lat' dir='ltr'><strong>Matri</strong></span> <span class='ocrx_word' id='word_1_97' title='bbox 339 1042 523 1085; x_wconf 89' lang='lat' dir='ltr'><strong>deorum</strong></span> <span class='ocrx_word' id='word_1_98' title='bbox 557 1042 769 1085; x_wconf 88' lang='lat' dir='ltr'><strong>studeant</strong></span> <span class='ocrx_word' id='word_1_99' title='bbox 804 1043 962 1085; x_wconf 86' lang='lat' dir='ltr'><strong>offerre</strong></span> <span class='ocrx_word' id='word_1_100' title='bbox 996 1042 1231 1086; x_wconf 88' lang='lat' dir='ltr'><strong>culturam.</strong></span> <span class='ocrx_word' id='word_1_101' title='bbox 1306 1042 1430 1086; x_wconf 89' lang='lat' dir='ltr'><strong>Haec</strong></span> <span class='ocrx_word' id='word_1_102' title='bbox 1465 1042 1646 1099; x_wconf 92' lang='lat' dir='ltr'><strong>quidem</strong></span> 
     </span>
     <span class='ocr_line' id='line_1_13' title="bbox 163 1111 1644 1169; baseline -0.003 -11"><span class='ocrx_word' id='word_1_103' title='bbox 163 1111 355 1169; x_wconf 74' lang='lat' dir='ltr'><strong>scripsit,</strong></span> <span class='ocrx_word' id='word_1_104' title='bbox 370 1114 417 1155; x_wconf 90' lang='lat' dir='ltr'><strong>et</strong></span> <span class='ocrx_word' id='word_1_105' title='bbox 435 1112 493 1155; x_wconf 89' lang='lat' dir='ltr'><strong>ad</strong></span> <span class='ocrx_word' id='word_1_106' title='bbox 513 1112 852 1155; x_wconf 89' lang='lat' dir='ltr'><strong>similitudinem</strong></span> <span class='ocrx_word' id='word_1_107' title='bbox 873 1112 1079 1155; x_wconf 87' lang='lat' dir='ltr'><strong>ecclesiae</strong></span> <span class='ocrx_word' id='word_1_108' title='bbox 1099 1112 1339 1156; x_wconf 88' lang='lat' dir='ltr'><strong>demonum</strong></span> <span class='ocrx_word' id='word_1_109' title='bbox 1359 1112 1527 1169; x_wconf 89' lang='lat' dir='ltr'><strong>templa</strong></span> <span class='ocrx_word' id='word_1_110' title='bbox 1542 1127 1644 1155; x_wconf 91' lang='lat' dir='ltr'><strong>con-</strong></span> 
     </span>
     <span class='ocr_line' id='line_1_14' title="bbox 163 1181 1646 1240; baseline -0.001 -15"><span class='ocrx_word' id='word_1_111' title='bbox 163 1181 328 1233; x_wconf 82' lang='lat' dir='ltr'><strong>stituit,</strong></span> <span class='ocrx_word' id='word_1_112' title='bbox 347 1185 394 1225; x_wconf 90' lang='lat' dir='ltr'><strong>et</strong></span> <span class='ocrx_word' id='word_1_113' title='bbox 420 1181 621 1225; x_wconf 88' lang='lat' dir='ltr'><strong>instituit</strong></span> <span class='ocrx_word' id='word_1_114' title='bbox 646 1181 875 1224; x_wconf 89' lang='lat' dir='ltr'><strong>ministros</strong></span> <span class='ocrx_word' id='word_1_115' title='bbox 898 1182 947 1224; x_wconf 94' lang='lat' dir='ltr'><strong>in</strong></span> <span class='ocrx_word' id='word_1_116' title='bbox 971 1182 1162 1226; x_wconf 86' lang='lat' dir='ltr'><strong>diuersis</strong></span> <span class='ocrx_word' id='word_1_117' title='bbox 1187 1182 1402 1240; x_wconf 87' lang='lat' dir='ltr'><strong>gradibus</strong></span> <span class='ocrx_word' id='word_1_118' title='bbox 1422 1182 1480 1225; x_wconf 87' lang='lat' dir='ltr'><strong>ad</strong></span> <span class='ocrx_word' id='word_1_119' title='bbox 1500 1182 1646 1225; x_wconf 89' lang='lat' dir='ltr'><strong>instar</strong></span> 
     </span>
     <span class='ocr_line' id='line_1_15' title="bbox 162 1250 1646 1309; baseline 0 -15"><span class='ocrx_word' id='word_1_120' title='bbox 162 1250 436 1303; x_wconf 83' lang='lat' dir='ltr'><strong>clericorum,</strong></span> <span class='ocrx_word' id='word_1_121' title='bbox 457 1254 511 1294; x_wconf 92' lang='lat' dir='ltr'><strong>ut</strong></span> <span class='ocrx_word' id='word_1_122' title='bbox 530 1255 678 1294; x_wconf 88' lang='lat' dir='ltr'><strong>essent</strong></span> <span class='ocrx_word' id='word_1_123' title='bbox 705 1251 782 1308; x_wconf 90' lang='lat' dir='ltr'><strong>qui</strong></span> <span class='ocrx_word' id='word_1_124' title='bbox 803 1254 971 1294; x_wconf 86' lang='lat' dir='ltr'><strong>ceteros</strong></span> <span class='ocrx_word' id='word_1_125' title='bbox 1001 1251 1210 1295; x_wconf 87' lang='lat' dir='ltr'><strong>docerent</strong></span> <span class='ocrx_word' id='word_1_126' title='bbox 1231 1252 1403 1296; x_wconf 86' lang='lat' dir='ltr'><strong>cultum</strong></span> <span class='ocrx_word' id='word_1_127' title='bbox 1433 1251 1646 1309; x_wconf 87' lang='lat' dir='ltr'><strong>perfidiae</strong></span> 
     </span>
     <span class='ocr_line' id='line_1_16' title="bbox 100 1321 1642 1378; baseline -0.001 -14"><span class='ocrx_word' id='word_1_128' title='bbox 100 1335 147 1372; x_wconf 72' lang='lat'><strong>³5</strong></span> <span class='ocrx_word' id='word_1_129' title='bbox 164 1323 211 1364; x_wconf 91' lang='lat' dir='ltr'><strong>et</strong></span> <span class='ocrx_word' id='word_1_130' title='bbox 229 1321 481 1378; x_wconf 88' lang='lat' dir='ltr'><strong>penitentes</strong></span> <span class='ocrx_word' id='word_1_131' title='bbox 501 1323 603 1378; x_wconf 92' lang='lat' dir='ltr'><strong>post</strong></span> <span class='ocrx_word' id='word_1_132' title='bbox 631 1321 808 1378; x_wconf 90' lang='lat' dir='ltr'><strong>culpam</strong></span> <span class='ocrx_word' id='word_1_133' title='bbox 838 1321 1082 1365; x_wconf 91' lang='lat' dir='ltr'><strong>secundum</strong></span> <span class='ocrx_word' id='word_1_134' title='bbox 1112 1322 1402 1366; x_wconf 87' lang='lat' dir='ltr'><strong>traditionem</strong></span> <span class='ocrx_word' id='word_1_135' title='bbox 1423 1321 1642 1371; x_wconf 87' lang='lat' dir='ltr'><strong>Christia-</strong></span> 
     </span>
     <span class='ocr_line' id='line_1_17' title="bbox 163 1391 1641 1436; baseline 0.001 -2"><span class='ocrx_word' id='word_1_136' title='bbox 163 1405 324 1434; x_wconf 88' lang='lat' dir='ltr'><strong>norum</strong></span> <span class='ocrx_word' id='word_1_137' title='bbox 363 1391 633 1434; x_wconf 85' lang='lat' dir='ltr'><strong>correctione</strong></span> <span class='ocrx_word' id='word_1_138' title='bbox 667 1391 877 1435; x_wconf 91' lang='lat' dir='ltr'><strong>mediocri</strong></span> <span class='ocrx_word' id='word_1_139' title='bbox 918 1391 1225 1436; x_wconf 81' lang='lat' dir='ltr'><strong>reformarent.</strong></span> <span class='ocrx_word' id='word_1_140' title='bbox 1300 1392 1453 1436; x_wconf 91' lang='lat' dir='ltr'><strong>Nichil</strong></span> <span class='ocrx_word' id='word_1_141' title='bbox 1488 1395 1641 1435; x_wconf 88' lang='lat' dir='ltr'><strong>autem</strong></span> 
     </span>
     <span class='ocr_line' id='line_1_18' title="bbox 161 1460 1642 1519; baseline 0.001 -15"><span class='ocrx_word' id='word_1_142' title='bbox 161 1460 282 1519; x_wconf 93' lang='lat' dir='ltr'><strong>quod</strong></span> <span class='ocrx_word' id='word_1_143' title='bbox 311 1476 339 1504; x_wconf 86' lang='lat' dir='ltr'><strong>a</strong></span> <span class='ocrx_word' id='word_1_144' title='bbox 367 1461 554 1519; x_wconf 86' lang='lat' dir='ltr'><strong>paganis</strong></span> <span class='ocrx_word' id='word_1_145' title='bbox 583 1461 938 1505; x_wconf 86' lang='lat' dir='ltr'><strong>committeretur</strong></span> <span class='ocrx_word' id='word_1_146' title='bbox 967 1462 1015 1505; x_wconf 93' lang='lat' dir='ltr'><strong>in</strong></span> <span class='ocrx_word' id='word_1_147' title='bbox 1047 1461 1277 1507; x_wconf 86' lang='lat' dir='ltr'><strong>Christum</strong></span> <span class='ocrx_word' id='word_1_148' title='bbox 1310 1476 1488 1505; x_wconf 89' lang='lat' dir='ltr'><strong>enorme</strong></span> <span class='ocrx_word' id='word_1_149' title='bbox 1519 1462 1642 1505; x_wconf 91' lang='lat' dir='ltr'><strong>uide-</strong></span> 
     </span>
     <span class='ocr_line' id='line_1_19' title="bbox 161 1530 1640 1589; baseline 0.001 -15"><span class='ocrx_word' id='word_1_150' title='bbox 161 1530 308 1575; x_wconf 88' lang='lat' dir='ltr'><strong>batur.</strong></span> <span class='ocrx_word' id='word_1_151' title='bbox 368 1531 494 1575; x_wconf 87' lang='lat' dir='ltr'><strong>Adeo</strong></span> <span class='ocrx_word' id='word_1_152' title='bbox 514 1531 692 1589; x_wconf 91' lang='lat' dir='ltr'><strong>quidem</strong></span> <span class='ocrx_word' id='word_1_153' title='bbox 713 1534 767 1574; x_wconf 91' lang='lat' dir='ltr'><strong>ut</strong></span> <span class='ocrx_word' id='word_1_154' title='bbox 786 1546 867 1575; x_wconf 91' lang='lat' dir='ltr'><strong>nec</strong></span> <span class='ocrx_word' id='word_1_155' title='bbox 886 1532 1031 1575; x_wconf 90' lang='lat' dir='ltr'><strong>seuire</strong></span> <span class='ocrx_word' id='word_1_156' title='bbox 1051 1532 1099 1575; x_wconf 94' lang='lat' dir='ltr'><strong>in</strong></span> <span class='ocrx_word' id='word_1_157' title='bbox 1124 1535 1324 1575; x_wconf 90' lang='lat' dir='ltr'><strong>mortuos</strong></span> <span class='ocrx_word' id='word_1_158' title='bbox 1344 1532 1640 1575; x_wconf 89' lang='lat' dir='ltr'><strong>inhumanum</strong></span> 
     </span>
     <span class='ocr_line' id='line_1_20' title="bbox 160 1601 1641 1659; baseline 0.001 -15"><span class='ocrx_word' id='word_1_159' title='bbox 160 1604 243 1644; x_wconf 87' lang='lat' dir='ltr'><strong>aut</strong></span> <span class='ocrx_word' id='word_1_160' title='bbox 271 1601 449 1644; x_wconf 91' lang='lat' dir='ltr'><strong>crudele</strong></span> <span class='ocrx_word' id='word_1_161' title='bbox 478 1602 665 1659; x_wconf 88' lang='lat' dir='ltr'><strong>paganis</strong></span> <span class='ocrx_word' id='word_1_162' title='bbox 694 1602 937 1646; x_wconf 89' lang='lat' dir='ltr'><strong>uideretur.</strong></span> <span class='ocrx_word' id='word_1_163' title='bbox 997 1602 1128 1645; x_wconf 88' lang='lat' dir='ltr'><strong>Vnde</strong></span> <span class='ocrx_word' id='word_1_164' title='bbox 1158 1603 1207 1645; x_wconf 90' lang='lat' dir='ltr'><strong>in</strong></span> <span class='ocrx_word' id='word_1_165' title='bbox 1235 1602 1421 1646; x_wconf 88' lang='lat' dir='ltr'><strong>ciuitate</strong></span> <span class='ocrx_word' id='word_1_166' title='bbox 1452 1601 1641 1645; x_wconf 82' lang='lat' dir='ltr'><strong>Sebasta</strong></span> 
     </span>
     <span class='ocr_line' id='line_1_21' title="bbox 98 1671 1790 1730; baseline -0.002 -14"><span class='ocrx_word' id='word_1_167' title='bbox 98 1685 145 1717; x_wconf 66' lang='lat'><strong>20</strong></span> <span class='ocrx_word' id='word_1_168' title='bbox 162 1671 377 1715; x_wconf 86' lang='lat' dir='ltr'><strong>Iohannis</strong></span> <span class='ocrx_word' id='word_1_169' title='bbox 407 1671 638 1729; x_wconf 88' lang='lat' dir='ltr'><strong>Baptistae</strong></span> <span class='ocrx_word' id='word_1_170' title='bbox 667 1671 951 1729; x_wconf 88' lang='lat' dir='ltr'><strong>sepulchrum</strong></span> <span class='ocrx_word' id='word_1_171' title='bbox 983 1675 1256 1730; x_wconf 90' lang='lat' dir='ltr'><strong>aperuerunt</strong></span> <span class='ocrx_word' id='word_1_172' title='bbox 1287 1672 1469 1730; x_wconf 88' lang='lat' dir='ltr'><strong>ignique</strong></span> <span class='ocrx_word' id='word_1_173' title='bbox 1500 1672 1639 1716; x_wconf 89' lang='lat' dir='ltr'><strong>tradi·</strong></span> <span class='ocrx_word' id='word_1_174' title='bbox 1658 1671 1741 1721; x_wconf 88' lang='lat'><strong>805</strong></span> <span class='ocrx_word' id='word_1_175' title='bbox 1760 1685 1790 1713; x_wconf 86' lang='lat' dir='ltr'><strong>a</strong></span> 
     </span>
     <span class='ocr_line' id='line_1_22' title="bbox 159 1741 1642 1800; baseline 0.001 -15"><span class='ocrx_word' id='word_1_176' title='bbox 159 1741 335 1794; x_wconf 90' lang='lat' dir='ltr'><strong>derunt,</strong></span> <span class='ocrx_word' id='word_1_177' title='bbox 359 1756 459 1785; x_wconf 86' lang='lat' dir='ltr'><strong>ossa</strong></span> <span class='ocrx_word' id='word_1_178' title='bbox 477 1757 584 1785; x_wconf 89' lang='lat' dir='ltr'><strong>uero</strong></span> <span class='ocrx_word' id='word_1_179' title='bbox 603 1756 654 1785; x_wconf 89' lang='lat' dir='ltr'><strong>ac</strong></span> <span class='ocrx_word' id='word_1_180' title='bbox 681 1742 912 1799; x_wconf 91' lang='lat' dir='ltr'><strong>puluerem</strong></span> <span class='ocrx_word' id='word_1_181' title='bbox 941 1742 1258 1800; x_wconf 88' lang='lat' dir='ltr'><strong>disperserunt.</strong></span> <span class='ocrx_word' id='word_1_182' title='bbox 1318 1742 1367 1786; x_wconf 88' lang='lat' dir='ltr'><strong>Si</strong></span> <span class='ocrx_word' id='word_1_183' title='bbox 1395 1743 1468 1786; x_wconf 93' lang='lat' dir='ltr'><strong>uel</strong></span> <span class='ocrx_word' id='word_1_184' title='bbox 1492 1743 1642 1800; x_wconf 87' lang='lat' dir='ltr'><strong>capita</strong></span> 
     </span>
     <span class='ocr_line' id='line_1_23' title="bbox 156 1811 1641 1869; baseline -0.001 -14"><span class='ocrx_word' id='word_1_185' title='bbox 156 1811 431 1869; x_wconf 84' lang='lat' dir='ltr'><strong>flagitiorum</strong></span> <span class='ocrx_word' id='word_1_186' title='bbox 463 1811 558 1855; x_wconf 92' lang='lat' dir='ltr'><strong>eius</strong></span> <span class='ocrx_word' id='word_1_187' title='bbox 592 1811 665 1854; x_wconf 92' lang='lat' dir='ltr'><strong>uel</strong></span> <span class='ocrx_word' id='word_1_188' title='bbox 704 1811 962 1855; x_wconf 89' lang='lat' dir='ltr'><strong>summatim</strong></span> <span class='ocrx_word' id='word_1_189' title='bbox 998 1827 1112 1869; x_wconf 90' lang='lat' dir='ltr'><strong>quae</strong></span> <span class='ocrx_word' id='word_1_190' title='bbox 1146 1827 1227 1869; x_wconf 90' lang='lat' dir='ltr'><strong>per</strong></span> <span class='ocrx_word' id='word_1_191' title='bbox 1259 1812 1406 1869; x_wconf 88' lang='lat' dir='ltr'><strong>ipsum</strong></span> <span class='ocrx_word' id='word_1_192' title='bbox 1446 1812 1495 1854; x_wconf 93' lang='lat' dir='ltr'><strong>in</strong></span> <span class='ocrx_word' id='word_1_193' title='bbox 1535 1813 1641 1855; x_wconf 92' lang='lat' dir='ltr'><strong>orbe</strong></span> 
     </span>
     <span class='ocr_line' id='line_1_24' title="bbox 158 1881 1639 1939; baseline 0.001 -15"><span class='ocrx_word' id='word_1_194' title='bbox 158 1881 374 1925; x_wconf 84' lang='lat' dir='ltr'><strong>aduersus</strong></span> <span class='ocrx_word' id='word_1_195' title='bbox 409 1881 648 1925; x_wconf 89' lang='lat' dir='ltr'><strong>Ecclesiam</strong></span> <span class='ocrx_word' id='word_1_196' title='bbox 680 1885 809 1939; x_wconf 87' lang='lat' dir='ltr'><strong>gesta</strong></span> <span class='ocrx_word' id='word_1_197' title='bbox 847 1884 965 1934; x_wconf 91' lang='lat' dir='ltr'><strong>sunt,</strong></span> <span class='ocrx_word' id='word_1_198' title='bbox 1000 1882 1184 1925; x_wconf 90' lang='lat' dir='ltr'><strong>uoluero</strong></span> <span class='ocrx_word' id='word_1_199' title='bbox 1223 1897 1443 1934; x_wconf 87' lang='lat' dir='ltr'><strong>enarrare,</strong></span> <span class='ocrx_word' id='word_1_200' title='bbox 1483 1882 1639 1925; x_wconf 90' lang='lat' dir='ltr'><strong>multis</strong></span> 
     </span>
     <span class='ocr_line' id='line_1_25' title="bbox 158 1943 1639 2009; baseline 0.001 -15"><span class='ocrx_word' id='word_1_201' title='bbox 158 1943 422 2009; x_wconf 73' lang='lat' dir='ltr'><strong>magnisque</strong></span> <span class='ocrx_word' id='word_1_202' title='bbox 452 1951 756 1994; x_wconf 86' lang='lat' dir='ltr'><strong>uoluminibus</strong></span> <span class='ocrx_word' id='word_1_203' title='bbox 788 1955 918 1994; x_wconf 89' lang='lat' dir='ltr'><strong>tanta</strong></span> <span class='ocrx_word' id='word_1_204' title='bbox 957 1952 1106 2008; x_wconf 89' lang='lat' dir='ltr'><strong>egebit</strong></span> <span class='ocrx_word' id='word_1_205' title='bbox 1144 1952 1346 1996; x_wconf 88' lang='lat' dir='ltr'><strong>materia.</strong></span> <span class='ocrx_word' id='word_1_206' title='bbox 1417 1952 1506 1995; x_wconf 87' lang='lat' dir='ltr'><strong>Sed</strong></span> <span class='ocrx_word' id='word_1_207' title='bbox 1537 1967 1639 2009; x_wconf 90' lang='lat' dir='ltr'><strong>pro-</strong></span> 
     </span>
     <span class='ocr_line' id='line_1_26' title="bbox 99 2020 1638 2079; baseline 0.002 -17"><span class='ocrx_word' id='word_1_208' title='bbox 99 2033 141 2066; x_wconf 73' lang='lat'><strong>25</strong></span> <span class='ocrx_word' id='word_1_209' title='bbox 158 2021 417 2079; x_wconf 88' lang='lat' dir='ltr'><strong>grediamur</strong></span> <span class='ocrx_word' id='word_1_210' title='bbox 430 2021 488 2064; x_wconf 90' lang='lat' dir='ltr'><strong>ad</strong></span> <span class='ocrx_word' id='word_1_211' title='bbox 500 2021 646 2070; x_wconf 88' lang='lat' dir='ltr'><strong>finem,</strong></span> <span class='ocrx_word' id='word_1_212' title='bbox 660 2036 791 2078; x_wconf 89' lang='lat' dir='ltr'><strong>quem</strong></span> <span class='ocrx_word' id='word_1_213' title='bbox 805 2021 906 2078; x_wconf 90' lang='lat' dir='ltr'><strong>pius</strong></span> <span class='ocrx_word' id='word_1_214' title='bbox 918 2020 1129 2073; x_wconf 77' lang='lat' dir='ltr'><strong>Galileus,</strong></span> <span class='ocrx_word' id='word_1_215' title='bbox 1141 2021 1434 2065; x_wconf 85' lang='lat' dir='ltr'><strong>intemeratae</strong></span> <span class='ocrx_word' id='word_1_216' title='bbox 1446 2021 1638 2079; x_wconf 89' lang='lat' dir='ltr'><strong>uirginis</strong></span> 
     </span>
     <span class='ocr_line' id='line_1_27' title="bbox 159 2091 1637 2148; baseline 0 -13"><span class='ocrx_word' id='word_1_217' title='bbox 159 2091 315 2144; x_wconf 79' lang='lat' dir='ltr'><strong>Filius,</strong></span> <span class='ocrx_word' id='word_1_218' title='bbox 346 2091 486 2148; x_wconf 86' lang='lat' dir='ltr'><strong>impio</strong></span> <span class='ocrx_word' id='word_1_219' title='bbox 516 2091 788 2148; x_wconf 89' lang='lat' dir='ltr'><strong>persecutori</strong></span> <span class='ocrx_word' id='word_1_220' title='bbox 822 2106 903 2134; x_wconf 91' lang='lat' dir='ltr'><strong>suo</strong></span> <span class='ocrx_word' id='word_1_221' title='bbox 938 2091 996 2134; x_wconf 91' lang='lat' dir='ltr'><strong>ad</strong></span> <span class='ocrx_word' id='word_1_222' title='bbox 1035 2091 1380 2134; x_wconf 88' lang='lat' dir='ltr'><strong>consolationem</strong></span> <span class='ocrx_word' id='word_1_223' title='bbox 1416 2091 1637 2135; x_wconf 84' lang='lat' dir='ltr'><strong>Ecclesiae</strong></span> 
     </span>
     <span class='ocr_line' id='line_1_28' title="bbox 157 2160 1637 2218; baseline 0 -13"><span class='ocrx_word' id='word_1_224' title='bbox 157 2176 265 2205; x_wconf 85' lang='lat' dir='ltr'><strong>suae</strong></span> <span class='ocrx_word' id='word_1_225' title='bbox 303 2164 351 2204; x_wconf 89' lang='lat' dir='ltr'><strong>et</strong></span> <span class='ocrx_word' id='word_1_226' title='bbox 383 2161 442 2204; x_wconf 90' lang='lat' dir='ltr'><strong>ad</strong></span> <span class='ocrx_word' id='word_1_227' title='bbox 480 2160 670 2218; x_wconf 89' lang='lat' dir='ltr'><strong>gloriam</strong></span> <span class='ocrx_word' id='word_1_228' title='bbox 707 2161 967 2212; x_wconf 88' lang='lat' dir='ltr'><strong>maiestatis,</strong></span> <span class='ocrx_word' id='word_1_229' title='bbox 1008 2176 1097 2218; x_wconf 87' lang='lat' dir='ltr'><strong>qua</strong></span> <span class='ocrx_word' id='word_1_230' title='bbox 1137 2161 1262 2204; x_wconf 90' lang='lat' dir='ltr'><strong>Patri</strong></span> <span class='ocrx_word' id='word_1_231' title='bbox 1301 2161 1551 2218; x_wconf 88' lang='lat' dir='ltr'><strong>coaequalis</strong></span> <span class='ocrx_word' id='word_1_232' title='bbox 1590 2165 1637 2205; x_wconf 93' lang='lat' dir='ltr'><strong>et</strong></span> 
     </span>
     <span class='ocr_line' id='line_1_29' title="bbox 155 2230 1636 2289; baseline 0 -14"><span class='ocrx_word' id='word_1_233' title='bbox 155 2230 549 2276; x_wconf 84' lang='lat' dir='ltr'><strong>consubstantialis</strong></span> <span class='ocrx_word' id='word_1_234' title='bbox 579 2233 659 2280; x_wconf 89' lang='lat' dir='ltr'><strong>est,</strong></span> <span class='ocrx_word' id='word_1_235' title='bbox 685 2233 892 2287; x_wconf 91' lang='lat' dir='ltr'><strong>potenter</strong></span> <span class='ocrx_word' id='word_1_236' title='bbox 921 2231 1100 2274; x_wconf 88' lang='lat' dir='ltr'><strong>inflixit.</strong></span> <span class='ocrx_word' id='word_1_237' title='bbox 1161 2231 1429 2289; x_wconf 88' lang='lat' dir='ltr'><strong>Procingens</strong></span> <span class='ocrx_word' id='word_1_238' title='bbox 1459 2246 1565 2289; x_wconf 90' lang='lat' dir='ltr'><strong>ergo</strong></span> <span class='ocrx_word' id='word_1_239' title='bbox 1589 2247 1636 2275; x_wconf 91' lang='lat' dir='ltr'><strong>se</strong></span> 
     </span>
     <span class='ocr_line' id='line_1_30' title="bbox 157 2300 1637 2358; baseline 0.001 -14"><span class='ocrx_word' id='word_1_240' title='bbox 157 2301 216 2344; x_wconf 91' lang='lat' dir='ltr'><strong>ad</strong></span> <span class='ocrx_word' id='word_1_241' title='bbox 256 2300 473 2344; x_wconf 85' lang='lat' dir='ltr'><strong>Persicam</strong></span> <span class='ocrx_word' id='word_1_242' title='bbox 513 2300 842 2357; x_wconf 85' lang='lat' dir='ltr'><strong>expeditionem</strong></span> <span class='ocrx_word' id='word_1_243' title='bbox 882 2315 964 2358; x_wconf 92' lang='lat' dir='ltr'><strong>pro</strong></span> <span class='ocrx_word' id='word_1_244' title='bbox 1003 2315 1125 2344; x_wconf 89' lang='lat' dir='ltr'><strong>more</strong></span> <span class='ocrx_word' id='word_1_245' title='bbox 1171 2301 1295 2343; x_wconf 92' lang='lat' dir='ltr'><strong>misit</strong></span> <span class='ocrx_word' id='word_1_246' title='bbox 1345 2301 1543 2358; x_wconf 89' lang='lat' dir='ltr'><strong>Delphos</strong></span> <span class='ocrx_word' id='word_1_247' title='bbox 1590 2305 1637 2345; x_wconf 91' lang='lat' dir='ltr'><strong>et</strong></span> 
     </span>
     <span class='ocr_line' id='line_1_31' title="bbox 96 2370 1637 2427; baseline 0.002 -15"><span class='ocrx_word' id='word_1_248' title='bbox 96 2388 140 2422; x_wconf 71' lang='lat'><strong>30</strong></span> <span class='ocrx_word' id='word_1_249' title='bbox 157 2371 321 2414; x_wconf 90' lang='lat' dir='ltr'><strong>Delum</strong></span> <span class='ocrx_word' id='word_1_250' title='bbox 353 2373 488 2427; x_wconf 83' lang='lat' dir='ltr'><strong>atque</strong></span> <span class='ocrx_word' id='word_1_251' title='bbox 519 2370 762 2421; x_wconf 92' lang='lat' dir='ltr'><strong>Dodonem,</strong></span> <span class='ocrx_word' id='word_1_252' title='bbox 791 2370 1024 2414; x_wconf 90' lang='lat' dir='ltr'><strong>consulens</strong></span> <span class='ocrx_word' id='word_1_253' title='bbox 1059 2385 1116 2413; x_wconf 88' lang='lat' dir='ltr'><strong>an</strong></span> <span class='ocrx_word' id='word_1_254' title='bbox 1156 2370 1388 2427; x_wconf 89' lang='lat' dir='ltr'><strong>expediret</strong></span> <span class='ocrx_word' id='word_1_255' title='bbox 1426 2371 1485 2413; x_wconf 89' lang='lat' dir='ltr'><strong>ad</strong></span> <span class='ocrx_word' id='word_1_256' title='bbox 1519 2371 1637 2415; x_wconf 90' lang='lat' dir='ltr'><strong>bella</strong></span> 
     </span>
     <span class='ocr_line' id='line_1_32' title="bbox 156 2440 1634 2498; baseline 0.001 -14"><span class='ocrx_word' id='word_1_257' title='bbox 156 2440 402 2498; x_wconf 86' lang='lat' dir='ltr'><strong>procedere.</strong></span> <span class='ocrx_word' id='word_1_258' title='bbox 483 2440 620 2483; x_wconf 89' lang='lat' dir='ltr'><strong>Vates</strong></span> <span class='ocrx_word' id='word_1_259' title='bbox 669 2440 821 2497; x_wconf 88' lang='lat' dir='ltr'><strong>itaque</strong></span> <span class='ocrx_word' id='word_1_260' title='bbox 869 2440 1069 2483; x_wconf 91' lang='lat' dir='ltr'><strong>uniuersi</strong></span> <span class='ocrx_word' id='word_1_261' title='bbox 1118 2440 1354 2483; x_wconf 90' lang='lat' dir='ltr'><strong>uictoriam</strong></span> <span class='ocrx_word' id='word_1_262' title='bbox 1403 2441 1634 2498; x_wconf 89' lang='lat' dir='ltr'><strong>promitte·</strong></span> 
     </span>
     <span class='ocr_line' id='line_1_33' title="bbox 156 2509 1632 2567; baseline 0 -13"><span class='ocrx_word' id='word_1_263' title='bbox 156 2511 280 2564; x_wconf 89' lang='lat' dir='ltr'><strong>bant,</strong></span> <span class='ocrx_word' id='word_1_264' title='bbox 318 2525 409 2554; x_wconf 91' lang='lat' dir='ltr'><strong>uno</strong></span> <span class='ocrx_word' id='word_1_265' title='bbox 443 2510 563 2553; x_wconf 91' lang='lat' dir='ltr'><strong>inter</strong></span> <span class='ocrx_word' id='word_1_266' title='bbox 601 2513 748 2554; x_wconf 89' lang='lat' dir='ltr'><strong>cetera</strong></span> <span class='ocrx_word' id='word_1_267' title='bbox 786 2510 975 2553; x_wconf 90' lang='lat' dir='ltr'><strong>animati</strong></span> <span class='ocrx_word' id='word_1_268' title='bbox 1016 2524 1238 2567; x_wconf 86' lang='lat' dir='ltr'><strong>responso,</strong></span> <span class='ocrx_word' id='word_1_269' title='bbox 1273 2509 1392 2567; x_wconf 92' lang='lat' dir='ltr'><strong>quod</strong></span> <span class='ocrx_word' id='word_1_270' title='bbox 1436 2525 1518 2567; x_wconf 91' lang='lat' dir='ltr'><strong>pro</strong></span> <span class='ocrx_word' id='word_1_271' title='bbox 1557 2526 1632 2554; x_wconf 86' lang='lat' dir='ltr'><strong>ex·</strong></span> 
     </span>
     <span class='ocr_line' id='line_1_34' title="bbox 156 2579 1681 2638; baseline -0.003 -13"><span class='ocrx_word' id='word_1_272' title='bbox 156 2580 302 2638; x_wconf 89' lang='lat' dir='ltr'><strong>emplo</strong></span> <span class='ocrx_word' id='word_1_273' title='bbox 330 2580 549 2623; x_wconf 89' lang='lat' dir='ltr'><strong>mendacii</strong></span> <span class='ocrx_word' id='word_1_274' title='bbox 579 2594 630 2623; x_wconf 77' lang='lat' dir='ltr'><strong>ac</strong></span> <span class='ocrx_word' id='word_1_275' title='bbox 665 2579 935 2623; x_wconf 88' lang='lat' dir='ltr'><strong>seductionis</strong></span> <span class='ocrx_word' id='word_1_276' title='bbox 964 2579 1156 2622; x_wconf 88' lang='lat' dir='ltr'><strong>inserere</strong></span> <span class='ocrx_word' id='word_1_277' title='bbox 1186 2594 1276 2623; x_wconf 92' lang='lat' dir='ltr'><strong>non</strong></span> <span class='ocrx_word' id='word_1_278' title='bbox 1306 2579 1490 2636; x_wconf 87' lang='lat' dir='ltr'><strong>pigebit.</strong></span> <span class='ocrx_word' id='word_1_279' title='bbox 1552 2580 1634 2624; x_wconf 86' lang='lat' dir='ltr'><strong>Est</strong></span> <span class='ocrx_word' id='word_1_280' title='bbox 1650 2580 1681 2620; x_wconf 82' lang='lat' dir='ltr'><strong>b</strong></span> 
     </span>
     <span class='ocr_line' id='line_1_35' title="bbox 155 2649 1635 2708; baseline 0 -14"><span class='ocrx_word' id='word_1_281' title='bbox 155 2654 306 2695; x_wconf 87' lang='lat' dir='ltr'><strong>autem</strong></span> <span class='ocrx_word' id='word_1_282' title='bbox 338 2649 618 2693; x_wconf 88' lang='lat' dir='ltr'><strong>huiusmodi:</strong></span> <span class='ocrx_word' id='word_1_283' title='bbox 648 2649 781 2693; x_wconf 86' lang='lat' dir='ltr'><strong>Nunc</strong></span> <span class='ocrx_word' id='word_1_284' title='bbox 811 2664 964 2693; x_wconf 88' lang='lat' dir='ltr'><strong>omnes</strong></span> <span class='ocrx_word' id='word_1_285' title='bbox 992 2649 1279 2708; x_wconf 85' lang='lat' dir='ltr'><strong>aggredimur</strong></span> <span class='ocrx_word' id='word_1_286' title='bbox 1307 2649 1392 2693; x_wconf 91' lang='lat' dir='ltr'><strong>Dei</strong></span> <span class='ocrx_word' id='word_1_287' title='bbox 1422 2650 1635 2694; x_wconf 82' lang='lat' dir='ltr'><strong>uictoriae</strong></span> 
     </span>
    </p>
   </div>
   <div class='ocr_carea' id='block_1_3' title="bbox 154 2753 885 2800">
    <p class='ocr_par' dir='ltr' id='par_1_3' title="bbox 154 2753 885 2800">
     <span class='ocr_line' id='line_1_36' title="bbox 154 2753 885 2800; baseline -0.001 -7"><span class='ocrx_word' id='word_1_288' title='bbox 154 2757 181 2793; x_wconf 86' lang='lat'><strong>6</strong></span> <span class='ocrx_word' id='word_1_289' title='bbox 202 2753 398 2792; x_wconf 87' lang='lat' dir='ltr'><strong>noluerint</strong></span> <span class='ocrx_word' id='word_1_290' title='bbox 414 2754 439 2790; x_wconf 85' lang='lat' dir='ltr'>S</span> <span class='ocrx_word' id='word_1_291' title='bbox 588 2763 631 2800; x_wconf 92' lang='lat'><strong>19</strong></span> <span class='ocrx_word' id='word_1_292' title='bbox 655 2753 827 2792; x_wconf 68' lang='lat' dir='ltr'><strong>sebastea</strong></span> <span class='ocrx_word' id='word_1_293' title='bbox 842 2753 885 2791; x_wconf 71' lang='grc' dir='ltr'><strong>δ’</strong></span> 
     </span>
    </p>
   </div>
   <div class='ocr_carea' id='block_1_4' title="bbox 149 2845 1632 2994">
    <p class='ocr_par' dir='ltr' id='par_1_4' title="bbox 149 2845 1632 2994">
     <span class='ocr_line' id='line_1_37' title="bbox 207 2845 1632 2895; baseline 0.001 -10"><span class='ocrx_word' id='word_1_294' title='bbox 207 2858 251 2894; x_wconf 90' lang='lat'><strong>19</strong></span> <span class='ocrx_word' id='word_1_295' title='bbox 281 2849 381 2884; x_wconf 81' lang='lat' dir='ltr'><strong>Vnde</strong></span> <span class='ocrx_word' id='word_1_296' title='bbox 405 2849 447 2883; x_wconf 74' lang='lat' dir='ltr'><strong>in</strong></span> <span class='ocrx_word' id='word_1_297' title='bbox 471 2849 620 2884; x_wconf 72' lang='lat' dir='ltr'><strong>ciuitate</strong></span> <span class='ocrx_word' id='word_1_298' title='bbox 642 2847 737 2884; x_wconf 86' lang='lat' dir='ltr'><strong>etc.:</strong></span> <span class='ocrx_word' id='word_1_299' title='bbox 769 2859 803 2884; x_wconf 84' lang='lat' dir='ltr'><strong>v.</strong></span> <span class='ocrx_word' id='word_1_300' title='bbox 829 2845 995 2884; x_wconf 78' lang='lat' dir='ltr'><strong>Cassiod.</strong></span> <span class='ocrx_word' id='word_1_301' title='bbox 1019 2846 1118 2884; x_wconf 70' lang='lat' dir='ltr'><strong>Hist.</strong></span> <span class='ocrx_word' id='word_1_302' title='bbox 1146 2847 1248 2895; x_wconf 72' lang='lat' dir='ltr'><strong>Tra&#39;p.</strong></span> <span class='ocrx_word' id='word_1_303' title='bbox 1272 2846 1320 2884; x_wconf 84' lang='lat' dir='ltr'><strong>vi.</strong></span> <span class='ocrx_word' id='word_1_304' title='bbox 1347 2855 1402 2895; x_wconf 77' lang='lat'><strong>15.</strong></span> <span class='ocrx_word' id='word_1_305' title='bbox 1585 2848 1632 2887; x_wconf 86' lang='lat'><strong>28</strong></span> 
     </span>
     <span class='ocr_line' id='line_1_38' title="bbox 149 2893 783 2944; baseline -0.003 -9"><span class='ocrx_word' id='word_1_306' title='bbox 149 2897 374 2944; x_wconf 69' lang='lat' dir='ltr'><strong>hvcinqem</strong></span> <span class='ocrx_word' id='word_1_307' title='bbox 389 2897 483 2933; x_wconf 68' lang='lat' dir='ltr'><strong>etc-2</strong></span> <span class='ocrx_word' id='word_1_308' title='bbox 506 2907 538 2932; x_wconf 82' lang='lat' dir='ltr'><strong>v.</strong></span> <span class='ocrx_word' id='word_1_309' title='bbox 555 2893 647 2933; x_wconf 84' lang='lat' dir='ltr'><strong>ibid.</strong></span> <span class='ocrx_word' id='word_1_310' title='bbox 661 2893 709 2933; x_wconf 84' lang='lat' dir='ltr'><strong>vi.</strong></span> <span class='ocrx_word' id='word_1_311' title='bbox 725 2905 783 2943; x_wconf 80' lang='lat'><strong>44.</strong></span> 
     </span>
     <span class='ocr_line' id='line_1_39' title="bbox 1454 2957 1519 2994; baseline 0 0"><span class='ocrx_word' id='word_1_312' title='bbox 1454 2957 1519 2994; x_wconf 77' lang='lat'><strong>391</strong></span> 
     </span>
    </p>
   </div>
  </div>
 </body>
</html>
