1846 3262
68 226 158 275 692
177 223 206 263 b
556 220 821 266 IOANNIS
862 219 1384 264 SARESBERIENSIS
1508 220 1622 277 [ΜΒ.
1637 229 1711 264 vlt

184 359 208 389 c
226 359 396 389 errores
446 343 753 388 aberrantium
804 345 873 386 est
921 341 1116 386 infamis.
1192 342 1320 387 Sicut
1369 357 1475 402 ergo
1525 341 1712 401 angelus

226 415 452 459 Sathanae
472 414 768 471 transfigurat
787 427 834 456 se
854 412 902 455 in
923 412 1134 470 angelum
1150 412 1262 456 lucis
1283 415 1330 456 et
1348 411 1711 472 pseudoapostoli

225 485 283 529 ad
314 485 629 529 auctoritatem
663 482 954 541 apostolicam
987 483 1250 540 aspirabant
1288 483 1439 540 potius
1479 498 1613 541 quam
1653 481 1712 526 ad

225 555 380 607 uitam,
412 555 474 598 sic
505 556 551 597 et
580 554 811 611 ypocritae
842 553 901 596 ad
935 553 1224 610 supercilium
1256 552 1569 597 Phariseorum
1608 567 1711 597 con-

225 624 422 682 fugiunt,
442 625 685 667 dilatantes
711 623 977 682 philacteria
997 626 1044 666 et
1062 623 1402 681 magnificantes
1428 623 1640 676 fimbrias,
1666 625 1712 667 et
1732 638 1751 673 5

226 709 340 751 quae
371 695 419 737 in
455 695 552 752 lege
594 694 679 737 Dei
716 694 884 752 scripta
916 696 1035 746 sunt,
1070 694 1233 738 nolunt
1263 694 1522 752 contingere
1557 693 1713 752 digito,

225 765 312 808 nisi
328 768 381 808 ut
396 765 637 809 uideantur
651 765 710 808 ab
730 765 987 808 hominibus
1003 779 1031 807 a
1046 764 1210 822 quibus
1225 765 1406 808 honoris
1426 767 1507 808 aut
1527 763 1714 808 alterius

224 835 599 879 remunerationis
624 835 872 879 mercedem
900 837 1153 893 expectant.
1212 834 1325 879 Inde
1353 837 1422 879 est
1442 834 1561 892 quod
1581 833 1714 877 faciei

223 906 438 963 pallorem
467 908 710 958 ostentant,
731 905 958 964 profunda
978 906 1036 949 ab
1055 920 1142 949 usu
1166 906 1356 949 trahunt
1376 905 1580 964 suspiria,
1600 903 1713 948 arti-

224 976 388 1020 ficiosis
410 979 455 1020 et
476 977 826 1034 obsequentibus
841 976 1036 1020 lacrimis
1057 976 1208 1020 subito
1227 976 1520 1027 inundantur,
1534 974 1712 1033 obstipo
1734 991 1776 1016 10

224 1046 383 1104 capite,
410 1047 658 1090 luminibus
682 1047 976 1099 interclausis,
1000 1062 1126 1091 coma
1149 1047 1289 1099 breui,
1309 1046 1455 1105 capite
1479 1045 1574 1089 fere
1600 1059 1714 1097 raso,

226 1132 334 1160 uoce
367 1117 571 1169 demissa,
601 1117 734 1160 labiis
767 1117 826 1161 ab
860 1117 1062 1161 oratione
1094 1117 1348 1170 mobilibus,
1375 1117 1551 1160 incessu
1585 1118 1711 1159 tran-

226 1186 365 1244 quillo
412 1190 458 1231 et
505 1190 635 1245 quasi
680 1202 837 1245 gressu
884 1188 1078 1246 quadam
1122 1187 1410 1245 proportione
1455 1186 1713 1244 composito,

224 1258 426 1315 pannosi,
465 1258 613 1309 obsiti,
653 1258 805 1302 sordes
843 1258 1039 1301 uestium
1080 1260 1127 1302 et
1170 1259 1425 1302 affectatam
1471 1257 1713 1301 uenditant

179 1332 208 1372 d
226 1328 462 1379 uilitatem,
478 1331 598 1372 uteo
614 1327 792 1372 facilius
807 1328 1051 1372 ascendant
1066 1343 1155 1386 quo
1170 1343 1217 1372 se
1232 1328 1476 1372 studiosius
1496 1327 1712 1371 uidentur
1735 1342 1774 1377 15

225 1398 275 1440 in
298 1398 443 1442 locum
460 1399 755 1442 nouissimum
771 1399 993 1450 deiecisse,
1009 1401 1054 1442 et
1074 1398 1152 1456 qui
1168 1401 1327 1456 sponte
1341 1413 1423 1442 sua
1438 1398 1711 1449 decrescunt,

223 1483 418 1512 crescere
438 1468 764 1526 compellantur
783 1469 930 1513 inuiti.
991 1468 1055 1512 Hi
1080 1472 1188 1512 sunt
1211 1469 1302 1526 qui,
1322 1468 1360 1512 si
1381 1468 1491 1526 quid
1510 1467 1712 1511 maculae

224 1539 394 1582 inhesit
434 1538 656 1583 Ecclesiae
703 1539 812 1582 dum
858 1539 1183 1597 peregrinatur,
1223 1539 1414 1596 publicis
1458 1538 1712 1596 aspectibus

226 1609 457 1666 detegunt,
479 1611 533 1652 ut
559 1609 645 1667 ipsi
672 1609 730 1653 ab
754 1610 876 1653 omni
897 1609 1071 1653 macula
1091 1609 1334 1653 uideantur
1353 1609 1586 1652 immunes.
1648 1608 1712 1651 Hi

227 1682 335 1722 sunt
355 1678 432 1736 qui
457 1679 682 1731 beneficia,
703 1695 817 1737 quae
843 1679 1033 1724 necdum
1061 1679 1228 1723 sanctis
1252 1679 1415 1723 collata
1442 1681 1560 1730 sunt,
1584 1693 1711 1736 prae-
1733 1696 1777 1721 20

226 1749 380 1792 dicant
407 1749 666 1793 auferenda.
731 1750 795 1792 Hi
822 1753 930 1794 sunt
950 1750 1027 1807 qui
1047 1749 1348 1808 potestatibus
1368 1749 1640 1807 persuadent
1659 1751 1714 1793 ut

227 1821 411 1876 propter
449 1819 565 1862 uitia
603 1834 895 1877 personarum
938 1820 1036 1864 iure
1083 1835 1164 1864 suo
1210 1820 1449 1878 priuentur
1494 1819 1712 1864 ecclesiae.

229 1889 560 1933 Decimationes
587 1892 634 1933 et
662 1890 887 1947 primitias
916 1890 1110 1934 ecclesiis
1133 1890 1420 1941 subtrahunt,
1440 1892 1487 1933 et
1507 1889 1712 1934 ecclesias

227 1959 348 2016 ipsas
367 1959 594 2016 accipiunt
614 1959 670 2003 de
689 1975 827 2004 manu
847 1960 1062 2004 laicorum
1082 1959 1299 2018 episcopis
1314 1960 1590 2005 inconsultis.
1649 1959 1714 2003 Hi

228 2032 336 2072 sunt
375 2029 466 2086 qui,
496 2030 680 2087 praedia
719 2030 846 2074 auita
885 2030 1200 2074 subtrahentes
1239 2030 1475 2088 indigenis,
1505 2030 1628 2074 uicos
1667 2033 1713 2074 et
1732 2047 1774 2084 ²⁵

227 2114 367 2158 pagos
383 2100 596 2158 redigunt
611 2100 659 2143 in
674 2101 962 2144 solitudinem
977 2104 1023 2145 et
1038 2101 1087 2143 in
1101 2115 1205 2145 suos
1220 2115 1328 2144 usus
1342 2101 1492 2144 uicina
1512 2115 1714 2158 quaeque

227 2173 512 2222 conuertunt,
529 2170 734 2214 ecclesias
749 2171 938 2215 diruunt
953 2174 1035 2215 aut
1054 2172 1103 2214 in
1122 2186 1231 2215 usus
1246 2174 1460 2215 reuocant
1480 2171 1712 2216 seculares.

73 2249 162 2297 693
182 2258 212 2287 a
229 2240 354 2293 Quae
375 2240 532 2285 domus
553 2231 770 2285 orationis
790 2241 953 2295 fuerat,
974 2244 1055 2285 aut
1079 2241 1270 2286 efficitur
1294 2241 1523 2285 stabulum
1542 2241 1714 2299 pecoris

228 2314 309 2354 aut
335 2311 543 2368 opilionis
574 2313 655 2355 aut
682 2312 866 2356 lanificii
894 2312 1082 2356 officina.
1142 2312 1202 2356 Et
1229 2312 1410 2370 quidem
1434 2312 1604 2356 maiora
1627 2312 1712 2355 im-

227 2423 248 2449 2
275 2413 582 2460 pseudoapostoli
599 2415 752 2460 scripsi:
778 2414 943 2461 apostoli
961 2414 1076 2451 seudo
1094 2413 1252 2451 CBA¹S:
1277 2413 1444 2462 apostoli
1465 2414 1606 2461 pseudo
1623 2413 1715 2451 A’M

227 2471 250 2505 4
269 2460 471 2508 hypocrite
489 2460 574 2497 CA:
601 2461 829 2509 hypochrite
848 2462 877 2497 B
1001 2472 1019 2509 5
1047 2462 1255 2509 philateria
1272 2463 1312 2499 M
1429 2463 1452 2500 6
1479 2462 1594 2509 quae]
1613 2462 1715 2518 quod

228 2508 268 2543 M
341 2507 486 2556 scripta
497 2508 613 2557 sunt]
618 2511 748 2551 forsan
765 2509 840 2547 scri
869 2512 951 2546 tum
964 2513 1022 2547 est
1038 2512 1127 2547 olim
1137 2511 1266 2548 habuit
1279 2510 1320 2547 M
1444 2520 1486 2558 13
1512 2510 1715 2559 compositi

226 2555 393 2592 C²BA¹M
538 2568 584 2603 29
610 2557 814 2595 lanificinii
861 2557 907 2594 Βι

281 2663 309 2693 1,
330 2664 351 2689 2
376 2655 528 2699 anqelus
543 2655 728 2691 Sathanae
741 2656 837 2692 etc.:
863 2667 895 2690 v.
912 2665 933 2691 2
952 2653 1033 2692 Cor.
1051 2653 1102 2691 xi.
1125 2665 1180 2701 13,
1204 2665 1260 2702 14,
1280 2654 1345 2691 xii.
1365 2664 1398 2701 7.
1578 2664 1597 2703 5
1624 2657 1715 2692 dila-

229 2706 346 2737 tantes
361 2703 433 2738 etc.
451 2714 459 2737 :
484 2714 517 2738 v.
535 2702 647 2739 Matt.
665 2702 771 2739 xxiii.
788 2713 824 2748 4,
845 2711 876 2749 5.
1047 2713 1101 2746 10,
1124 2713 1161 2739 11
1190 2705 1325 2750 obstipo
1342 2705 1482 2750 capite:
1510 2703 1610 2740 Pers.
1637 2705 1715 2740 Sat.

228 2748 285 2784 iii.
302 2751 358 2785 80.
532 2759 571 2796 15
598 2752 800 2787 ascendant
815 2753 908 2787 etc.:
934 2762 966 2786 v.
983 2750 1072 2787 Luc.
1090 2750 1162 2787 xiv.
1182 2760 1216 2796 7.
1378 2762 1421 2797 23
1449 2753 1715 2788 Decimationes

229 2799 301 2833 etc.
317 2809 325 2832 :
352 2796 400 2833 cf.
419 2796 533 2834 Conc.
550 2798 728 2835 Lateran.
748 2798 805 2834 III
822 2798 891 2834 sub
908 2797 1126 2835 Alexandro
1145 2798 1203 2835 III
1220 2810 1253 2835 a.
1276 2807 1366 2845 1179
1383 2798 1508 2837 habiti
1524 2809 1712 2836 canonem

227 2843 266 2879 ix
296 2844 371 2890 (ap.
402 2845 526 2881 Mansi
563 2846 667 2882 Cone.
693 2848 782 2884 Nov.
813 2848 900 2884 Con.
933 2845 1024 2882 xxii.
1059 2858 1125 2894 pp.
1157 2857 1227 2883 222
1238 2846 1370 2894 seqq.).
1515 2848 1559 2884 28
1584 2849 1713 2884 domus

226 2894 426 2931 orationis:
452 2893 564 2931 Matt.
581 2893 659 2931 xxi.
680 2904 733 2941 13.

342 2974 382 3009 19
394 2976 406 3007 4
