1846 3262
1560 0 1643 70 N

140 247 240 283 ou.
255 235 351 299 111]
659 233 1100 282 POLICRATICVS
1630 240 1710 284 ⁷⁵7
1728 239 1754 275 c

139 357 383 416 loquantur
410 358 692 416 permittunt.
759 357 901 415 Virga
928 369 1132 399 murmur
1160 368 1290 400 omne
1308 354 1614 412 compescitur,

140 430 189 471 et
221 442 279 471 ne
313 428 505 472 fortuita
539 428 719 485 quidem
758 426 1020 470 uerberibus
1054 428 1241 483 excepta
1270 427 1403 469 sunt..
1449 423 1614 474 Tussis,

141 501 560 551 sternutamentum,
580 497 805 555 singultus
833 510 997 554 magno
1026 495 1143 538 malo
1163 494 1317 539 luitur.
1376 493 1451 538 Sic
1479 494 1534 536 fit
1562 495 1616 536 ut

141 566 220 610 isti
249 567 306 610 de
335 567 514 611 domino
544 567 785 624 loquantur
814 565 976 623 quibus
995 579 1142 608 coram
1164 563 1344 608 domino
1372 561 1495 621 loqui
1524 577 1616 605 non

105 654 126 690 5
141 635 260 680 lieet.
318 636 383 681 At
402 637 480 688 illi,
501 637 664 694 quibus
683 650 773 679 non
794 638 971 678 tantum
999 633 1308 692 praesentibus
1327 633 1519 676 dominis
1538 632 1616 676 sed

141 719 244 749 cum
273 706 382 763 ipsis
411 710 508 749 erat
537 720 692 756 sermo,
722 718 909 762 quorum
939 718 989 747 os
1017 718 1107 746 non
1132 703 1439 753 consuebatur,
1467 701 1616 759 parati

142 778 274 819 erant
312 790 395 833 pro
429 775 609 819 domino
648 774 874 832 porrigere
908 772 1125 817 ceruicem
1160 775 1207 816 et
1244 772 1491 830 periculum
1531 771 1616 814 im·
1633 772 1664 813 d

142 846 317 889 minens
346 846 395 888 in
420 848 556 904 eaput
581 858 712 888 suum
741 845 928 886 uertere.
988 842 1044 885 In
1073 842 1293 886 conuiuiis
1322 842 1620 899 loquebantur

142 914 222 958 sed
247 915 296 958 in
315 915 550 959 tormentis
576 914 795 958 tacebant.
855 912 978 955 Haec
1009 911 1323 955 Praetextatus
1335 926 1345 964 3
1375 914 1422 955 et
1448 911 1503 954 de
1531 911 1620 954 fide

85 1002 128 1030 10
143 999 374 1029 seruorum
403 985 548 1027 multa
577 987 623 1027 et
652 982 879 1041 praeclara
908 981 1142 1039 subiungit
1170 984 1216 1024 et
1246 996 1360 1038 quae
1390 984 1537 1024 essent
1571 980 1620 1023 in

145 1055 386 1112 quantauis
411 1054 647 1097 nobilitate
673 1052 904 1110 sanguinis
929 1050 1123 1109 gloriosa
1148 1053 1195 1094 et
1220 1050 1364 1094 cuiuis
1389 1050 1619 1094 imitanda.

145 1124 299 1168 Niehil
320 1123 439 1167 enim
459 1123 667 1166 decorum
687 1126 756 1165 est
775 1121 894 1178 quod
914 1135 1005 1164 non
1031 1135 1059 1163 a
1084 1120 1254 1164 uirtute
1281 1120 1557 1177 profluxerit,
1573 1122 1620 1163 et

145 1208 194 1238 se
222 1194 415 1238 inuicem
450 1192 686 1250 turpitudo
718 1195 764 1235 et
795 1190 960 1234 uitium
992 1189 1192 1233 infausto
1223 1189 1397 1232 ambitu
1431 1190 1617 1233 eircum-

143 1263 356 1308 seribunt.
415 1263 473 1306 In
511 1262 594 1306 hoc
632 1265 784 1305 autem
818 1260 912 1304 solo
945 1260 1159 1303 uitiorum
1198 1259 1395 1317 impulsu
1434 1259 1621 1316 quisque

87 1353 128 1391 ¹5
146 1333 406 1391 prolabitur,
426 1335 481 1376 ut
500 1346 653 1375 eorum
673 1346 720 1375 se
740 1330 903 1374 deiciat
923 1333 969 1373 et
988 1329 1209 1372 deuoueat
1227 1329 1438 1372 seruituti
1459 1329 1622 1385 quibus

145 1404 281 1446 natus
319 1405 388 1446 est
433 1402 665 1460 imperare.
747 1400 836 1454 Qui
883 1399 941 1443 ad
982 1399 1233 1457 spectacula
1271 1399 1502 1443 confluunt
1542 1401 1623 1442 aut

146 1474 335 1516 euoeant
361 1472 419 1515 ad
448 1487 495 1516 se
508 1474 511 1476 “
524 1470 776 1529 spectacula
805 1470 1042 1513 inhonesta
1069 1472 1151 1512 aut
1179 1483 1226 1512 se
1255 1468 1374 1526 ipsos
1404 1469 1622 1512 affectatis

145 1542 280 1600 nugis
308 1541 470 1585 uolunt
511 1556 605 1585 esse
634 1540 885 1599 spectaculo
916 1538 1237 1597 insipientium,
1272 1538 1482 1596 quoniam
1514 1538 1623 1582 haee

147 1611 369 1656 lenocinia
407 1611 625 1655 uanitatis
664 1614 783 1654 recte
823 1609 1015 1668 sapienti
1064 1609 1238 1667 plaeere
1284 1623 1375 1651 non
1424 1611 1621 1665 possunt,
1639 1611 1715 1663 758
1735 1621 1766 1651 a

86 1700 133 1726 ιο
149 1681 377 1726 oculorum
415 1681 656 1738 capiuntur
693 1680 911 1724 illecebris
950 1682 1007 1730 et,
1050 1679 1154 1723 lieet
1192 1678 1348 1721 mitius
1387 1677 1624 1729 elidantur,

146 1754 364 1796 oorruunt
395 1753 548 1794 tannen
579 1766 607 1795 a
640 1750 862 1808 dignitate
892 1749 1160 1793 conditionis
1198 1763 1306 1792 suae
1344 1750 1390 1791 et
1428 1747 1486 1790 ad
1526 1762 1625 1790 eam

148 1835 284 1879 quam
323 1820 574 1864 diffitentur
611 1820 819 1863 seruilem
858 1819 1132 1862 relabuntur.
1198 1818 1318 1871 Quid
1357 1832 1462 1875 ergo
1501 1817 1625 1860 aliud

148 1890 324 1936 faciunt
362 1890 502 1942 mimi,
536 1890 787 1941 histriones,
821 1888 1020 1946 parasiti,
1050 1891 1097 1932 et
1130 1887 1385 1936 huiusmodi
1424 1889 1626 1930 monstra

149 1960 394 2011 hominum,
420 1959 508 2003 nisi
539 1959 658 2017 quod
682 1959 882 2016 ineptam
908 1958 1180 2002 conuincunt
1207 1957 1404 2001 felicium
1432 1957 1624 2000 seruitu-

89 2047 133 2083 ⁸⁵
149 2031 274 2075 tem?
324 2029 413 2073 Sed
433 2033 480 2073 et
498 2029 565 2071 illi
585 2029 663 2086 qui
681 2029 852 2072 uoculis
871 2028 1111 2086 capiuntur
1130 2027 1253 2086 (lieet
1272 2027 1450 2070 aurium
1470 2040 1625 2070 sensus

152 2099 418 2158 purissimus
458 2100 505 2141 et
543 2097 896 2141 defecatissimus
934 2096 1013 2156 sit)
1050 2096 1255 2140 seruiunt
1297 2096 1488 2153 quidem,
1519 2095 1626 2152 iugo

151 2172 305 2213 tamen
344 2170 612 2225 premuntur
643 2167 825 2218 mitiori,
854 2167 893 2210 si
921 2167 1033 2210 alias
1062 2181 1153 2210 non
1181 2166 1470 2224 praeualeant
1499 2165 1624 2208 uitia.

152 2238 272 2282 Nam
311 2237 370 2280 ab
409 2237 580 2280 olfactu
618 2236 700 2279 uix
739 2236 901 2293 aliquis
940 2236 1121 2279 omnino
1159 2236 1346 2292 capitur,
1380 2235 1468 2277 nisi
1507 2234 1626 2278 forte

153 2306 423 2365 Lotofagum
462 2306 605 2350 uiuat.
685 2306 791 2349 Non
839 2306 1009 2362 aliquid
1048 2305 1262 2348 aduersus
1301 2307 1503 2348 cantores
1546 2306 1628 2347 aut

90 2399 135 2433 30
154 2377 350 2421 musioos
375 2379 513 2427 struo,
533 2390 635 2420 eum
657 2378 787 2433 (teste
808 2374 1101 2429 Quintiliano,
1111 2374 1302 2425 Valerio,
1330 2373 1561 2425 Flauiano,
1581 2375 1628 2417 et

151 2512 176 2549 9
198 2501 377 2539 iacebant
394 2500 472 2537 (ΡΑ
651 2508 694 2546 13
719 2498 891 2535 infausta
907 2497 940 2535 A
1119 2506 1161 2545 15
1188 2496 1335 2535 deiceat
1351 2496 1414 2534 CB
1581 2499 1628 2536 26

148 2548 355 2597 purisimus
371 2548 396 2585 S

204 2666 249 2693 10
272 2655 478 2700 subiunqit:
503 2665 537 2689 v.
555 2651 723 2689 Μαι-οὶ).
740 2652 817 2688 Sat.
832 2650 858 2687 i.
880 2660 918 2688 11
942 2649 984 2697 ἐξ
1008 2650 1051 2686 16
1064 2660 1167 2696 seqq.
1320 2658 1378 2694 23,
1396 2658 1443 2693 24
1466 2652 1630 2685 monstra

153 2705 364 2740 hominum:
382 2714 415 2738 v.
426 2701 510 2738 Ter.
520 2701 619 2736 Eun.
631 2699 679 2736 iv.
691 2710 726 2744 4.
737 2709 804 2745 29;
821 2698 870 2735 of.
881 2697 983 2735 infra
995 2709 1027 2735 e.
1042 2706 1085 2742 14
1097 2698 1182 2743 (768
1194 2695 1244 2743 c).
1327 2706 1375 2742 29
1389 2697 1627 2742 Lotofaqum:

153 2751 327 2788 Advenas
352 2749 401 2786 ad
427 2748 738 2795 Lotophagorum
764 2749 906 2783 terram
929 2745 978 2782 ab
1002 2744 1146 2782 olfactu
1171 2747 1304 2792 captos
1329 2754 1407 2780 esse
1432 2755 1511 2780 non
1533 2743 1630 2780 alibi

151 2798 255 2846 legi:
279 2803 390 2844 φασιν
418 2798 609 2833 cuiusdam
636 2796 738 2841 apud
759 2795 988 2840 Lotophaqos
1004 2795 1186 2839 ,oraminis
1209 2795 1381 2829 delenitos
1404 2802 1481 2828 esse
1506 2791 1629 2828 Vlixis

154 2846 314 2884 comites
330 2845 448 2882 refert
463 2842 625 2888 Quintil.
642 2845 734 2879 Inst.
754 2844 814 2879 Or.
830 2853 864 2878 v.
882 2843 904 2878 8
961 2851 992 2878 1.
1135 2851 1183 2887 30
1209 2842 1462 2886 Qumiliano:
1485 2851 1519 2876 v.
1535 2841 1629 2877 Inst.

156 2893 436 2941 Or.i.10§13.
570 2889 896 2929 Vazeffozuffal.
955 2887 1307 2935 aviiiffaexta

1449 2967 1518 3003 809
