1846 3262
92 186 177 234 647
199 194 225 224 c
566 182 829 228 IOANNIS
872 182 1393 227 SARESBERIENSIS
1529 181 1640 243 [ms.
1656 194 1729 227 vn

243 307 437 351 officium
454 307 744 357 successisset,
762 306 890 363 quasi
911 305 1187 348 matutinum
1208 304 1332 348 sidus
1353 306 1519 349 effulsit
1539 306 1729 350 homini·

244 378 329 420 bus
350 381 395 420 et
416 377 683 434 quibusdam
703 375 966 432 multiplicis
993 375 1300 432 philosophiae
1327 377 1576 434 praeceptis
1603 377 1732 428 uelut

244 448 384 490 uariis
405 447 651 504 sapientiae
671 446 809 489 radiis
829 445 1079 488 illustrauit
1103 445 1267 496 orbem,
1288 448 1334 488 et
1365 442 1596 503 tamquam
1629 461 1731 491 ocu-

198 518 227 558 d
244 518 389 561 lorum
429 518 606 560 detersa
645 516 834 574 caligine
867 516 925 558 ad
957 516 1257 559 contuendam
1292 516 1501 559 ueritatis
1537 516 1730 574 speciem

243 591 416 630 mentes
451 587 684 630 hominum
719 586 961 644 reparauit.
1038 586 1217 629 Sectam
1247 586 1320 629 hic
1355 586 1732 643 Peripatheticam
1753 603 1772 636 5

242 657 455 709 condidit,
491 657 553 700 sic
594 657 752 713 utique
793 656 960 700 dictam
1002 656 1122 713 quod
1163 655 1456 699 deambulans
1501 656 1733 714 disputare

241 731 546 778 consueuerat,
577 727 882 785 plurimosque
912 727 1154 784 discipulos
1184 726 1413 784 praeclara
1441 725 1564 770 fama
1589 727 1733 770 excel-

242 798 338 841 lens
369 800 414 840 et
455 801 552 840 arte
594 797 812 842 suadendi
852 797 960 840 uiuo
1002 797 1149 840 adhuc
1188 799 1475 854 praeceptore
1514 797 1563 839 in
1603 811 1733 840 suam
1793 831 1801 840 .

242 868 419 911 heresin
464 868 766 926 congregauit.
849 868 1081 911 Tractauit
1126 868 1307 925 quidem
1349 882 1502 911 omnes
1537 867 1732 925 philoso-

241 938 374 996 phiae
394 941 545 995 partes
567 940 612 981 et
631 941 870 996 praecepta
890 938 1015 981 dedit
1045 938 1094 980 in
1124 938 1325 996 singulas
1346 938 1423 981 sed
1443 952 1551 995 prae
1571 937 1732 981 ceteris
1754 952 1797 978 ιο

241 1009 304 1052 sic
335 1009 601 1052 rationalem
632 1009 805 1066 redegit
835 1009 883 1051 in
912 1009 983 1051 ius
1013 1023 1145 1051 suum
1175 1011 1229 1052 ut
1254 1023 1281 1051 a
1304 1009 1581 1066 possessione
1608 1008 1732 1052 illius

241 1080 452 1123 uideatur
477 1094 630 1123 omnes
654 1079 765 1123 alios
791 1079 1039 1123 exclusisse.
1100 1079 1175 1122 Ita
1201 1082 1354 1122 tamen
1380 1079 1427 1122 in
1456 1079 1557 1123 aliis
1581 1079 1732 1137 uiguit

242 1156 295 1194 ut
315 1165 548 1194 commune
569 1165 731 1193 nomen
752 1150 952 1193 omnium
973 1143 1340 1207 philosophorum
1357 1150 1732 1202 anthonomasice‚

242 1221 290 1264 id
311 1223 379 1264 est
400 1220 678 1271 excellenter,
699 1220 785 1263 sibi
805 1221 1036 1278 proprium
1058 1236 1152 1264 esse
1172 1221 1399 1264 meruerit.
1463 1220 1591 1265 Sicut
1611 1220 1731 1264 enim

91 1290 176 1340 648
197 1301 227 1330 a
242 1291 351 1334 urbs
384 1291 585 1343 Romam,
618 1291 848 1334 Maronem
883 1294 1016 1349 poeta
1051 1292 1277 1349 exprimit,
1303 1292 1365 1335 sic
1398 1294 1445 1335 et
1476 1291 1730 1349 philosophi
1752 1303 1795 1339 15

242 1376 405 1404 nomen
435 1361 552 1405 circa
579 1361 861 1405 Aristotilem
889 1362 1115 1405 utentium
1146 1362 1311 1420 placito
1339 1365 1618 1406 contractum
1647 1364 1728 1408 est.

244 1433 352 1476 Fuit
372 1435 523 1475 autem
545 1431 767 1475 facundus
787 1432 962 1490 eloquio
984 1433 1062 1475 sed
1082 1433 1263 1476 uberior
1283 1433 1486 1476 sensibus
1507 1435 1554 1476 et
1574 1432 1732 1476 doctus

244 1503 445 1547 omnium
466 1503 702 1546 sententiis
721 1502 916 1547 obuiare.
978 1502 1066 1546 Hic
1087 1505 1155 1546 est
1180 1503 1257 1560 qui
1282 1503 1454 1560 primus
1478 1503 1732 1546 studiorum

244 1588 408 1631 genera
443 1573 491 1615 in
524 1573 801 1631 agroaticum
837 1575 882 1616 et
915 1573 1221 1616 exothericum
1254 1573 1421 1616 dicitur
1455 1573 1731 1618 distinxisse.

244 1644 366 1687 Nam
405 1646 451 1687 et
492 1643 737 1686 familiares
772 1646 819 1686 et
853 1643 980 1700 quasi
1016 1643 1247 1687 domestici
1289 1643 1648 1687 admittebantur
1683 1644 1731 1686 in
1754 1656 1799 1680 20

244 1714 483 1772 agroatica,
505 1713 762 1757 exotherica
781 1724 888 1757 uero
908 1729 999 1757 non
1026 1714 1158 1757 modo
1183 1714 1411 1758 extraneis
1438 1714 1516 1757 sed
1543 1715 1731 1772 hospiti-

244 1785 328 1828 bus
372 1784 589 1841 patebant
636 1787 681 1827 et
728 1784 987 1842 peregrinis.
1063 1785 1267 1828 Fuerunt
1306 1785 1384 1842 qui
1425 1799 1528 1828 eum
1572 1784 1734 1828 Incubi

245 1855 445 1898 demonis
475 1855 620 1897 filium
650 1855 881 1898 crederent
907 1858 1092 1913 propter
1118 1855 1370 1913 agilitatem
1397 1854 1606 1912 corporis,
1634 1870 1733 1913 per-

244 1965 266 1991 2
294 1953 571 2008 phylosophiae
586 1953 626 1989 Μ
722 1963 755 1998 9,
779 1964 823 1989 10
846 1953 1124 2008 phylosophiae
1137 1953 1178 1990 M
1281 1964 1322 1999 13
1347 1953 1675 2008 phylosophorum
1693 1954 1733 1991 M

243 2002 559 2040 anthonomasme
578 2001 626 2037 132
642 2013 650 2038 :
677 2003 964 2039 antonomasme
981 2002 1016 2037 A
1163 2010 1203 2049 15
1231 2001 1463 2049 phylosophl
1481 2002 1521 2038 M

294 2101 312 2138 5
340 2093 479 2146 Sectam
497 2092 569 2132 etc.
588 2103 596 2127 ε
624 2103 658 2126 v.
677 2090 774 2137 Aug.
793 2092 837 2126 de
856 2091 893 2128 Ο.
918 2093 964 2127 D.
982 2090 1059 2127 viii.
1084 2101 1139 2128 12.
1233 2137 1242 2146 ⁶
1331 2100 1370 2145 31
1399 2092 1619 2146 rationalem
1636 2093 1734 2128 etc.:

245 2140 294 2177 cf.
314 2139 390 2176 Cic.
412 2140 497 2186 Top.
515 2150 536 2175 2
557 2138 575 2186 ξ
594 2140 641 2181 6;
666 2138 802 2175 Boeth.
824 2140 957 2175 Comm.
976 2141 1017 2174 in
1034 2140 1210 2185 Porphyr.
1230 2150 1256 2176 1.
1270 2138 1420 2186 (Mlgne
1434 2140 1477 2174 P.
1490 2140 1536 2175 L.
1553 2139 1645 2176 lxlv.
1658 2139 1734 2186 73).

247 2199 290 2234 13
307 2193 349 2224 ut
365 2199 550 2224 commune
563 2199 693 2223 nomen
707 2188 780 2224 etc.
797 2199 805 2223 :
832 2187 879 2223 cf.
894 2189 1017 2224 Metal.
1027 2186 1068 2223 ii.
1087 2189 1129 2224 16
1142 2187 1228 2233 (873
1241 2186 1294 2233 c).
1396 2195 1436 2233 15
1455 2188 1542 2223 urbs
1558 2189 1734 2224 Romam:

243 2237 290 2274 cf.
310 2235 469 2280 Quintil.
486 2237 577 2271 Inst.
599 2237 700 2271 Orat.
718 2234 797 2271 viii.
819 2245 836 2281 5
859 2234 876 2281 ,δ
896 2246 929 2281 9.
1027 2237 1220 2271 Maronem
1233 2240 1361 2282 poeta:
1389 2234 1437 2271 cf.
1457 2237 1578 2272 Instit.
1597 2235 1622 2271 i.
1641 2247 1676 2273 2.
1690 2247 1735 2279 23

243 2285 290 2321 cf.
310 2284 427 2320 etiam
444 2285 590 2320 Enthet.
612 2286 655 2319 de
672 2285 799 2329 Doym.
816 2285 951 2320 Philos.
971 2284 1042 2330 829
1059 2284 1144 2330 (983
1163 2284 1218 2329 B).
1391 2291 1443 2328 15,
1469 2285 1510 2320 16
1522 2285 1736 2330 philosophi

243 2345 378 2370 nomen·
396 2334 489 2369 etc.:
526 2331 574 2368 cf.
592 2333 717 2368 Metal.
741 2331 787 2388 iv.
814 2341 835 2377 7
864 2332 950 2377 (920
962 2331 1007 2386 A)
1027 2333 1173 2387 Enthfet.
1191 2332 1379 2386 de-Doym.
1397 2332 1537 2367 Philas.
1553 2333 1639 2388 ,3²7²
1663 2333 1733 2369 828

242 2382 504 2466 {{{?2‡³2·'02m{
511 2381 761 2465 {fii‘ssfif‘ssssf
772 2381 845 2474 3⁰·
863 2407 871 2415 '
892 2379 1736 2474 ¹3301525223220333222?5⁰ff0z⁶sszassssfflffi

242 2480 444 2532 narratum
461 2475 556 2531 alibi
574 2488 652 2513 non
676 2475 840 2531 repperi.
891 2475 1032 2512 Forsan
1058 2487 1081 2512 a
1106 2475 1305 2512 nonnullis
1330 2474 1462 2511 fabula
1487 2476 1534 2512 de
1562 2476 1736 2530 lJIatonis

243 2523 1419 2627 2³23:ffissfflngznssssmAffssssss‘ifssgzffatffffifffif{affligi
1442 2523 1735 2618 Zffopffssssfflss

241 2622 471 2659 habuerunt.
531 2621 675 2658 Forsan
693 2621 794 2667 quod
811 2621 858 2657 de
876 2620 963 2657 ahis
980 2620 1073 2657 artis
1090 2631 1262 2667 magicae
1279 2621 1413 2666 per1t1s
1435 2621 1480 2665 (e.
1493 2633 1531 2667 g.
1549 2620 1734 2668 Merlino)

243 2671 479 2716 credebatur,
509 2670 556 2707 de
585 2669 803 2723 Aristotele,
835 2680 960 2723 quem·
979 2681 1048 2715 pro
1082 2680 1195 2715 mago
1229 2667 1375 2722 insigni
1409 2670 1591 2714 reputant
1619 2668 1735 2707 fictae

241 2718 451 2754 Alexandri
477 2717 610 2765 magni
638 2717 824 2754 historiae
855 2718 1158 2761 concinnatores,
1187 2717 1306 2753 etiam
1339 2716 1588 2754 referebatur.
1647 2716 1735 2754 Non

241 2766 467 2803 incredibile
486 2768 544 2803 est
562 2765 675 2801 huius
693 2764 770 2802 loci
787 2777 995 2802 memorem
1012 2764 1466 2801 Franciscum'Baconum
1480 2763 1732 2809 Antichristo,

242 2814 308 2860 qui
330 2814 439 2850 iuxta
458 2814 681 2861 opinionem
698 2812 1001 2860 vulgatissimam
1018 2811 1162 2848 diaboli
1185 2811 1286 2848 filius
1304 2812 1454 2848 futurus
1471 2815 1563 2857 erat,
1581 2811 1734 2850 Aristo-

241 2863 359 2900 telem
377 2863 424 2899 ob
446 2862 591 2909 gloriae
609 2861 830 2909 appetitum
850 2862 908 2910 (de
923 2862 1058 2908 Auqm.
1076 2862 1149 2898 Sci.
1166 2859 1222 2897 iii.
1240 2860 1279 2907 4)
1298 2859 1515 2897 contulisse.

357 2944 418 2969 112
