1846 3262
132 170 234 208 oar.
247 160 372 222 xvii]
663 161 1102 208 POLICRATICVS
1617 172 1699 215 ⁷79
1718 163 1754 204 d·

132 282 300 327 milites
327 283 526 334 uiolenti,
550 297 662 341 quos
686 282 842 328 Cicero
870 284 1064 328 latrones
1092 283 1315 342 appellat;
1360 282 1495 341 pedes
1524 283 1602 340 qui

132 351 182 395 in
196 352 306 411 ipsis
320 352 631 396 humilioribus
645 353 837 411 negotiis
851 353 1098 411 praeceptis
1112 352 1293 397 Domini
1308 355 1355 396 et
1369 352 1604 411 legittimis

130 421 355 466 institutis
394 422 701 466 aduersantur.
781 422 904 466 Haec
942 422 1121 480 quidem
1164 422 1314 466 omnia
1350 426 1538 480 possunt
1575 436 1604 464 a

131 491 434 549 superioribus
463 491 674 536 facillime
698 492 1023 572 comprehendi.
1081 492 1218 536 miehi
1245 506 1352 536 uero
1377 491 1603 570 indignari

94 576 116 612 ⁸
133 574 224 604 non
262 561 427 605 debent
456 562 716 615 sacerdotes,
750 562 789 605 si
824 565 870 606 et
900 562 948 605 in
980 562 1044 605 eis
1075 561 1222 605 fatear
1254 561 1448 605 inueniri
1475 575 1604 618 posse

132 629 346 674 tirannos.
404 631 619 689 Alioquin
652 645 863 688 quorsum
894 634 963 674 est
994 631 1105 674 illud
1139 631 1472 689 propheticum:
1515 630 1603 674 Fili

131 699 337 751 hominis,
355 701 575 758 propheta
592 701 648 744 de
668 700 921 758 pastoribus
939 700 1091 753 Israel,
1111 701 1329 758 propheta
1343 703 1389 744 et
1407 700 1526 744 dices
1545 701 1604 744 ad

131 782 232 814 eos:
262 769 387 814 Haec
414 770 525 814 dicit
553 769 772 813 Dominus
802 769 948 814 Deus:
979 770 1045 813 Ve
1073 770 1327 827 pastoribus
1355 769 1496 813 Israel
1525 770 1604 827 qui

129 838 373 896 pascebant
391 838 663 897 semetipsos.
721 838 883 882 Nonne
909 853 1067 897 greges
1091 842 1338 897 pascuntur
1363 854 1391 883 a
1415 840 1604 897 pastori-

72 924 115 950 ιο
130 906 246 952 bus?
294 907 384 952 Lac
403 908 711 960 comedebatis,
725 907 840 951 lanis
858 908 1187 966 operiebamini,
1204 911 1251 952 et
1269 908 1387 966 quod
1407 923 1605 952 crassum

130 980 230 1020 erat
273 977 551 1029 occidebatis,
584 992 765 1036 gregem
811 981 962 1021 autem
1012 992 1161 1021 meum
1209 991 1300 1021 non
1345 979 1604 1036 pascebatis.

130 1045 262 1100 Quod
280 1046 509 1090 infirmum
530 1046 622 1090 fuit
642 1061 732 1090 non
751 1047 1072 1100 consolidastis,
1086 1050 1133 1090 et
1152 1047 1270 1104 quod
1289 1050 1494 1105 egrotum
1513 1063 1604 1092 non

128 1115 333 1167 sanastis,
366 1115 485 1173 quod
517 1115 712 1160 fractum
748 1119 817 1160 aet
849 1131 939 1159 non
968 1116 1199 1174 alligastis,
1230 1116 1350 1173 quod
1380 1117 1602 1161 abiectum

71 1203 75 1207 ’
128 1198 221 1228 ιιοιι
262 1185 517 1236 reduxistis,
555 1185 674 1243 quod
717 1185 912 1243 perierat
954 1200 1045 1229 non
1087 1185 1337 1242 requisistis
1378 1186 1457 1229 sed
1501 1201 1602 1230 cum
1618 1191 1700 1242 780
1720 1203 1751 1231 a

70 1276 112 1311 ις
127 1254 391 1298 austeritate
425 1254 714 1312 imperabatis
742 1255 807 1299 eis
835 1259 882 1298 et
910 1270 1012 1299 cum
1041 1255 1266 1313 potentia,
1256 1269 1265 1277 ·
1305 1258 1352 1298 et
1379 1255 1604 1313 dispersae

126 1326 236 1368 sunt
268 1324 375 1368 oues
402 1338 539 1380 meae,
567 1339 620 1368 eo
648 1324 767 1403 quod
795 1339 886 1368 non
914 1327 1032 1368 esset
1064 1327 1230 1382 pastor,
1248 1327 1295 1368 et
1324 1324 1469 1368 factae
1498 1329 1606 1369 sunt

125 1392 176 1436 in
194 1392 526 1437 denotationem
552 1394 751 1437 omnium
777 1394 1022 1438 bestiarum
1052 1394 1150 1452 agri
1177 1397 1224 1438 et
1242 1394 1466 1452 dispersae
1486 1398 1606 1439 sunt.

127 1461 248 1516 Quid
270 1462 358 1506 sibi
384 1462 508 1507 aliud
534 1463 688 1507 adesse
714 1463 843 1508 docet
870 1463 1113 1508 Ezechielis
1138 1464 1247 1508 haec
1270 1465 1530 1522 imprecatio
1557 1469 1604 1509 et

126 1531 384 1590 increpatio,
417 1533 505 1576 nisi
544 1534 799 1591 pastoribus
830 1533 982 1577 abesse
1017 1548 1131 1591 quae
1164 1533 1318 1578 adoese
1356 1535 1603 1578 debuerant

67 1621 113 1647 ιο
128 1605 176 1646 et
213 1602 367 1646 adesse
406 1617 520 1660 quae
558 1603 711 1647 abesse
749 1604 979 1661 oportuit?
1059 1603 1299 1662 Propterea
1341 1604 1450 1649 haec
1492 1605 1603 1648 dicit

126 1670 372 1716 Dominus:
401 1671 512 1716 Q
531 1686 614 1731 ego
633 1673 728 1730 ipse
742 1687 877 1730 super
894 1676 1094 1730 pastores
1113 1675 1160 1716 et
1177 1673 1402 1730 requiram
1421 1688 1603 1732 gregem

125 1754 275 1785 meum
306 1741 362 1785 de
388 1755 527 1785 manu
552 1756 706 1785 eorum
732 1745 780 1785 et
804 1756 974 1785 cessare
998 1756 1072 1785 eos
1097 1741 1271 1793 faciam,
1290 1745 1344 1785 ut
1366 1743 1488 1786 ultra
1510 1758 1602 1787 non

124 1814 312 1868 pascant
329 1826 511 1869 gregem
534 1825 684 1854 meum
707 1825 788 1855 nec
807 1814 994 1868 pascant
1012 1811 1205 1869 amplius
1223 1815 1423 1868 pastores
1442 1816 1600 1856 semet-

125 1879 258 1938 ipsos,
284 1883 331 1924 et
355 1880 553 1923 liberabo
578 1894 760 1938 gregem
779 1894 928 1923 meum
955 1879 1011 1923 de
1039 1894 1116 1923 ore
1145 1894 1297 1923 eorum
1325 1884 1371 1924 et
1396 1896 1487 1924 non
1513 1882 1602 1925 erit

68 1969 111 2004 η
126 1949 249 1994 ultra
278 1949 328 1993 in
356 1964 501 1993 escam
531 1950 606 1993 eis.
665 1948 827 1993 Nonne
854 1949 1126 1992 tirannidem
1155 1949 1390 1993 sacerdotii
1419 1950 1602 1994 uidetur

126 2019 375 2077 exprimere
403 2018 701 2070 manifestam,
725 2022 772 2062 et
799 2019 943 2062 uitam
972 2018 1148 2062 illorum
1177 2018 1416 2077 depingere
1443 2020 1520 2077 qui
1551 2020 1600 2063 in
1617 2027 1647 2066 b

126 2088 333 2133 omnibus
352 2103 466 2146 quae
485 2102 568 2132 sua
594 2092 702 2132 sunt
727 2091 950 2146 quaerunt
974 2092 1021 2132 et
1046 2103 1160 2145 quae
1180 2088 1284 2131 Iesu
1303 2088 1474 2133 Christi
1494 2093 1601 2134 sunt

124 2161 230 2217 post
260 2161 439 2216 tergum
474 2158 677 2203 faciunt?
736 2158 967 2216 Siquidem
997 2173 1088 2201 non
1118 2172 1266 2201 meum
1298 2158 1376 2202 sed
1404 2159 1600 2203 alienum

126 2230 197 2272 est
226 2231 273 2272 et
306 2227 508 2286 profecto
540 2227 832 2271 intemeratae
863 2227 1080 2271 Veritatis
1105 2227 1332 2271 oraculum
1363 2242 1452 2285 quo
1480 2230 1601 2287 apud

66 2315 111 2350 ³0
126 2296 395 2341 familiarem
443 2297 665 2341 Altissimi
714 2297 834 2341 inter
880 2301 1104 2356 pastorem
1151 2298 1505 2341 mercennarium
1554 2303 1601 2344 et

126 2426 149 2454 2
173 2415 357 2472 legitimis
372 2417 407 2453 A
582 2425 604 2462 7
631 2417 871 2473 prophetiza
871 2417 913 2454 M
1093 2417 1212 2455 Isi-ael
1228 2429 1294 2456 om.
1314 2417 1410 2455 CBA
1519 2431 1602 2475 pro-

124 2464 282 2512 phetiza
297 2465 338 2501 M
434 2465 456 2502 8
480 2464 622 2503 israhel
638 2465 672 2501 A
766 2475 811 2513 25
838 2465 893 2504 eis
908 2465 952 2502 in
966 2476 1093 2502 escam
1111 2464 1137 2501 S
1232 2476 1280 2512 30
1295 2477 1602 2505 mercennarium

125 2511 379 2560 pastoremss

325 2625 558 2661 σἐοηυειο.
583 2621 826 2670 cfsupravi
843 2623 1035 2668 8(6001;)
1132 2624 1311 2669 6,7Fai
1325 2625 1599 2664 hanania-eto

255 2671 405 2707 .xxxiv.
424 2680 505 2718 2-5.
662 2679 704 2707 21
732 2672 825 2707 Eoee
841 2682 901 2717 eqo
918 2671 1020 2708 οιο.·
1046 2670 1182 2708 Ezech.
1194 2671 1320 2708 xxxiv.
1342 2681 1399 2709 ιο.
1551 2683 1599 2718 27

122 2699 516 2767 quaes-'casuntetca
539 2717 897 2766 v.Philip.pii.21.
1056 2720 1338 2764 290meu1um.
1361 2719 1598 2758 vMIoannx.

126 2776 167 2804 ιι
181 2779 286 2814 ωςς.
472 2777 551 2813 30
545 2768 635 2803 fam
629 2767 667 2802 ‘1‘
652 2778 767 2803 mrem
782 2767 864 2802 Alci
861 2767 987 2803 enimi:
1010 2765 1036 2802 i.
1049 2777 1082 2804 e.
1099 2766 1285 2804 Ioannem
1301 2767 1599 2815 evangelistam

124 2815 174 2853 cf.
189 2815 320 2852 Ioann.
336 2813 418 2850 nii.
433 2824 491 2860 23.

1419 2897 1487 2934 3⁴9
