1846 3262
142 223 243 258 OAP.
258 210 374 272 vm]
666 206 1112 255 POLICRATICVS
1360 247 1362 249 ,
1649 206 1736 256 652
1755 204 1785 245 d

142 334 459 379 mandatorum
485 332 582 384 Dei,
603 332 852 391 sapientem
880 331 993 376 facit
1021 331 1146 389 (nam
1176 333 1223 374 et
1249 329 1470 388 propheta
1495 327 1633 372 dicit:

143 406 187 449 A
205 403 432 448 mandatis
455 403 549 448 tuis
578 402 812 462 intellexi),
833 403 897 447 sic
916 402 1118 446 animum
1139 401 1372 459 explendis
1395 402 1553 458 aptare
1580 412 1635 442 ea

143 474 325 518 demum
353 473 637 532 philosophia
663 473 899 517 uerissima
929 475 1008 516 est.
1069 471 1158 516 Sed
1188 474 1296 515 sunt
1325 470 1403 528 qui
1433 469 1635 514 nondum

145 545 330 603 explent
364 547 445 588 aut
492 546 711 602 aptantur
751 543 999 601 explendis,
1032 542 1285 601 approbant
1324 544 1476 585 tamen
1515 539 1636 598 quod

107 625 128 660 5
146 615 398 674 suspiciunt
437 614 486 658 in
526 614 638 666 aliis,
679 617 726 658 et
765 614 855 658 illis
890 617 1072 658 auctore
1111 613 1208 656 Deo
1243 612 1500 656 desiderant
1533 625 1637 654 con-

147 684 345 729 formari.
407 685 490 729 Est
526 699 632 743 ergo
667 684 835 743 gradus
871 683 1250 727 eminentissimus
1284 696 1438 726 eorum
1473 681 1551 739 qui
1587 681 1637 723 in

147 754 541 800 iustificationibus
581 758 880 813 occupantur;
930 754 1103 797 medius
1134 768 1324 811 quorum
1352 752 1529 795 animus
1559 765 1636 794 ex·
1654 748 1739 798 653
1758 757 1789 786 a

148 825 329 884 peditus
349 828 418 869 est
441 841 470 869 a
493 825 620 869 uitiis
644 828 698 868 ut
725 840 783 868 ex
807 839 956 868 amore
977 827 1218 882 occupetur
1245 824 1293 866 in
1313 823 1427 876 illis3
1457 822 1640 865 infimus

150 896 228 954 qui
248 895 506 957 desiderant
525 895 727 953 expediri
749 898 802 938 ut
830 895 913 939 hoc
937 895 1086 952 ipsum
1110 894 1418 951 concupiscere
1442 892 1641 950 possint3

91 985 134 1011 10
151 966 241 1024 qui,
257 965 342 1009 etsi
357 980 448 1009 non
464 965 567 1017 sint,
583 965 840 1008 desiderant
860 969 1014 1009 tamen
1029 979 1124 1008 esse
1144 964 1412 1021 philosophi.
1464 964 1643 1007 Horum

150 1051 387 1094 personam
407 1035 618 1078 induerat
637 1036 859 1093 propheta
878 1035 1046 1079 dicens:
1078 1033 1352 1091 Concupiuit
1371 1033 1524 1076 anima
1543 1047 1644 1077 mea

150 1106 403 1150 desiderare
422 1105 763 1149 iustificationes
782 1109 886 1149 tuas
907 1106 956 1148 in
976 1105 1331 1161 omnitempore.
1389 1104 1499 1147 Eius
1518 1119 1644 1147 nam-

152 1191 239 1235 que
257 1178 389 1220 tanta
409 1179 478 1220 est
497 1176 786 1234 pulchritudo
807 1176 939 1234 quod,
954 1176 1005 1227 si,
1021 1178 1075 1219 ut
1094 1175 1161 1218 ait
1177 1175 1318 1226 Plato,
1333 1174 1479 1217 uideri
1494 1178 1646 1232 posset

151 1246 291 1291 oculis
310 1246 520 1304 corporis,
536 1260 686 1290 amore
707 1247 954 1304 sapientiae
969 1246 1238 1289 mirabiliter
1252 1245 1455 1288 homines
1470 1245 1645 1288 inflam-

94 1335 135 1370 15
151 1320 307 1369 maret,
323 1316 436 1361 adeo
456 1317 637 1374 quidem
658 1321 711 1361 ut
730 1317 876 1375 primo
897 1319 1081 1375 aspectu
1095 1331 1272 1360 necesse
1288 1318 1404 1359 esset
1423 1330 1577 1359 omnes
1596 1315 1647 1358 in

152 1403 350 1432 amorem
371 1387 577 1431 incidere.
638 1388 770 1431 Hanc
797 1390 921 1431 amat
949 1389 995 1431 et
1025 1386 1224 1444 exquirit
1244 1401 1272 1429 a
1298 1386 1536 1434 iuuentute
1563 1400 1647 1429 sua

151 1458 297 1502 fidelis
317 1458 469 1501 anima
487 1458 615 1501 cuius
635 1459 840 1502 senectus
860 1460 1037 1502 constat
1065 1457 1114 1500 in
1141 1456 1369 1515 grauitate
1396 1471 1573 1500 morum
1600 1459 1648 1500 et

153 1528 340 1587 puerilis
379 1531 476 1572 etas
515 1528 564 1571 111
604 1527 862 1586 ignorantia
902 1530 948 1571 et
987 1527 1160 1571 lubrico
1198 1527 1430 1570 uitiorum.
1501 1526 1649 1584 Super

153 1599 358 1650 salutem,
377 1598 538 1656 inquit,
554 1601 600 1642 et
620 1613 796 1642 omnem
817 1598 1200 1656 pulchritudinem
1221 1597 1359 1640 dilexi
1379 1597 1649 1655 sapientiam

96 1688 140 1714 πο
157 1673 203 1714 et
229 1669 441 1728 proposui
470 1684 552 1727 pro
579 1669 678 1713 luce
708 1669 873 1713 habere
899 1669 1049 1722 illam3
1078 1671 1304 1712 uenerunt
1330 1667 1467 1711 michi
1497 1667 1649 1711 omnia

155 1741 274 1785 bona
313 1740 484 1798 pariter
524 1754 627 1784 cum
667 1740 758 1784 illa.
821 1739 871 1783 Si
912 1754 1018 1797 ergo
1058 1739 1176 1782 bona
1215 1738 1366 1783 omnia
1402 1737 1649 1795 sapientiae
1669 1741 1698 1780 b

156 1810 398 1855 accessoria
422 1812 540 1862 sunt,
562 1816 608 1854 et
634 1809 920 1868 philosophia
947 1808 1148 1852 studium
1170 1808 1428 1866 sapientiae,
1448 1807 1651 1866 profecto

155 1879 501 1940 philosophandi
538 1882 822 1938 contemptus
857 1880 1077 1923 bonorum
1107 1879 1308 1923 omnium
1339 1878 1536 1922 exclusio
1567 1880 1649 1922 est.

157 1951 289 1995 Vnde
315 1951 544 2009 colligitur
569 1950 689 2008 quod
717 1952 886 2008 quanto
918 1950 1018 2008 quis
1047 1949 1356 2008 philosophiae
1389 1948 1652 2006 diligentius

99 2035 142 2071 25
158 2021 341 2073 insistit,
361 2036 413 2065 eo
433 2021 611 2064 fidelius
631 2023 678 2064 et
697 2021 863 2065 rectius
883 2020 942 2063 ad
962 2020 1289 2063 beatitudinem
1309 2019 1469 2077 pergit.
1530 2018 1652 2062 Nam

158 2092 364 2143 uirtutes,
385 2092 548 2149 quibus
568 2091 663 2135 itur
688 2092 737 2134 in
757 2091 947 2149 singulis
972 2090 1137 2142 officiis,
1158 2090 1238 2134 illa
1258 2091 1499 2148 dispensat.
1562 2090 1653 2133 Sed

159 2163 266 2221 quia
297 2165 483 2214 ueteres,
513 2162 619 2205 licet
649 2177 707 2205 ex
741 2165 870 2219 parte
900 2161 1073 2204 animas
1103 2161 1336 2204 crederent
1366 2159 1653 2211 immortales,

155 2233 282 2277 uitae
322 2234 513 2284 eternae,
555 2246 670 2290 quae
709 2234 812 2290 post
852 2231 987 2274 istam
1027 2230 1187 2274 futura
1228 2232 1307 2282 est,
1343 2229 1544 2273 nondum
1584 2229 1652 2271 in-

161 2341 180 2380 5
207 2330 421 2378 suscipiunt
437 2331 470 2367 A
642 2341 685 2377 13
711 2328 933 2377 pulcritudo
948 2327 1041 2364 BAS
1164 2330 1221 2365 est
1237 2327 1461 2375 pulcritudo
1477 2328 1591 2363 tanta
1608 2326 1655 2363 B¹

162 2390 207 2427 19
231 2378 533 2427 pulcritudinem
550 2377 611 2414 As
757 2388 802 2414 22
828 2376 1043 2414 accessiora
1059 2375 1100 2412 M
1245 2385 1289 2423 25
1317 2374 1462 2422 pergit]
1481 2374 1609 2413 tendit
1621 2374 1657 2411 A

210 2473 232 2499 2
257 2464 291 2498 A
309 2464 499 2498 mandatis
515 2463 589 2497 tuis
604 2462 791 2496 intellexi:
820 2459 878 2495 Ps.
898 2457 1024 2495 cxviii.
1047 2468 1125 2502 104.
1286 2459 1310 2494 6
1333 2459 1404 2493 Est
1421 2469 1502 2502 erqo
1516 2459 1658 2503 yradue

162 2512 260 2548 etc.:
296 2510 346 2547 cf.
363 2509 459 2557 Aug.
477 2510 616 2545 Enarr.
644 2510 687 2543 in
704 2509 763 2543 Ps.
782 2508 902 2544 cxviii.
932 2508 952 2542 8
972 2505 989 2552 ξ
1013 2515 1030 2552 5
1061 2505 1210 2552 (Migne
1234 2507 1276 2541 P.
1291 2507 1334 2542 L.
1361 2504 1505 2542 xxxvii.
1533 2505 1654 2551 1522).

163 2569 205 2597 11
239 2559 462 2604 concupiuit
486 2558 582 2594 etc.:
611 2556 670 2592 Ps.
689 2554 815 2592 cxviii.
833 2566 899 2598 203
925 2567 958 2590 v.
979 2565 1095 2600 supra
1119 2555 1188 2600 652
1203 2562 1244 2590 A.
1408 2564 1449 2599 13
1474 2554 1519 2598 si,
1536 2558 1579 2589 ut
1601 2555 1659 2589 ait

161 2608 281 2650 Ρῑαιο,
300 2607 396 2643 etc.:
422 2618 456 2642 v.
474 2604 551 2642 Cic.
568 2607 611 2641 de
631 2606 698 2649 Off.
715 2603 740 2640 i.
760 2612 778 2650 5
800 2601 819 2650 ξ
842 2612 895 2650 15,
915 2604 958 2638 de
975 2603 1060 2637 Fin.
1080 2601 1120 2637 ii.
1137 2602 1180 2638 16
1199 2601 1216 2649 §
1238 2610 1283 2648 52
1303 2600 1365 2648 (ex
1381 2601 1480 2637 Plat.
1497 2602 1656 2638 Phaedr.

163 2663 235 2701 250
249 2654 307 2701 D).
440 2653 484 2690 16
510 2654 618 2689 Hanc
642 2657 742 2688 amat
767 2653 862 2687 etc.:
889 2663 922 2687 v.
946 2649 1033 2696 Sap.
1052 2648 1131 2686 viii.
1150 2659 1182 2686 2.
1309 2658 1350 2694 17
1376 2651 1481 2685 cuius
1495 2654 1659 2686 senectus

163 2704 258 2748 etc.:
282 2714 316 2738 v.
336 2701 423 2748 Sap.
443 2700 490 2737 iv.
512 2702 546 2746 8,
564 2711 598 2747 9.
755 2701 809 2741 18.
832 2708 875 2744 19
898 2700 1019 2745 Super
1032 2699 1185 2734 salutem
1210 2699 1307 2734 etc.:
1335 2697 1422 2743 Sap.
1439 2696 1503 2733 vii.
1525 2707 1580 2743 10,
1602 2707 1656 2734 11.

167 2759 212 2796 19
231 2751 568 2796 pulchritudinem:
606 2749 758 2794 speciem
783 2746 895 2793 Vulg.
1066 2756 1112 2790 ²4
1143 2747 1245 2781 Vnde
1274 2746 1460 2790 colliqitur
1483 2747 1584 2782 etc.:
1621 2757 1661 2783 v.

162 2799 260 2846 Aug.
280 2800 324 2833 de
344 2798 380 2833 0.
402 2799 448 2833 D.
467 2796 546 2832 viii.
564 2798 585 2833 8
609 2798 709 2832 Vnde
733 2797 856 2841 utique
876 2795 1062 2840 colligitur
1075 2799 1162 2829 tunc
1177 2795 1263 2839 fore
1288 2794 1432 2829 beatum
1455 2794 1658 2830 studiosum

162 2847 367 2892 sapientiae
402 2846 458 2891 (id
495 2846 593 2881 enim
633 2849 684 2880 est
719 2843 988 2890 philosophus),
1023 2854 1104 2878 cum
1135 2842 1226 2886 frui
1266 2842 1343 2878 Deo
1381 2842 1548 2888 coeperit,
1581 2842 1655 2878 ete.

164 2896 222 2937 26,
241 2903 285 2938 27
311 2895 382 2930 Sed
398 2895 486 2940 quia
501 2898 638 2930 ueteres
653 2894 749 2929 etc-2
776 2890 824 2930 cf.
849 2891 947 2938 Aug.
961 2893 1004 2927 de
1025 2890 1063 2927 C.
1085 2891 1132 2928 D.
1148 2888 1227 2926 xix.
1244 2899 1278 2936 4.

221 2966 304 2986 wass
317 2965 340 2985 ιι
902 2953 930 2980 Β
1481 2953 1497 2978 1
1505 2953 1545 2978 21
