1846 3262
83 229 166 280 807
185 228 214 269 b
561 225 716 270 ΙΟΑΝ
719 225 764 269 Ν
766 225 825 270 IS
865 224 1384 270 SARESBERIENSIS
1492 223 1606 286 [LIB.
1619 234 1713 270 v111

182 353 212 393 b
230 349 317 394 Vbi
339 348 589 392 Willelmus
610 346 986 391 Saresberiensisl
1044 346 1133 390 Vbi
1154 346 1345 390 Marmio
1361 347 1437 404 qui
1457 346 1714 405 impellente

230 419 363 463 beata
383 419 568 476 Virgine
598 417 757 461 incidit
784 417 832 459 in
856 416 1035 460 foueam
1065 432 1199 474 quam
1226 417 1444 474 parabat‘l
1503 417 1591 460 Vbi
1622 417 1713 469 alii,

231 505 420 547 quorum
452 489 526 532 uel
561 488 743 531 nomina
777 488 1044 531 conficerent
1078 487 1277 530 librum?
1349 487 1525 530 Horum
1555 488 1713 544 utique

229 560 404 602 malitia
424 559 614 616 insignis
633 562 713 611 est,
734 557 924 601 infamia
944 557 1139 612 celebris,
1159 557 1321 601 infelix
1341 558 1491 601 exitus
1515 560 1561 601 et
1581 571 1714 615 quem

229 644 438 687 praesens
458 631 553 672 etas
581 628 788 686 ignorare
815 643 905 671 non
933 630 1095 685 potest.
1158 627 1207 671 Si
1238 642 1343 686 ergo
1375 627 1476 685 quis
1505 626 1715 684 antiquas
1733 645 1752 680 5

229 700 371 742 nescit
391 699 616 751 historias,
638 699 678 742 si
705 699 884 756 ignorat
915 697 1134 755 quomodo
1165 697 1312 753 Cims,
1331 699 1402 742 cui
1433 713 1559 756 reges
1585 701 1715 756 terga

227 770 515 828 praebebant,
550 785 578 812 a
609 769 765 827 regina
806 768 1031 812 Scitarum
1066 768 1234 812 Tamiri
1272 771 1524 826 prostratus
1564 772 1644 820 est,
1677 769 1716 812 si

228 855 356 884 casus
377 842 423 883 et
442 840 706 898 praecipitia
732 839 1093 897 praecedentium
1121 853 1212 882 non
1242 839 1398 882 recolit
1421 839 1716 892 tirannorum,

227 911 301 954 uel
322 925 375 953 ea
394 925 508 967 quae
529 909 667 953 oculis
686 909 956 967 ingeruntur
970 908 1128 951 inuitis
1144 909 1362 962 attendat,
1378 912 1424 953 et
1439 909 1536 957 luce
1551 909 1715 954 clarius

227 981 479 1024 intuebitur
498 995 650 1024 omnes
670 980 873 1023 tirannos
893 979 1077 1023 miseros
1097 993 1201 1023 esse.
1735 994 1778 1019 ιο

272 1152 379 1210 Cap.
403 1165 471 1196 22.
511 1152 577 1196 De
601 1152 795 1197 Gedeone
814 1151 976 1209 forma
995 1149 1365 1208 praesidentium
1385 1153 1426 1194 et
1445 1150 1682 1195 Antiocho.

290 1251 411 1305 Quid
432 1251 584 1308 itaque
606 1250 692 1294 sibi
711 1250 856 1293 uelint
876 1249 953 1306 qui
974 1263 1068 1292 rem
1089 1247 1325 1306 publicam,
1345 1248 1392 1291 id
1413 1251 1482 1292 est
1499 1249 1716 1307 populum

233 1322 329 1372 Dei,
352 1321 552 1365 indebito
572 1320 806 1364 seruitutis
826 1320 932 1377 iugo
952 1319 1164 1361 nituntur
1183 1319 1445 1376 opprimere,
1461 1334 1551 1363 non
1570 1320 1716 1374 uideo,

191 1408 216 1438 c
232 1392 320 1435 nisi
355 1392 472 1435 forte
509 1407 561 1434 ea
593 1392 648 1434 de
680 1405 814 1435 causa
853 1389 1102 1447 potentiam
1143 1391 1360 1446 appetant
1399 1391 1452 1432 ut
1491 1392 1717 1433 tormenta

235 1506 251 1533 1
281 1495 507 1532 Guillelmus
525 1494 658 1531 CBSM
754 1492 1032 1531 saresbiriensis
1051 1492 1075 1529 S
1219 1504 1241 1540 3
1268 1492 1425 1530 nomina
1442 1493 1506 1531 uel
1522 1492 1568 1530 A¹

283 1605 297 1631 1
332 1596 534 1630 Willelmus
559 1595 863 1631 Saresberiensis:
899 1592 955 1630 De
982 1604 1027 1630 οο
1055 1605 1087 1629 v.
1116 1592 1263 1640 Round,
1296 1595 1459 1640 Geoffrey
1490 1595 1534 1630 de
1561 1595 1720 1630 Mande-

231 1645 325 1687 ville,
359 1655 396 1689 p.
433 1644 514 1688 276.
579 1641 724 1679 Eodem
764 1653 877 1684 anno,
910 1643 955 1677 ut
992 1640 1110 1678 refert
1150 1642 1244 1678 Gest.
1281 1643 1366 1688 Step
1367 1643 1401 1677 h.
1443 1641 1607 1696 scriptor
1641 1643 1715 1687 (ed.

233 1691 416 1735 Howlett‚
441 1703 477 1736 p.
501 1690 576 1736 96),
599 1702 673 1736 quo
699 1689 817 1727 etiam
842 1687 993 1725 interiit
1016 1688 1109 1724 Milo
1135 1700 1259 1725 comes
1285 1655 1534 1727 Herefordiae
1561 1690 1623 1736 (de
1641 1702 1716 1736 quo

232 1742 374 1786 supra),
406 1740 606 1774 Willelmus
633 1766 642 1774 .
670 1766 678 1775 .
709 1765 718 1774 .
747 1739 911 1774 ciuitatis
942 1738 1164 1773 Saresbiriae
1192 1743 1407 1784 praeceptor
1436 1749 1474 1774 eo
1505 1743 1662 1784 tempore
1683 1744 1717 1775 et

231 1789 429 1833 municeps,
451 1788 644 1822 horrendis
668 1788 710 1822 in
736 1787 996 1831 somnis‚1psa
1024 1786 1185 1831 Virgine,
1211 1791 1253 1821 ut
1276 1787 1393 1828 aiunt,
1419 1787 1490 1821 sibi
1517 1788 1715 1830 assistente,

231 1837 425 1871 deterritus
458 1836 580 1877 minis,
612 1836 675 1870 sed
707 1839 739 1870 et
771 1835 969 1870 dirissimis
1003 1834 1227 1869 ineuitabilis
1259 1835 1503 1879 aeqritudinis
1533 1840 1718 1881 correptus

223 1885 398 1928 flumenis,
429 1884 523 1918 lento
548 1884 695 1918 tandem
720 1883 886 1918 cruciatu
913 1886 1030 1917 tortus
1057 1883 1209 1917 interiit.
1266 1880 1426 1917 Comitis
1451 1880 1610 1918 titulum
1639 1893 1717 1918 non

231 1930 370 1967 habuit
411 1930 573 1976 ideoque
616 1941 639 1966 a
676 1931 819 1966 Ioanne
854 1929 959 1965 haud
993 1927 1098 1966 inter
1137 1928 1295 1966 comites
1331 1929 1442 1975 regni
1482 1929 1716 1966 nominatur.

232 1981 394 2014 Marmio
411 1981 504 2015 ete:
530 1978 555 2014 i.
569 1989 601 2015 e.
621 1978 812 2015 Robertus
834 1976 997 2013 Marmio
1018 1977 1123 2023 (deq
1124 1989 1172 2014 uo
1191 1989 1222 2013 v.
1247 1977 1286 2014 G.
1313 1977 1353 2013 L.
1381 1977 1599 2024 Kingsford‚
1618 1979 1715 2015 Dict.

232 2029 319 2063 Nat.
338 2028 440 2072 Bioy.
458 2026 581 2062 xxxvi.
604 2037 672 2072 190
687 2027 820 2072 30001
839 2027 953 2069 homo,
972 2026 1015 2061 ut
1032 2024 1088 2061 ait
1105 2025 1323 2061 Willelmus
1348 2025 1394 2062 de
1412 2025 1673 2073 Novoburgo'
1661 2026 1718 2063 1ii.

237 2085 280 2111 12
301 2075 374 2118 (ed.
389 2074 569 2118 Howlett‚
588 2086 625 2129 p.
641 2080 718 2120 47),
731 2075 926 2117 bellicosus,
936 2075 1092 2118 ferocia,
1110 2075 1257 2117 astutia,
1278 2075 1528 2120 audaciafere
1543 2075 1642 2110 nulli
1652 2086 1719 2110 31ιο

234 2128 391 2169 tempore
407 2125 541 2168 impar,
559 2122 626 2168 qui
644 2135 751 2159 cum.
798 2123 1054 2168 ,praeclaram
1079 2123 1184 2157 illam
1209 2123 1391 2158 ecclesiam
1411 2122 1474 2169 (30.
1492 2121 1720 2160 Coventren-

234 2171 328 2217 30111)
355 2172 510 2207 exclusis
531 2172 649 2206 seruis
674 2172 745 2206 Dei
770 2175 803 2206 et
829 2171 1048 2205 intromissis
1077 2171 1291 2205 satellitibus
1315 2171 1453 2206 diaboli
1471 2172 1720 2217 profanasset,

235 2231 384 2266 cumque
417 2218 458 2254 in
491 2230 622 2265 pugna
654 2220 789 2255 contra
822 2217 1033 2253 Ranulfum
1067 2217 1246 2254 comitem
1278 2216 1513 2254 cestrensem
1547 2218 1610 2265 (de
1643 2229 1718 2264 quo

235 2267 365 2313 supra)
381 2277 526 2312 3,.1144
537 2267 651 2307 facta
663 2268 705 2302 in
722 2271 911 2312 conspectu
926 2277 1076 2301 suorum
1086 2267 1232 2311 pariter
1247 2271 1280 2302 et
1295 2267 1454 2302 hostium
1470 2278 1557 2313 equo
1572 2278 1720 2312 spumeo

236 2327 317 2350 cum
326 2317 433 2360 fastu
451 2316 566 2350 nimio
582 2316 682 2350 1101101
684 2319 781 2357 etur,
799 2326 886 2350 suae
902 2315 997 2349 artis·
1011 2315 1206 2358 immemor,
1225 2326 1313 2350 nam
1335 2315 1486 2357 crebras,
1505 2319 1547 2349 ut
1569 2315 1719 2357 dicitur,

236 2365 278 2398 in
296 2375 421 2409 campo
429 2364 554 2409 fossas
569 2365 722 2409 fecerat,
747 2363 877 2409 quibus
900 2363 1017 2398 hostes
1041 2363 1100 2397 uel
1125 2367 1336 2398 arcerentur
1358 2364 1418 2398 uel
1441 2363 1719 2408 impedirentur,

235 2412 371 2452 iudicio
398 2413 550 2458 inquam
573 2412 655 2453 Dei,
679 2422 766 2446 suae
792 2412 884 2446 artis
907 2410 968 2445 uel
992 2411 1112 2454 operis
1136 2411 1333 2453 immemor,
1358 2412 1489 2446 incidit
1509 2411 1552 2445 in
1567 2412 1721 2456 foueam

234 2471 344 2506 quam
364 2460 456 2504 fecit
469 2471 483 2503 ,·
508 2460 701 2506 fractoque
717 2459 858 2502 femore
883 2469 1056 2502 emeryere
1080 2470 1154 2495 non
1177 2459 1307 2500 valens,
1334 2470 1358 2494 α
1390 2459 1546 2504 quodam
1569 2459 1723 2504 iqnobili

235 2508 421 2542 hostilium
436 2509 602 2552 partium
619 2508 784 2552 satellite,
802 2508 940 2542 cunctis
957 2507 1042 2541 hinc
1059 2507 1143 2541 inde
1159 2506 1378 2549 uidentibus,
1396 2507 1513 2552 capite
1529 2510 1722 2542 truncatus

235 2560 296 2590 est.
347 2554 403 2591 Cf.
420 2554 539 2591 Henr.
556 2554 754 2590 Huntend.
771 2554 828 2591 ed.
841 2553 995 2594 Arnold‚
1007 2565 1044 2599 p.
1059 2562 1128 2599 277
1146 2556 1244 2589 inter
1258 2556 1419 2599 inyentes
1429 2565 1579 2590 suorum
1592 2565 1721 2590 cuneos

237 2614 359 2638 coram
389 2604 468 2648 ipso
496 2604 714 2638 monasterio
750 2604 814 2647 (sc.
847 2601 1106 2647 Ooventrensi)
1140 2603 1239 2638 solus
1271 2603 1482 2648 interfectus
1513 2607 1563 2637 est
1595 2607 1628 2637 et
1660 2613 1718 2637 ex-

238 2653 525 2687 communicatus
556 2655 667 2686 morte
699 2651 910 2696 depascitur
939 2654 1097 2686 aeterna.
1254 2660 1284 2694 1,
1322 2660 1342 2685 2
1380 2650 1585 2696 impellente
1617 2650 1721 2686 beata

245 2699 411 2743 Wryine:
448 2698 555 2734 cuius
583 2697 624 2734 in
656 2698 838 2734 honorem
871 2696 1090 2733 dedicatam
1123 2677 1323 2734 ecelesidm
1356 2696 1647 2735 coventrensem
1678 2696 1721 2734 in

240 2746 440 2782 castellum
459 2748 700 2783 converterat
717 2745 879 2781 Marmio
900 2746 946 2790 (v.
965 2744 1082 2782 Henr.
1102 2745 1296 2782 Huntend.
1314 2744 1384 2781 loc.
1402 2745 1496 2791 cit.).
1621 2756 1642 2781 2
1667 2747 1721 2781 in-

240 2796 327 2830 cidit
354 2796 447 2830 etc.:
475 2794 532 2831 Ps.
558 2793 620 2829 vii.
650 2795 715 2836 16;
740 2805 854 2839 quem
878 2792 926 2829 de
951 2794 1084 2829 eadem
1109 2805 1147 2830 re
1174 2793 1269 2831 citat
1294 2793 1401 2830 Will.
1424 2793 1470 2830 de
1494 2792 1720 2840 Novoburgo

242 2844 292 2885 (v.
294 2841 447 2924 Ssupra).
602 2843 626 2879 6
656 2842 766 2878 cirus
782 2843 878 2879 etc.:
903 2853 934 2878 v.
953 2840 1086 2878 lustin.
1105 2841 1130 2878 i.
1148 2842 1182 2879 8.
1340 2851 1385 2886 14
1402 2843 1605 2888 potentiam
1623 2844 1719 2880 etc:

240 2900 272 2925 v.
321 2900 380 2935 ap.
397 2901 446 2926 Vl.
464 2898 498 2934 7.

351 2959 417 3004 396
