1846 3262
156 243 397 300 mnxvn]
674 243 1120 291 POLICRATICVS
1665 249 1749 300 677
1770 260 1796 290 c

154 362 275 407 Nam
297 364 415 422 quod
436 364 595 408 beatus
616 364 880 410 Ambrosius
900 367 1091 410 heresim
1112 367 1401 411 simoniacam
1425 369 1647 412 committi

153 433 266 478 dicit
284 435 333 477 in
353 435 533 487 talibus,
553 436 827 493 prouinciale
851 437 1080 481 decretum
1107 438 1467 497 interpretantur
1486 455 1580 483 esse
1601 443 1648 483 et

153 504 275 562 quod
304 505 353 548 in
383 506 478 549 sola
504 506 674 549 Ithalia
704 510 750 550 et
781 507 902 551 inter
930 508 1211 552 Lumbardos
1240 509 1402 553 debeat
1431 510 1646 568 optinere.

153 575 219 618 At
244 576 508 620 constitutio
534 577 778 634 apostolica
802 578 1010 622 inhibens
1030 594 1086 622 ne
1106 579 1174 622 illi
1195 580 1285 637 qui,
1305 580 1414 623 dum
1441 581 1647 624 ecclesias

113 662 135 697 ε
154 645 374 698 ambiunt,
391 661 480 704 quo
501 646 679 690 facilius
699 648 970 700 subintrent,
986 649 1057 692 ius
1078 649 1387 694 aduocationis
1411 654 1647 708 quaerunt,

154 715 460 760 admittantur
478 717 526 759 in
547 717 753 761 ecclesias
777 733 968 775 quarum
993 719 1229 764 aduocatio
1254 719 1415 764 fraude
1443 721 1648 778 quaesita

154 789 236 837 est,
259 786 318 829 ad
348 787 557 830 timorem
590 787 760 831 dictum
792 789 996 832 referunt
1026 793 1073 832 et
1104 805 1388 848 nequaquam
1419 806 1514 835 esse
1547 806 1647 849 per-

151 860 341 914 petuum
371 857 449 900 sed
480 872 562 915 pro
592 858 688 902 loco
714 862 761 902 et
787 862 988 916 tempore
1016 860 1394 918 dispensandum3
1437 865 1492 905 ut
1526 862 1647 905 enim

152 927 220 970 ait
249 927 409 971 beatus
439 927 622 972 Cirillus
652 929 701 971 in
731 929 922 986 epistola
953 930 1205 988 Ephesinae
1231 931 1389 983 sinodi,
1419 932 1647 990 dispensa·
1663 933 1694 974 d

93 1012 136 1039 1ο
153 995 291 1040 tionis
342 997 503 1041 modus
556 997 671 1040 nulli
720 1013 934 1056 umquam
985 999 1215 1057 displicuit
1264 1001 1531 1059 sapientum.
1597 1002 1648 1046 Si

152 1065 500 1124 dispensationis
520 1067 703 1110 modum
719 1068 911 1125 quaeris,
927 1069 1173 1126 probabilis
1192 1070 1373 1127 quidem
1394 1075 1463 1114 est
1482 1071 1521 1114 si
1542 1086 1649 1129 erga

152 1135 331 1188 diuites,
352 1152 460 1195 erga
479 1137 663 1189 nobiles,
684 1153 791 1195 erga
815 1141 1022 1196 potentes
1045 1143 1127 1183 aut
1157 1140 1347 1184 curiales
1371 1141 1494 1199 rigor
1517 1156 1648 1185 cano·

151 1220 263 1249 num
283 1209 573 1265 temperatur.
634 1207 754 1251 Nam
775 1207 831 1251 de
851 1208 1052 1252 moribus
1078 1209 1242 1252 ultima
1270 1211 1350 1254 fiet
1374 1211 1570 1264 mentio;
1602 1214 1649 1255 et

152 1276 254 1320 istis
293 1277 368 1320 lex
408 1292 631 1321 canonum
672 1293 958 1335 nequaquam
1004 1279 1153 1337 posita
1200 1283 1283 1324 est.
1357 1281 1568 1324 Iustitiae
1608 1282 1647 1325 si

92 1361 134 1397 ¹⁵
154 1346 336 1404 quidem
363 1347 494 1391 liberi
523 1351 633 1392 sunt
659 1351 705 1392 et
733 1363 785 1392 eo
815 1348 1045 1392 ducuntur
1074 1349 1240 1407 spiritu
1269 1353 1323 1394 ut
1350 1366 1526 1395 necesse
1556 1367 1649 1396 non

152 1417 351 1464 habeant
363 1433 458 1462 esse
475 1419 560 1462 sub
575 1419 689 1477 lege.
752 1419 941 1463 Statuat
955 1435 1063 1478 ergo
1078 1420 1153 1464 lex
1169 1422 1288 1478 quod
1303 1422 1477 1480 placuit
1490 1423 1624 1466 latori
1638 1438 1650 1477 ;

151 1501 259 1530 nam
279 1487 370 1539 isti,
384 1488 613 1547 priuilegii
634 1489 897 1547 principalis
913 1490 1163 1548 gaudentes
1183 1491 1409 1545 beneficio,
1433 1492 1648 1550 quicquid

152 1557 361 1602 ambiunt
393 1558 494 1602 sibi'
516 1563 767 1617 competere
801 1560 1058 1618 opinantur.
1130 1561 1372 1620 Episcopos
1406 1563 1466 1606 ad
1499 1563 1648 1621 prima

151 1627 368 1672 beneficia
406 1629 612 1687 obligant
652 1633 699 1674 et
738 1630 794 1674 de
838 1629 998 1674 futura
1036 1632 1312 1676 successione
1351 1633 1516 1691 pacisci
1555 1649 1647 1678 non

99 1731 103 1735 -
151 1699 593 1758 Μ
610 1711 723 1748 italia
734 1711 809 1749 AM
879 1723 903 1759 9
920 1711 1122 1759 ephenisse
1136 1713 1168 1748 B
1218 1713 1357 1761 synodi
1371 1713 1413 1749 M
1490 1725 1534 1751 10
1549 1715 1647 1762 sapi-

152 1758 304 1796 entium
322 1759 362 1795 M
464 1769 505 1797 11
534 1762 592 1797 est
609 1759 763 1807 quidem
780 1760 822 1796 M
928 1771 971 1806 14
996 1760 1028 1797 si
1047 1773 1117 1799 om.
1135 1760 1177 1797 M
1275 1773 1320 1810 19
1343 1762 1506 1810 pascisci
1522 1763 1647 1800 B¹AM

151 1830 254 1877 609),
285 1831 354 1868 ubi
385 1831 530 1869 citatur
562 1834 622 1877 (ut
654 1831 810 1869 concilii
843 1831 1156 1879 Mediolanensis)
1190 1844 1317 1870 canon
1344 1833 1502 1880 quidam
1536 1845 1644 1871 conc.

67 1883 76 1891 ⁶
151 1878 419 1917 cabilonensis
444 1892 479 1917 a.
515 1881 586 1926 813
614 1879 740 1917 habiti
771 1880 913 1928 (Mansi
945 1879 1019 1917 xiv.
1050 1882 1137 1927 98):
1176 1883 1324 1918 ecclesia
1355 1884 1455 1918 inter
1477 1884 1648 1919 haeredes

146 1930 303 1974 patroni
330 1930 455 1964 diuidi
485 1941 560 1965 non
587 1930 699 1965 debet.
863 1938 879 1964 1
906 1930 1145 1965 Ambrosius:
1180 1928 1346 1966 Videtur
1376 1930 1566 1977 respicere
1595 1931 1645 1967 ad

152 1976 346 2022 quondam
379 1976 535 2013 concilii
566 1976 747 2014 Toletani
773 1975 869 2012 VIII
898 1988 1004 2013 anno
1033 1978 1103 2023 653
1137 1977 1265 2014 habiti
1298 1989 1495 2023 canonem,
1530 1991 1646 2024 quem

153 2023 362 2060 Gratianus
386 2026 492 2062 Decr.
513 2025 562 2061 ΙΙ.
584 2036 613 2062 1.
632 2037 668 2071 q.
690 2035 719 2061 1.
738 2036 771 2061 c.
789 2034 810 2070 7
835 2025 881 2060 ut
905 2035 952 2060 ex
976 2024 1169 2061 Ambrosii
1194 2024 1296 2062 libro
1320 2026 1502 2073 pastorali
1522 2027 1646 2074 citat;

153 2083 188 2109 v.
211 2071 423 2120 Friedberg
447 2073 472 2110 i.
502 2085 540 2120 p.
563 2082 645 2120 359.
699 2072 799 2109 Hinc
827 2072 960 2119 colligi
988 2075 1118 2120 potest
1144 2072 1324 2110 Gratiani
1356 2076 1505 2111 Decreto
1533 2087 1646 2111 usum

152 2131 235 2157 eme
260 2120 447 2158 Ioannem
471 2123 656 2157 nostrum.
818 2131 841 2166 4
866 2122 1072 2157 constitutio
1091 2123 1311 2167 apostolica:
1336 2122 1446 2159 Hanc
1464 2123 1647 2159 constitu÷

151 2167 298 2204 tionem
310 2169 437 2206 adhuc
450 2181 639 2215 nusquam
652 2167 801 2210 inveni;
819 2168 869 2204 cf.
882 2172 1018 2205 tamen
1030 2170 1206 2205 Decmal.
1220 2169 1275 2205 iii.
1290 2172 1335 2216 38
1348 2182 1368 2207 c
1394 2171 1418 2206 6
1433 2171 1505 2214 (ed.
1522 2170 1647 2208 Fried-

153 2214 249 2270 berg
274 2215 316 2253 ii.
336 2217 447 2260 611›;
473 2229 504 2253 v.
525 2217 630 2253 infra
655 2216 704 2253 ad
730 2228 762 2253 c.
786 2227 827 2252 21
853 2218 1011 2262 (6941)).
1181 2218 1252 2264 8,9
1276 2224 1319 2253 ut
1343 2221 1439 2253 em'm
1465 2221 1519 2254 ait
1546 2221 1644 2255 etc.:

153 2262 262 2300 Nihil
278 2264 498 2301 huiusmodi
514 2264 557 2300 in
575 2263 749 2312 epistolis
761 2275 785 2300 a
802 2263 837 2300 S.
856 2263 998 2310 Cyrillo
1014 2264 1064 2301 ad
1081 2264 1299 2302 Nestorium
1316 2266 1474 2303 nomine
1491 2265 1646 2303 concilii

155 2311 393 2348 oecumenici
426 2311 570 2359 Ephesi
603 2323 706 2349 anno
731 2322 798 2358 431
835 2312 957 2348 habiti
992 2312 1117 2349 missis
1147 2313 1316 2360 reperire
1351 2314 1476 2360 potui.
1536 2314 1646 2359 Quod

153 2361 287 2396 tamen
303 2360 350 2396 de
366 2360 652 2407 dispensatione
668 2359 834 2407 Cyrillus
849 2359 891 2395 in
908 2359 1072 2407 epistola
1088 2361 1224 2407 synodi
1244 2359 1459 2408 Ephesinae
1477 2374 1646 2400 asserere

153 2407 295 2454 potuit,
313 2407 387 2444 hoc
408 2408 459 2444 ad
483 2410 691 2454 οἰκονομίαν,
708 2419 807 2453 quae
831 2407 969 2444 Latine
993 2410 1215 2454 dispensatio
1239 2408 1318 2446 dici
1341 2410 1502 2455 solebat,
1520 2410 1560 2446 id
1587 2413 1646 2448 est

154 2456 205 2492 ad
222 2455 295 2493 Dei
313 2455 403 2492 Filii
424 2455 748 2498 incarnationem,
771 2455 878 2492 cuius
900 2456 947 2492 de
967 2456 1081 2492 modo
1104 2457 1207 2502 apud
1226 2460 1356 2504 patres
1375 2457 1486 2494 istius
1508 2458 1647 2504 synodi

153 2506 244 2540 acta
261 2506 319 2540 cst
329 2504 513 2550 quaestio,
523 2516 601 2540 non
611 2503 772 2540 dubium
783 2505 843 2539 est
854 2503 947 2549 quin
962 2503 1095 2540 referri
1112 2507 1300 2550 oporteat.
1333 2505 1412 2542 Nec
1426 2507 1647 2552 putandum

154 2553 214 2588 est
231 2551 416 2588 Ioannem
442 2554 616 2588 nostrum
642 2551 744 2587 male
769 2551 816 2588 de
842 2551 992 2598 legibus
1010 2551 1226 2588 relaxandis
1243 2553 1427 2590 vocabulo
1444 2553 1516 2591 isto
1534 2554 1647 2592 intel·

153 2598 311 2642 lexisse;
328 2599 395 2637 sed
411 2600 539 2646 potius
554 2611 617 2636 eos
633 2599 769 2636 irridet
782 2598 848 2644 qui
865 2599 922 2635 ita
935 2611 979 2636 eo
997 2599 1040 2634 in
1057 2599 1117 2635 sui
1134 2601 1423 2638 excusationem
1439 2602 1550 2638 abuti
1566 2615 1646 2639 non

153 2647 442 2684 dubitaverunt.
493 2648 551 2684 Cf.
582 2646 713 2694 cyrill.
740 2648 856 2683 Schol.
883 2649 927 2683 de
959 2649 1108 2684 lucam.
1139 2649 1326 2695 Vniyem'ti
1359 2651 1474 2696 (quae
1506 2650 1645 2687 Latine

151 2696 270 2733 vertit
283 2695 429 2732 Marius
445 2695 652 2741 Mercator)
671 2707 704 2732 c.
715 2697 762 2732 26
780 2695 928 2742 (Migne
945 2697 986 2731 P.
996 2697 1038 2732 L.
1054 2695 1174 2732 xlviii.
1192 2697 1299 2743 1029)
1324 2699 1457 2733 Verum
1472 2701 1647 2745 quoniam

151 2744 226 2780 Dei
247 2745 400 2780 Verbum
424 2746 531 2779 iuxta
555 2755 624 2780 nos
638 2745 786 2789 factum
811 2755 884 2780 esse
908 2746 1136 2790 affirmamus
1160 2746 1233 2781 etc.
1251 2772 1260 2780 .
1280 2772 1289 2781 .
1308 2773 1317 2782 .
1334 2748 1423 2792 quid
1446 2748 1647 2784 absurdum

152 2794 397 2839 escuelquod
422 2793 796 2828 credimndebeat?
944 2802 986 2837 13
1011 2794 1467 2840 demom‘busultimafiet
1486 2797 1643 2833 mentio:

151 2851 186 2877 v.
203 2839 283 2876 Iuv.
301 2842 378 2876 Sat.
397 2839 453 2876 iii.
475 2850 554 2885 140,
576 2849 640 2884 141
661 2841 705 2875 de
721 2841 883 2876 mon‘bnoe
898 2841 1032 2875 ultima
1039 2842 1111 2886 fiet
1125 2841 1304 2885 Quaestio.
1454 2851 1495 2887 17
1515 2845 1645 2889 priui-

152 2889 240 2934 ἔφή·
262 2890 507 2934 principalis:
534 2886 707 2934 Respicit
729 2887 780 2924 ad
803 2889 928 2924 Instit.
949 2887 977 2925 i.
998 2898 1032 2925 2.
1052 2890 1088 2934 6,
1104 2889 1190 2936 Diq.
1206 2887 1232 2925 i.
1249 2899 1285 2935 4.
1306 2900 1322 2928 1
1354 2891 1458 2935 Quod
1474 2893 1647 2939 principi

146 2939 303 2987 placuit,
321 2939 410 2984 leqis
425 2937 528 2973 haba
543 2938 718 2984 uigorem.

1469 2994 1533 3038 1⁶5
