1846 3262
90 241 166 280 791
185 228 215 270 d

82 501 165 540 792
186 501 215 530 a

181 1266 210 1303 b

555 228 819 273 IOANNIS
860 227 1378 273 SARESBERIENSIS
1483 222 1600 288 [ΜΒ.
1617 236 1710 272 vt11

232 351 356 395 uitae
386 351 655 410 tranquillus
687 355 733 395 et
761 353 969 395 constans
999 351 1109 394 adeo
1137 353 1191 394 ut
1225 350 1283 394 ab
1311 349 1507 394 infantia
1532 350 1711 394 uultum

233 436 314 465 nec
347 422 512 479 gaudio
547 437 627 466 nec
667 436 837 465 merore
877 421 1133 471 mutauerit,
1164 420 1491 478 philosophiam
1529 420 1711 464 edoctus

234 491 381 535 Stoice
402 491 529 548 eique
550 492 738 542 deditus,
759 491 857 534 uita
876 491 1045 548 pariter
1069 493 1115 534 et
1135 490 1384 534 eruditione
1410 490 1711 548 philosophus,

233 562 469 605 institutus
485 565 553 605 est
569 562 626 605 ad
642 561 968 619 philosophiam
988 576 1068 618 per
1079 561 1366 618 Apollonium
1382 559 1710 613 Calcedonium,

232 631 290 675 ad
319 632 551 675 scientiam
582 632 835 676 litterarum
866 631 1107 675 Grecarum
1137 646 1217 688 per
1246 630 1564 675 Cheronessem
1605 630 1709 673 Plu-

231 702 377 745 tarchi
422 706 640 760 nepotem,
672 702 856 746 Latinas
886 704 1036 745 autem
1067 716 1169 744 eum
1201 701 1369 744 Fronto
1407 700 1710 744 nobilissimus

231 776 383 815 orator
409 773 561 816 docuit
588 776 634 816 et
661 788 741 830 pro
769 772 1048 830 quorundam
1069 772 1276 829 opinione
1304 771 1533 814 Plutarchi
1559 785 1710 828 nepos.

231 842 358 885 Inter
384 846 530 886 cetera
554 842 719 886 bellum
747 842 886 899 gessit
914 842 1032 899 quod
1056 857 1162 899 prae
1189 841 1499 899 magnitudine
1528 840 1709 884 Punicis

229 911 422 955 conferri
452 914 609 969 potest.
670 912 740 963 Et,
761 912 866 955 licet
896 911 1173 955 orationibus
1201 911 1397 953 militum
1430 911 1708 954 Christiano·

229 996 341 1032 rum,
369 982 484 1025 sicut
513 982 631 1026 idem
662 982 914 1040 Imperator
942 981 1107 1025 litteris
1137 982 1230 1025 suis
1260 981 1426 1024 dicitur
1455 983 1710 1032 attestatus,

229 1067 394 1109 magna
426 1052 542 1095 bella
575 1051 827 1104 confecerit,
862 1052 1016 1110 grauis
1055 1067 1208 1095 eorum
1248 1051 1418 1095 exarsit
1456 1051 1707 1109 persecutio

229 1122 450 1180 multique
489 1126 745 1166 sanctorum
795 1122 999 1166 martirio
1038 1122 1237 1165 coronati
1278 1124 1397 1165 sunt.
1478 1121 1707 1164 Postremo

231 1191 367 1235 Lucio
395 1191 590 1236 Comodo
620 1192 713 1235 filio
740 1207 821 1236 suo
851 1193 899 1235 in
924 1207 1112 1250 regnum
1139 1194 1368 1249 assumpto
1398 1192 1446 1234 in
1477 1191 1709 1234 Pannonia

230 1262 502 1306 constitutus
542 1262 775 1320 repentino
820 1262 975 1306 morbo
1015 1262 1199 1306 interiit.
1279 1262 1443 1306 Lucius
1482 1261 1708 1304 Antonius

231 1331 464 1383 Comodus,
497 1332 682 1389 quintus
722 1332 918 1376 decimus
957 1332 1015 1375 ab
1055 1333 1273 1390 Augusto,
1307 1347 1388 1390 per
1426 1331 1577 1375 omnia
1616 1345 1710 1375 cru-

228 1402 428 1445 delitatis
476 1402 682 1446 luxuriae
726 1405 772 1446 et
821 1402 1109 1446 obscenitatis
1159 1402 1373 1446 dedecora
1422 1401 1708 1459 deprauatus,

229 1472 509 1530 gladiatoriis
554 1487 728 1530 quoque
768 1474 904 1516 armis
944 1471 1198 1530 saepissime
1238 1472 1516 1530 depugnauit
1566 1476 1612 1515 et
1661 1472 1710 1514 in

229 1543 563 1600 amphitheatro
612 1542 721 1586 feris
768 1558 862 1586 sese
911 1543 1171 1600 frequenter
1219 1542 1392 1586 obiecit.
1473 1541 1709 1585 Interfecit

230 1613 367 1656 etiam
391 1612 607 1670 plurimos
634 1615 871 1664 senatores,
891 1613 1087 1656 maxime
1115 1627 1225 1670 quos
1253 1612 1452 1655 aduertit
1471 1611 1709 1655 nobilitate

230 1683 538 1739 industriaque
551 1682 776 1726 excellere.
819 1683 1015 1741 Flagitia
1030 1683 1148 1740 regis
1163 1697 1277 1740 pena
1293 1682 1417 1725 urbis
1432 1682 1708 1739 insequitur;

228 1767 334 1795 nam
370 1752 559 1795 fulmine
594 1751 867 1809 Capitolium
906 1752 1058 1805 ictum,
1093 1767 1150 1795 ex
1185 1766 1273 1808 quo
1307 1750 1430 1795 facta
1462 1751 1709 1795 flammatio

228 1822 545 1868 bibliothecam
581 1821 704 1864 illam
736 1822 954 1866 maiorum
995 1837 1103 1865 cura
1141 1821 1377 1878 studioque
1416 1821 1708 1879 compositam

226 1892 419 1950 edesque
468 1892 579 1936 alias
628 1892 758 1935 iuxta
808 1892 918 1936 sitas
965 1892 1115 1949 rapaci
1165 1892 1347 1935 turbine
1395 1891 1710 1935 concremauit.

230 1962 393 2006 Fertur
427 1968 580 2006 tamen
609 1961 767 2006 beatus
803 1962 1042 2021 Gregorius
1071 1962 1386 2005 bibliothecam
1416 1961 1709 2005 combussisse

228 2033 453 2091 gentilem,
475 2047 562 2090 quo
589 2032 769 2076 diuinae
797 2033 987 2091 paginae
1014 2032 1186 2090 gratior
1206 2034 1321 2075 esset
1340 2031 1462 2075 locus
1491 2034 1538 2075 et
1564 2032 1709 2075 maior

230 2170 251 2205 3
277 2161 408 2206 stoyce
424 2159 458 2194 A
615 2170 640 2205 4
663 2157 929 2206 appollonium
947 2157 978 2194 B
1140 2165 1158 2203 5
1185 2156 1451 2193 chenoressem
1469 2155 1511 2192 M
1667 2167 1711 2203 13

230 2208 428 2245 commodo
447 2206 515 2244 SM
628 2209 807 2253 assumpt-o
824 2206 849 2243 S
997 2214 1037 2251 15
1065 2205 1283 2240 commodus
1302 2204 1326 2240 S
1463 2205 1505 2240 16
1529 2203 1710 2241 dedecore

229 2256 264 2291 A
399 2257 440 2292 18
465 2254 726 2301 amphiteatro
743 2253 803 2290 AS
935 2263 981 2290 22
1006 2252 1253 2289 bibliotecam
1271 2251 1351 2289 AS:
1375 2250 1651 2289 bibliotecham
1669 2252 1711 2289 M

230 2313 278 2349 24
302 2303 533 2340 combusisse
551 2303 591 2338 M

282 2423 300 2461 5
330 2416 600 2452 Cheronessem:
629 2415 913 2450 Chaeronensem
930 2411 1112 2458 Eutrop‚;
1137 2422 1187 2447 sc.
1206 2410 1375 2448 Sextum.
1544 2420 1566 2456 7
1591 2416 1625 2447 et
1636 2423 1708 2458 pro

251 2464 460 2499 uorundam
491 2464 661 2509 opinione
685 2462 877 2497 Plutarchi
909 2472 1042 2506 nepos:
1077 2460 1132 2497 De
1165 2459 1225 2496 his
1256 2458 1391 2502 verbis,
1422 2470 1518 2505 quae
1551 2470 1630 2496 non
1661 2471 1709 2496 ex

229 2476 417 2557 {Intrepio
434 2510 636 2556 desumpta
653 2511 753 2553 sunt,
771 2521 805 2547 v.
818 2521 933 2556 supra
950 2508 1009 2544 ad.
1029 2520 1061 2544 c.
1082 2518 1123 2553 13
1142 2507 1230 2552 (764
1242 2508 1298 2552 13).
1394 2517 1417 2552 9
1441 2508 1501 2550 Et,
1519 2507 1601 2543 licet
1613 2508 1709 2544 etc.:

229 2571 263 2597 v.
282 2559 385 2595 Oros.
403 2557 467 2594 vii.
490 2567 529 2605 15
551 2557 592 2604 ἐξ
612 2569 746 2604 4seqq.
911 2567 954 2600 14
978 2557 1116 2592 Lucius
1131 2557 1228 2592 etc.:
1253 2566 1285 2591 v.
1302 2553 1408 2591 Oros.
1426 2553 1489 2590 vii.
1511 2555 1555 2592 16
1570 2552 1610 2602 ἕξ
1632 2565 1709 2600 1—3.

228 2608 434 2643 Antonius:
457 2605 482 2642 i.
495 2617 527 2642 e.
545 2607 768 2642 Antoninus.
871 2614 917 2649 24
942 2605 1081 2640 Fertur
1095 2604 1190 2639 etc.:
1219 2602 1322 2639 Haec
1340 2613 1458 2648 usque
1476 2601 1524 2638 ad
1540 2603 1710 2639 accidisse

231 2653 350 2690 minio
377 2653 525 2690 notavit
548 2653 734 2689 Parkerus
753 2652 795 2688 in
818 2652 899 2689 cod.
920 2651 958 2688 C.
988 2652 1122 2686 Fertur
1145 2656 1266 2686 tamen
1290 2653 1385 2686 etc.:
1410 2649 1458 2686 cf.
1486 2660 1601 2696 supra
1618 2649 1644 2685 i.
1663 2651 1710 2688 26

232 2702 388 2747 (461A).
452 2702 545 2746 Hoc,
579 2703 623 2737 ut
654 2699 731 2737 iam
759 2700 906 2736 dictum
935 2701 1003 2742 est,
1033 2698 1179 2746 primus
1209 2698 1436 2744 scriptorum
1461 2696 1568 2733 cuius
1593 2707 1616 2734 o
1666 2709 1710 2735 ra

230 2749 354 2786 adhuc
375 2751 527 2787 exstant
547 2750 679 2784 narrat
706 2747 868 2784 Ioannes
890 2749 1032 2784 noster.
1081 2746 1138 2782 cf.
1163 2744 1338 2791 Gregorii
1363 2744 1480 2791 ipsius
1505 2708 1709 2792 epistolem

231 2797 468 2833 notissimam
485 2796 536 2833 xi.
554 2805 597 2842 54
612 2795 760 2843 (Migne
775 2797 816 2832 P.
827 2797 873 2831 L.
887 2794 1015 2830 lxxvii.
1032 2803 1132 2838 1171,
1149 2804 1162 2829 ι
1173 2803 1260 2838 172;
1285 2794 1337 2828 xi.
1354 2803 1398 2838 34
1412 2794 1462 2827 M.
1477 2793 1520 2829 G.
1531 2794 1593 2836 H„
1608 2793 1708 2839 Epp.

230 2843 272 2879 ii.
292 2845 377 2889 303)
394 2844 460 2880 ubi
483 2843 723 2881 Desiderium
743 2843 967 2890 episcopum
991 2841 1262 2887 Viennensem,
1287 2839 1377 2887 quia
1403 2852 1491 2877 eum
1515 2851 1708 2888 gramma-

230 2890 349 2928 ticam
366 2892 502 2930 docere
521 2892 623 2929 fama
639 2894 708 2938 est,
726 2891 975 2928 vehementer
990 2889 1175 2936 increpat.

343 2970 409 3006 370

1729 639 1749 679 5

1731 992 1772 1019 10

1731 1342 1771 1376 ¹⁵

1729 1695 1773 1721 20

1728 2044 1771 2079 τε
