1846 3262
132 193 205 232 821
222 190 254 231 d
586 188 791 233 IOANN
792 187 850 232 IS
891 187 1407 232 SARESBERIENSIS
1522 184 1637 246 [ΗΒ.
1650 198 1751 231 Vnt

266 311 381 362 dide,
401 311 511 368 quin
530 311 697 368 primos
718 310 906 354 honores
920 309 1086 353 habeas
1103 324 1112 362 ;
1142 311 1200 362 et,
1221 311 1274 352 ut
1293 309 1446 367 paucis
1465 309 1610 352 multa
1628 323 1746 353 com-

265 382 446 439 plectar,
467 382 575 439 quin
595 381 786 439 tempori
801 381 878 424 sed
894 383 940 424 et
959 380 1180 438 peruersis
1200 380 1411 431 moribus,
1433 382 1580 423 rectus
1594 381 1747 422 tmen

119 456 199 496 822
217 466 248 496 a
265 454 318 495 ut
339 467 385 495 es
405 452 510 509 ipse,
530 451 579 494 in
599 452 805 495 omnibus
835 466 1003 494 morem
1032 465 1162 508 geras
1192 452 1238 493 et
1266 450 1359 493 suis
1387 449 1618 493 lenociniis
1647 449 1748 492 irri-

265 522 444 565 dentem
465 521 652 565 irrideas
671 521 901 565 mundum.
961 521 1107 564 Maior
1129 520 1248 564 enim
1269 534 1315 563 es
1343 534 1479 577 quam
1505 522 1559 563 ut
1588 519 1749 563 debeas

264 594 345 634 aut
365 591 506 649 possis
528 591 648 648 (licet
672 591 763 634 iam
790 591 853 634 sic
873 590 1040 648 ceperit
1059 590 1241 647 multos)
1265 590 1364 647 capi
1384 589 1622 633 tendiculis
1643 589 1800 640 eius..5„

265 662 365 705 Rex
384 662 573 705 illustris
591 661 838 720 Anglorum
854 661 1078 704 Henricus
1099 660 1333 713 secundus,
1349 660 1573 703 maximus
1592 674 1750 718 regum

267 732 540 783 Britanniae,
561 732 600 775 si
620 732 763 775 initiis
783 733 1010 789 gestorum
1042 730 1183 774 fuerit
1212 730 1361 773 exitus
1391 730 1604 782 concolor,
1634 730 1752 774 circa

269 801 526 846 Garonnam
561 805 607 846 et
636 802 707 859 (ut
737 801 918 858 dicitur)
948 803 995 844 te
1025 803 1205 844 auctore
1234 801 1281 843 te
1311 800 1422 843 duce
1449 799 1674 852 fulminat,
1705 804 1752 844 et

269 873 473 916 Tolosam
506 872 627 916 felici
666 872 848 930 cingens
887 871 1115 915 obsidione
1154 885 1246 914 non
1284 869 1415 913 modo
1451 870 1751 914 Prouinciales

269 958 410 1000 usque
445 943 502 986 ad
537 943 773 986 Rodanum
811 945 858 986 et
897 942 1034 1000 Alpes
1072 941 1265 992 territat,
1297 940 1390 993 sed,
1424 940 1750 984 munitionibus
1771 955 1813 980 10

269 1013 433 1057 dirutis
452 1014 718 1071 populisque
738 1013 946 1064 subactis,
975 1012 1104 1070 quasi
1133 1011 1356 1055 uniuersis
1375 1025 1584 1069 praesens
1603 1011 1750 1054 immi-

269 1086 387 1135 neat,
416 1084 578 1127 timore
606 1083 829 1141 principes
859 1083 1086 1140 Hispanos
1120 1081 1342 1126 concussit
1375 1084 1422 1125 et
1451 1081 1613 1125 Gallos.
1695 1081 1753 1124 In

270 1154 412 1197 tantis
427 1168 575 1197 rerum
590 1153 861 1197 tumultibus
881 1167 1045 1210 quaeso
1065 1151 1239 1196 custodi
1260 1151 1561 1195 innocentiam
1581 1153 1627 1195 et
1646 1151 1752 1195 uide

271 1226 318 1266 et
337 1223 457 1267 dicta
477 1227 523 1267 et
543 1223 750 1281 praedica
770 1223 1066 1280 aequitatem3
1095 1236 1176 1266 nec
1195 1236 1345 1265 amore
1368 1236 1449 1265 nec
1463 1221 1576 1273 odio,
1592 1221 1753 1265 timore

224 1300 255 1338 b
273 1293 346 1336 uel
366 1308 443 1351 spe
463 1293 656 1336 declines
680 1308 708 1336 a
737 1293 814 1336 uia
839 1295 972 1336 recta.
1031 1291 1148 1335 Iusti
1177 1292 1296 1335 enim
1321 1291 1639 1334 hereditabunt
1661 1293 1752 1334 ter-
1772 1302 1811 1336 Ῑ5

273 1378 370 1406 ram
400 1366 457 1414 et,
477 1366 530 1406 ut
559 1363 827 1407 auctoritate
857 1364 1033 1406 constat
1064 1361 1298 1413 Altissimi,
1330 1376 1480 1405 semen
1511 1361 1752 1418 impiorum

270 1433 446 1491 peribit.
507 1432 557 1476 Si
577 1433 696 1483 haec,
717 1446 830 1489 quae
846 1431 931 1475 tibi
946 1431 1117 1475 sincera
1132 1431 1368 1474 deuotione
1381 1430 1536 1474 curaui
1548 1430 1751 1481 scribere,

270 1503 319 1546 in
338 1506 468 1546 tanto
486 1502 688 1546 tumultu
714 1502 859 1560 legere
889 1516 980 1544 non
1009 1504 1152 1552 uacat,
1173 1503 1265 1551 aut,
1291 1500 1398 1557 quia
1421 1499 1616 1557 insipida
1644 1504 1753 1544 sunt

270 1573 484 1624 sensibus,
503 1572 653 1616 uerbis
675 1572 857 1624 inculta,
879 1586 970 1614 non
998 1571 1200 1628 placent3
1228 1570 1302 1614 uel
1328 1570 1426 1628 ipsa
1454 1570 1634 1614 deuotio
1660 1585 1752 1614 non

269 1643 503 1701 displiceat
522 1657 635 1700 quae
655 1642 814 1686 honori
834 1645 914 1685 tuo
934 1641 1110 1684 studuit
1129 1641 1358 1684 inseruire.
1420 1640 1470 1684 Si
1490 1640 1752 1698 probaueris
1769 1655 1814 1679 πο

269 1715 577 1768 intentionem,
607 1713 957 1772 patrocinaberis
989 1713 1135 1771 operi3
1165 1713 1236 1755 sin
1271 1715 1434 1764 autem,
1467 1715 1522 1756 ut
1555 1713 1752 1757 uolueris

270 1785 634 1842 condempnetur.
694 1784 815 1838 Quid
850 1783 968 1827 enim
1009 1783 1068 1826 ad
1107 1783 1218 1826 alios
1257 1785 1310 1826 ut
1345 1797 1524 1826 seruum
1554 1783 1754 1828 iudicent

270 1880 294 1916 6
320 1878 388 1914 ii¹¹⁸
404 1878 484 1915 CB:
511 1878 541 1914 ii
559 1878 584 1914 S
728 1887 751 1923 9
775 1877 964 1914 tholosam
980 1875 1013 1912 A
1156 1886 1204 1912 20
1226 1876 1375 1913 studuit
1391 1878 1457 1913 tuo
1476 1875 1516 1912 S¹

319 1963 343 1998 6
367 1963 447 1997 Reoe
462 1962 536 1998 etc.
554 1972 672 2006 usque
690 1960 739 1996 ad
760 1960 884 1996 Gallos
900 1973 908 1996 ε
933 1958 1122 2005 excerpsit
1138 1958 1249 1995 Pauli
1265 1960 1317 1995 M.
1340 1960 1383 1995 G.
1401 1960 1462 2003 H„
1480 1960 1543 1996 SS.
1560 1958 1673 1995 xxvii.
1695 1968 1751 2006 51.

270 2011 292 2047 8
321 2011 556 2046 Garonnam:
582 2007 739 2044 fluvium
756 2018 869 2054 super
886 2019 1001 2053 quem
1017 2006 1092 2044 sita
1108 2009 1167 2043 est
1181 2007 1326 2044 Tolosa.
1485 2008 1695 2053 fulminat:
1718 2019 1754 2044 v.

272 2056 384 2105 Verg.
407 2058 533 2102 Georq.
550 2056 596 2093 iv.
616 2058 696 2103 561.
865 2066 888 2101 9
917 2057 1105 2091 Tolosam:
1132 2054 1181 2092 cf.
1199 2067 1311 2101 supra
1327 2054 1353 2091 i.
1371 2054 1467 2100 prol.
1488 2055 1572 2101 (388
1585 2055 1654 2100 D);
1679 2056 1753 2102 Ep.

276 2114 342 2152 145
363 2105 428 2152 (ad
444 2104 780 2141 Bartholomaeum
808 2103 1029 2150 episcopum
1055 2102 1333 2146 Exoniensem;
1358 2102 1490 2150 Migne
1511 2103 1553 2138 P.
1571 2104 1615 2139 L.
1632 2102 1754 2140 cxcix.

275 2164 367 2200 1343
399 2165 459 2200 ap.
486 2153 709 2197 Robertson‚
730 2153 924 2188 Materials
944 2154 1014 2196 for
1034 2153 1132 2188 Hist.
1158 2153 1203 2196 of
1219 2152 1359 2196 Becket,
1384 2163 1420 2187 v.
1447 2150 1551 2197 378);
1587 2152 1754 2198 Metaloy.

271 2201 321 2238 iv.
348 2212 393 2246 42
423 2206 506 2248 (945
524 2199 582 2246 A).
773 2201 1046 2236 Prouinciales:
1071 2198 1096 2234 i.
1109 2210 1140 2235 e.
1166 2199 1387 2235 habitantes
1411 2197 1643 2235 Comitatum
1667 2197 1756 2236 Pro-

271 2249 435 2293 uinciae,
454 2260 551 2295 quae
568 2248 671 2284 ultra
686 2247 914 2284 Rhodanum
930 2247 998 2284 sub
1016 2246 1178 2293 Alpibus
1194 2246 1357 2285 iacebat.
1504 2257 1548 2283 12
1569 2248 1757 2294 principes

272 2299 479 2343 Hispanos:
508 2295 719 2333 Henricum
743 2295 782 2330 II
808 2295 849 2331 in
875 2294 1121 2341 expeditione
1145 2294 1334 2331 Tolosana
1357 2294 1461 2331 inter
1483 2294 1578 2331 alios
1603 2296 1756 2331 secutus

273 2347 332 2382 est
351 2346 410 2392 (ut
426 2344 482 2381 ait
498 2344 605 2380 Will.
619 2343 665 2380 de
682 2342 919 2389 Novobmgo,
940 2343 997 2380 ed.
1010 2342 1180 2380 Howlett
1192 2355 1230 2390 p.
1247 2343 1329 2389 123)
1345 2354 1459 2379 comes
1470 2344 1756 2379 Barcinonensis

271 2395 337 2429 uir
361 2405 516 2438 maynus
543 2398 576 2428 et
598 2397 728 2438 potens
752 2404 816 2427 nec
839 2393 944 2437 infra
969 2403 1066 2436 reyes
1090 2392 1298 2436 consistens,
1321 2389 1477 2428 nomine
1505 2389 1754 2435 Raimundus,

271 2440 340 2487 qui
366 2440 448 2478 iure
472 2439 602 2476 uxoris
626 2451 715 2476 suae
732 2451 895 2487 regnum
911 2438 1175 2486 Arragonense
1191 2438 1338 2482 habuit,
1356 2438 1424 2475 sed
1440 2449 1504 2475 nee
1518 2450 1682 2485 unquam
1695 2439 1757 2474 uel

271 2501 338 2525 rex
369 2490 429 2524 uel
461 2491 539 2524 dux
571 2490 631 2523 sed
663 2499 777 2524 comes
807 2493 951 2523 tantum
983 2488 1268 2523 Barcinonensis
1299 2488 1484 2533 appellari
1513 2487 1641 2530 uoluit,
1675 2487 1758 2522 licet

271 2538 445 2573 ducatum
460 2537 688 2578 Prouinciam
707 2537 748 2571 id
764 2540 815 2571 est
829 2536 934 2571 illius
952 2536 1111 2581 reqionis
1133 2546 1225 2581 quae
1244 2536 1296 2570 sic
1317 2536 1456 2570 dicitur
1476 2539 1509 2570 et
1531 2546 1557 2570 a
1577 2535 1756 2571 Rhodano

272 2596 383 2631 usque
401 2586 449 2620 ad
464 2586 598 2620 Italiae
605 2586 704 2629 fines
720 2585 937 2627 extenditur,
950 2595 1028 2619 cum
1047 2594 1154 2628 reyno
1170 2584 1407 2628 Arraqonum
1421 2583 1618 2628 possideret
1635 2580 1754 2627 (ibid.,

273 2644 311 2679 p.
334 2643 375 2669 12
377 2641 398 2687 5
415 2644 424 2678 ;
451 2632 500 2668 cf.
516 2632 607 2668 Rob.
625 2631 673 2668 de
689 2630 902 2678 Torignei0‚
921 2631 978 2667 ed.
1000 2630 1171 2667 Howlett
1185 2642 1250 2677 pp.
1268 2640 1348 2673 200,
1373 2629 1474 2675 201).
1535 2629 1608 2666 Sed
1630 2640 1756 2666 comes

276 2680 499 2717 Provinciae
531 2691 611 2716 non
641 2679 878 2715 Raimundus
907 2677 988 2725 ipse
1014 2678 1080 2715 sed
1105 2677 1224 2715 frater
1253 2677 1334 2715 eius
1363 2679 1459 2714 natu
1486 2676 1614 2714 minor
1639 2676 1754 2724 patri,

275 2728 348 2811 qud
356 2726 1018 2812 coffitafiupa·illp'ngsDugziaglpxorils
1030 2727 1157 2784 dotem
1169 2726 1384 2811 aggeperat,
1399 2737 1433 2762 a.
1449 2735 1463 2762 1
1473 2735 1487 2762 1
1493 2724 1731 2810 {aggae-essi?
1744 2737 1755 2770 ;

274 2787 306 2811 v.
352 2787 372 2812 e
432 2787 473 2811 as
521 2787 617 2812 arie
667 2787 766 2811 ror
811 2787 828 2811 e
903 2786 1094 2817 ronooee,
1141 2783 1184 2810 .1
1263 2801 1272 2811 .
1431 2782 1446 2809 1
1624 2783 1677 2809 te
1720 2783 1753 2809 .:

273 2835 306 2859 v.
325 2823 385 2859 Pe.
405 2823 528 2860 xxxvi.
547 2833 605 2868 37.
745 2831 785 2869 15
812 2823 909 2859 Iusti
925 2824 996 2860 etc.
1011 2786 1076 2859 :9v.
1096 2785 1154 2859 Ιξὲ.
1173 2782 1297 2858 xxx⁵vi.
1316 2822 1374 2868 28,
1392 2783 1474 2868 29.3
1586 2830 1633 2858 22
1659 2821 1757 2866 Quia

273 2873 371 2907 enim
388 2873 461 2907 etc.
476 2884 484 2907 :
510 2883 543 2907 v.
562 2870 669 2907 Rom.
687 2869 760 2907 xiV.
778 2881 814 2916 4.

382 2935 451 2969 4²4
