1846 3262
73 234 159 275 ⁷04
178 234 204 266 c
558 220 822 265 IOANNIS
854 220 1374 266 SARESBERIENSIS
1509 219 1708 279 [mnan

335 342 441 386 Vrit
470 343 590 386 enim
620 342 797 399 fulgore
828 356 909 385 suo
940 341 1017 398 qui
1047 345 1320 400 praegrauat
1349 345 1470 387 artes

339 402 461 445 infra
491 417 537 445 se
567 401 763 459 positas3
796 401 1023 444 extinctus
1052 401 1281 444 amabitur
1310 401 1439 445 idem.

217 484 306 528 Sed
346 498 453 541 prae
499 483 657 526 ceteris
698 482 817 525 serui
865 482 1081 536 dominos,
1112 482 1337 539 praelatos
1378 483 1549 527 subditi
1588 484 1705 528 inse-

216 557 429 612 quuntur.
490 553 609 596 Nam
642 552 759 596 sicut
794 567 1040 604 seruorum,
1074 553 1140 595 ita
1174 556 1221 596 et
1251 553 1533 597 subditorum
1563 569 1706 612 genus

215 625 476 682 plerumque
493 624 730 680 querulum
747 626 815 666 est
831 626 877 666 et
897 626 978 666 aut
998 638 1044 666 se
1064 623 1232 667 iniuste
1252 624 1396 681 premi
1417 626 1499 667 aut
1519 624 1705 682 indigne
1727 637 1747 671 5

216 693 491 737 remunerari
523 693 674 736 studia
704 696 785 736 aut
815 692 959 736 officia
990 693 1106 736 male
1139 693 1450 737 administrari
1482 697 1706 738 causatur.

169 770 199 810 d
217 765 423 821 Raroque
454 763 656 806 inuenies
687 763 764 820 qui
795 761 844 804 in
874 762 1024 820 aliquo
1054 778 1145 806 non
1175 763 1385 807 detrahat
1418 764 1707 822 praesidenti,

215 834 300 877 etsi
344 833 574 877 interdum
622 832 773 875 omnia
819 835 939 875 recte
985 836 1213 890 gerantur.
1295 833 1499 878 Comicos
1546 834 1705 892 relege,

213 904 394 947 reuolue
415 903 621 961 tragicos,
636 902 857 945 familiam
879 902 973 946 fere
995 917 1169 960 semper
1188 903 1509 961 patrifamilias
1529 904 1704 948 uidebis

212 975 451 1033 ingratam.
513 973 577 1017 At
617 987 707 1016 non
748 973 880 1016 modo
919 973 968 1016 in
1008 974 1132 1017 curia
1173 974 1251 1018 sed
1291 975 1339 1017 in
1380 975 1509 1029 scola,
1541 975 1620 1019 sed
1654 975 1703 1019 in
1724 989 1768 1014 10

211 1045 419 1097 claustro,
440 1044 518 1088 sed
546 1044 594 1086 in
618 1043 828 1101 capitolio
856 1059 1025 1087 morem
1050 1044 1181 1096 hunc,
1206 1045 1246 1088 si
1277 1048 1429 1088 tamen
1459 1045 1704 1090 domestica

211 1116 328 1159 uitia
348 1118 454 1158 sunt
475 1114 674 1158 moribus
702 1114 1001 1171 aggreganda,
1022 1114 1256 1158 miraberis
1280 1116 1496 1173 optinere.
1561 1117 1703 1160 Vene-

212 1186 367 1229 rabilis
396 1188 526 1242 pater
551 1184 806 1227 Gilebertus
839 1184 1183 1228 Herefordensis
1209 1185 1440 1243 episcopus
1470 1186 1607 1230 michi
1634 1201 1702 1230 re-

212 1255 331 1299 ferre
371 1255 605 1299 consueuit
637 1254 946 1297 claustralium
982 1269 1151 1298 morem
1187 1270 1318 1312 quem
1355 1256 1403 1298 in
1439 1271 1485 1299 se
1521 1257 1618 1314 ipso
1653 1271 1701 1300 se

211 1326 443 1369 fatebatur
483 1327 732 1382 expertum.
794 1324 909 1369 Cum
950 1325 1069 1368 enim
1109 1325 1430 1368 monasterium
1471 1326 1699 1384 ingressus
1720 1341 1762 1377 15

211 1399 339 1447 esset,
386 1395 566 1439 feruens
616 1395 762 1438 adhuc
811 1395 916 1452 igne
967 1410 1099 1452 quem
1150 1395 1206 1438 de
1255 1410 1373 1439 nouo
1423 1399 1698 1454 conceperat,

211 1466 559 1524 magistratuum
582 1480 763 1508 suorum
785 1464 1012 1522 ignauiam
1028 1466 1256 1523 arguebat.
1318 1466 1413 1510 Nec
1429 1482 1554 1510 mora
1566 1481 1576 1520 3
1597 1483 1699 1525 pro-

211 1539 360 1580 motus
409 1536 459 1579 in
514 1535 699 1587 modico,
733 1535 1019 1579 miseratione
1073 1536 1355 1594 complicium
1406 1541 1555 1581 motus
1605 1542 1698 1593 est;

63 1612 146 1654 705
165 1615 195 1645 a
211 1607 411 1650 nondum
437 1609 589 1650 tamen
617 1606 815 1663 pepercit
841 1606 1095 1649 maioribus.
1157 1606 1296 1650 Paulo
1317 1610 1418 1664 post
1443 1608 1499 1651 ad
1527 1609 1698 1666 priores

211 1677 434 1730 ascendit3
475 1676 788 1733 prioribusque
828 1676 1114 1733 compatiens,
1154 1691 1334 1734 carpere
1373 1692 1464 1721 non
1504 1680 1697 1724 cessauit
1718 1694 1762 1719 πο

210 1748 410 1791 abbates.
454 1747 618 1790 Factus
634 1749 702 1789 est
718 1751 763 1789 et
779 1746 873 1804 ipse
890 1746 1049 1800 abbas;
1074 1750 1131 1798 et,
1144 1748 1367 1805 propitius
1383 1748 1431 1790 in
1447 1749 1696 1802 coabbates,

208 1818 515 1875 episcoporum
530 1816 677 1874 coepit
691 1816 807 1860 uitia
823 1817 1001 1860 intueri.
1062 1817 1261 1862 Tandem
1282 1821 1328 1862 et
1348 1818 1443 1876 ipse
1465 1819 1697 1878 episcopus

209 1944 244 1980 3,
260 1944 283 1979 4
308 1933 533 1970 insecuntur
549 1931 574 1968 S
722 1943 765 1970 12
791 1931 964 1970 obtinere
981 1931 1114 1969 OBSM
1259 1944 1303 1980 13
1330 1932 1376 1971 G.
1394 1933 1435 1970 M

262 2045 276 2070 1
311 2036 392 2070 Vrit
409 2036 504 2071 etc.·
529 2034 623 2070 Hor.
640 2034 715 2079 ΕΡ.
730 2031 772 2068 ii.
795 2042 825 2069 1.
850 2042 904 2078 13,
925 2042 981 2077 14.
1143 2043 1183 2071 11
1212 2035 1405 2080 capitolio·
1430 2033 1455 2072 i.
1470 2046 1503 2072 e.
1522 2047 1568 2073 ca
1596 2034 1696 2073 itulo

208 2082 513 2126 canonicorum3
547 2094 580 2118 v.
600 2081 661 2117 Du
679 2080 807 2136 Gange
824 2080 892 2116 sub
909 2092 988 2117 voc.
1100 2091 1142 2128 13
1169 2083 1391 2119 Gilebertue:
1418 2082 1443 2119 i.
1456 2094 1489 2120 e.
1507 2082 1551 2121 G.
1601 2083 1698 2122 oliot

208 2133 341 2186 postea
358 2130 558 2178 episcopus
569 2128 846 2166 Londoniensis
863 2130 903 2166 et
922 2128 956 2165 S.
972 2129 1142 2166 Thomae
1156 2129 1446 2168 Cantuariensis
1459 2132 1695 2170 adversarius

207 2178 446 2226 praecipuus,
467 2178 606 2225 dequo
624 2177 672 2215 cf.
691 2176 846 2214 Ioannis
862 2177 985 2213 nostri
1001 2179 1099 2224 ΕΡΡ.
1121 2188 1198 2222 140,
1221 2189 1297 2223 141,
1321 2188 1400 2226 175,
1424 2189 1502 2225 179,
1521 2182 1597 2227 183,
1615 2182 1695 2227 184,

209 2229 291 2273 228,
311 2238 391 2272 243,
410 2229 491 2273 289,
510 2237 589 2281 293,
609 2234 691 2272 295,
710 2237 790 2272 300,
810 2235 891 2271 302,
911 2236 992 2272 303.
1040 2226 1197 2262 Adeum
1209 2226 1396 2273 respicere
1408 2226 1562 2265 videtur
1577 2228 1695 2267 etiam

208 2255 310 2321 quo'd
342 2275 486 2322 legitur
517 2274 559 2310 in
587 2276 659 2321 ΕΡ.
694 2283 764 2319 304
793 2273 843 2310 ad
872 2273 1055 2310 Ioannem
1088 2273 1363 2312 Pictaviensem
1397 2275 1619 2323 episcopum
1647 2278 1695 2315 de

208 2322 247 2359 S.
265 2323 435 2360 Thomae
452 2322 659 2360 occisione:
684 2323 736 2358 Et
750 2324 903 2369 quidem,
918 2327 961 2358 ut
972 2324 1143 2367 creditur,
1156 2334 1275 2359 necem
1287 2325 1406 2369 ipsius
1417 2326 1636 2362 traditores.

205 2374 431 2408 sacerdotum
446 2383 636 2417 prmcvpes
642 2373 920 2418 formaverunt
945 2370 994 2407 cf.
1013 2369 1057 2406 G.
1075 2369 1119 2408 G.
1134 2349 1305 2418 Perryin
1321 2373 1417 2408 Dict.
1434 2374 1479 2418 of
1486 2373 1573 2409 Nat
1587 2374 1692 2420 Bioq.

206 2419 286 2456 xix.
301 2421 414 2466 360s.
425 2432 457 2455 v.
475 2418 610 2456 Foliot.
713 2427 753 2465 15
782 2420 1065 2454 monasterium:
1090 2430 1140 2455 sc.
1152 2418 1427 2462 Cluniaeense;
1445 2432 1477 2456 v.
1490 2419 1694 2466 epistolam

208 2467 385 2515 Hugonis
419 2466 681 2504 cluniacensis
714 2465 866 2503 abbatis
898 2466 948 2502 ad
977 2466 1195 2503 Gilbertum
1227 2466 1355 2514 ipsum
1388 2479 1450 2514 ap.
1480 2467 1694 2507 Robertson

206 2517 480 2562 Materialsfor
492 2517 590 2551 Hist.
609 2517 654 2562 of
671 2516 848 2551 Becketv.
869 2525 1002 2560 30seq.
1018 2527 1027 2557 3
1053 2514 1102 2551 cf.
1118 2516 1216 2550 Hist.
1243 2516 1344 2551 Mon.
1370 2517 1491 2552 Glouc.
1510 2517 1568 2554 ed.
1594 2518 1694 2555 Hart

205 2563 308 2601 i.18.
495 2573 541 2609 19
565 2565 615 2599 ad
637 2565 803 2609 priores.
829 2562 939 2599 Prior
955 2575 1004 2609 ap
1005 2562 1057 2598 ud.
1074 2561 1371 2600 Cluniacenses
1359 2575 1460 2609 1psos
1477 2563 1601 2601 factus
1622 2568 1692 2611 est,

206 2612 346 2649 deinde
370 2610 543 2648 Abbatis-
544 2611 668 2654 villae,
695 2612 740 2646 ut
765 2610 821 2647 ait
847 2610 889 2665 G.
909 2610 953 2647 G.
971 2610 1087 2657 Perry
1112 2610 1153 2647 in
1178 2612 1274 2647 Dict.
1295 2614 1340 2657 of
1356 2613 1442 2648 Nat.
1459 2613 1598 2658 Bioqr„
1616 2624 1692 2660 quo

204 2661 337 2697 tamen
353 2661 509 2696 auctore
526 2659 664 2702 nescio,
681 2657 786 2695 illius
799 2658 901 2695 enim
912 2658 1020 2694 nulla
1031 2658 1177 2695 mentio
1191 2658 1271 2696 est
1259 2671 1301 2695 m
1315 2658 1501 2707 Gatalogo
1514 2659 1690 2716 Priorum

206 2707 241 2744 S.
270 2707 374 2745 Petri
401 2707 575 2744 Abbatis-
578 2707 691 2744 villae
725 2718 837 2753 quem
867 2706 1048 2743 monachi
1077 2706 1396 2755 Congregationis
1427 2707 1451 2744 S
1489 2707 1615 2745 Mauri
1647 2708 1691 2746 in

208 2758 332 2792 Gallea
353 2756 566 2791 Christiana
586 2757 635 2799 (x.
656 2755 762 2801 1313)
785 2754 1103 2801 compilaverunt.
1249 2765 1290 2791 21
1319 2757 1450 2792 abbas:
1476 2755 1615 2793 Factus
1633 2759 1691 2794 est

204 2804 323 2840 abbas
347 2803 649 2840 Gloucestrensis
676 2815 742 2840 seu
770 2802 1032 2840 Glovernensis
1055 2814 1088 2839 a.
1116 2812 1229 2848 1139;
1253 2815 1286 2839 v.
1313 2805 1411 2840 Hist.
1432 2805 1535 2840 Mon.
1563 2805 1687 2841 Glouc.

203 2851 275 2888 loc.
294 2862 408 2897 supra
425 2850 490 2887 cit.
630 2862 675 2887 22
701 2853 910 2897 episcopus:
935 2850 995 2886 Ad
1012 2850 1138 2887 sedem
1157 2850 1477 2888 Herefordensem
1492 2854 1690 2899 promotus

203 2901 261 2937 est
280 2898 523 2936 Gilbertusa.
542 2901 659 2945 1148;
683 2911 716 2936 v.
735 2900 834 2936 Hist
849 2900 949 2936 Mon.
970 2899 1095 2936 Glouc.
1112 2898 1185 2936 loc.
1202 2910 1317 2946 supra
1333 2898 1401 2937 cit.

322 2967 391 3004 216
