1846 3262
163 194 266 228 cAP.
283 180 377 242 ΧΠ]
691 181 1135 227 POLICRATICVS
1669 185 1759 231 664
1779 194 1803 223 c

163 303 515 347 iurisdictionem
533 319 685 347 eorum
701 307 800 348 tota
819 305 1096 349 concesserit.
1155 304 1219 347 Vt
1240 303 1358 347 enim
1380 303 1563 361 quidam
1585 303 1652 347 ait

165 374 331 431 (uerbis
350 389 543 431 namque
563 375 849 418 manentibus
869 389 1031 418 nomen
1052 374 1235 433 excidit)
1251 391 1260 417 :

252 467 413 511 Garcio
443 468 630 525 quisque
661 468 773 511 duas
803 471 1042 526 postquam
1073 468 1158 511 scit
1187 468 1372 525 iungere
1402 470 1565 524 partes,

251 526 314 570 sic
344 530 448 578 stat,
479 527 541 570 sic
572 527 774 584 loquitur
803 527 930 571 uelut
961 542 1114 570 omnes
1143 527 1323 570 nouerit
1351 530 1485 570 artes.

124 640 143 674 5
162 624 230 668 De
259 625 498 683 generibus
528 629 574 669 et
607 626 837 683 speciebus
870 641 1035 669 nouam
1070 626 1201 669 affert
1235 626 1505 669 sententiam
1537 640 1651 683 quae

162 694 370 738 Boetium
401 695 548 747 latuit,
576 711 708 753 quam
744 696 902 740 doctus
927 697 1055 739 Plato
1087 696 1289 747 nesciuit,
1319 700 1365 739 et
1400 711 1535 753 quam
1565 696 1652 739 iste

161 764 282 809 felici
312 769 431 809 sorte
462 766 510 808 in
540 767 720 810 secretis
741 766 990 810 Aristotilis
1019 781 1163 823 nuper
1192 766 1381 810 inuenit.
1442 766 1650 809 Veterem

160 839 348 893 paratus
379 839 446 879 est
476 836 648 879 soluere
679 837 985 893 quaestionem
1016 837 1064 879 in
1095 852 1185 893 qua
1214 837 1422 880 laborans
1454 836 1651 879 mundus

161 905 251 948 iam
272 906 434 959 senuit,
454 907 502 948 in
523 921 613 963 qua
632 906 734 963 plus
754 907 969 964 temporis
996 910 1311 964 consumptum
1339 910 1408 950 est
1438 922 1573 964 quam
1602 906 1650 949 in

102 994 146 1018 10
161 975 439 1033 adquirendo
459 980 506 1019 et
526 976 719 1034 regendo
751 976 871 1019 orbis
899 977 1086 1034 imperio
1114 977 1439 1034 consumpserit
1460 976 1651 1020 Cesarea

161 1046 331 1097 domus,
345 1046 447 1103 plus
467 1046 655 1089 effusum
675 1047 890 1103 pecuniae
910 1061 1045 1103 quam
1065 1047 1114 1089 in
1134 1047 1341 1089 omnibus
1361 1047 1535 1090 diuitiis
1556 1047 1649 1089 suis

159 1115 407 1174 possederit
423 1115 598 1160 Cresus.
642 1116 766 1159 Haec
782 1116 901 1159 enim
917 1119 1012 1159 tam
1029 1116 1108 1159 diu
1122 1115 1289 1160 inultos
1304 1117 1453 1160 tenuit
1469 1120 1533 1167 ut,
1545 1131 1647 1160 cum
1664 1116 1694 1156 d

159 1186 243 1230 hoc
271 1201 413 1229 unum
443 1186 492 1228 in
522 1188 621 1229 tota
650 1186 748 1229 uita
778 1190 1055 1243 quaererent,
1087 1187 1270 1230 tandem
1300 1201 1381 1230 nec
1412 1186 1535 1230 istud
1567 1202 1649 1230 nec

159 1255 284 1299 aliud
302 1256 584 1309 inuenirent;
625 1258 671 1300 et
695 1256 813 1300 forte
833 1257 933 1300 ideo
955 1257 1061 1314 quia
1080 1257 1332 1300 curiositati
1352 1272 1443 1300 non
1463 1257 1650 1300 sufficie-

101 1342 140 1378 15
159 1326 239 1370 bat
258 1326 307 1369 in
327 1327 391 1370 eis
412 1326 532 1384 quod
552 1327 696 1370 solum
712 1327 863 1384 potuit
878 1327 1086 1371 inueniri.
1148 1327 1280 1378 Nam,
1296 1327 1413 1371 sicut
1427 1327 1475 1369 in
1491 1327 1653 1370 umbra

158 1396 398 1440 cuiuslibet
429 1397 626 1454 corporis
654 1397 826 1440 frustra
856 1398 1099 1441 soliditatis
1123 1398 1379 1441 substantia
1406 1398 1650 1455 quaeritur,

158 1467 222 1511 sic
241 1467 290 1510 in
310 1467 382 1510 his
407 1482 522 1524 quae
550 1467 855 1526 intelligibilia
875 1471 983 1511 sunt
1006 1468 1248 1511 dumtaxat
1268 1471 1314 1511 et
1333 1463 1652 1511 uniuersaliter

158 1537 331 1595 concipi
374 1552 455 1581 nec
502 1541 655 1581 tamen
702 1538 1021 1582 uniuersaliter
1067 1553 1161 1582 esse
1205 1542 1388 1596 queunt,
1427 1538 1651 1582 solidioris

159 1608 427 1651 existentiae
442 1609 697 1652 substantia
711 1623 995 1666 nequaquam
1011 1609 1256 1653 inuenitur.
1315 1609 1372 1652 In
1392 1609 1463 1652 his
1484 1612 1651 1652 etatem

101 1698 144 1723 ao
161 1681 305 1722 terere
343 1678 483 1733 nichil
523 1679 699 1737 agentis
739 1682 786 1722 et
825 1679 998 1722 frustra
1037 1679 1285 1723 laborantis
1325 1683 1416 1732 est;
1461 1679 1652 1723 nebulae

159 1748 379 1806 siquidem
401 1752 508 1792 sunt
529 1765 679 1793 rerum
700 1749 932 1808 fugacium
953 1753 1010 1801 et,
1030 1765 1132 1794 cum
1154 1754 1436 1808 quaeruntur
1459 1750 1651 1801 auidius,

157 1819 292 1862 citius
316 1823 602 1863 euanescunt.
663 1820 925 1878 Expediunt
949 1821 1064 1864 hanc
1092 1825 1297 1864 auctores
1323 1821 1481 1864 multis
1505 1821 1650 1864 modis

156 1889 384 1947 uariisque
404 1890 683 1934 sermonibus
704 1894 762 1944 et,
781 1891 890 1934 dum
911 1891 1221 1934 indifferenter
1249 1891 1401 1934 uerbis
1427 1891 1498 1934 usi
1529 1894 1648 1941 sunt,

157 1960 308 2003 uarias
338 1960 569 2018 opiniones
599 1961 775 2004 munire
807 1962 896 2005 uisi
932 1965 1040 2005 sunt
1072 1965 1118 2005 et
1149 1961 1359 2020 litigiosis
1391 1961 1648 2005 hominibus

99 2047 140 2082 25
157 2030 348 2073 multam
372 2031 670 2074 contendendi
695 2032 932 2075 materiam
957 2032 1247 2089 reliquerunt.
1294 2032 1406 2075 Inde
1427 2035 1495 2075 est
1516 2031 1647 2089 quod,
1665 2036 1752 2086 665
1772 2047 1802 2076 a

157 2101 443 2144 sensibilibus
463 2101 651 2159 aliisque
666 2102 972 2160 singularibus
987 2102 1290 2160 apprehensis,
1306 2102 1518 2159 quoniam
1539 2102 1647 2146 haec

156 2170 252 2214 sola
271 2172 492 2215 ueraciter
515 2187 610 2215 esse
637 2172 861 2223 dicuntur,
882 2187 935 2215 ea
958 2172 1006 2215 in
1031 2173 1234 2216 diuersos
1255 2175 1402 2215 status
1423 2173 1648 2224 subuehit,

156 2254 239 2298 pro
278 2255 469 2298 quorum
510 2241 684 2285 ratione
724 2242 773 2284 in
817 2241 927 2299 ipsis
979 2242 1283 2300 singularibus
1331 2242 1649 2299 specialissima

156 2312 580 2370 generalissimaque
612 2312 860 2357 constituit.
937 2312 1057 2356 Sunt
1092 2313 1170 2370 qui
1205 2327 1327 2355 more
1363 2313 1648 2356 mathemati-

97 2399 140 2433 30
157 2397 311 2426 corum
338 2382 507 2426 formas
537 2383 818 2435 abstrahunt,
844 2386 891 2427 et
915 2383 974 2426 ad
1004 2383 1105 2426 illas
1135 2383 1349 2440 quiequid
1382 2383 1436 2426 de
1467 2383 1648 2427 uniuer-

160 2519 176 2546 1
205 2508 268 2593 aig
281 2508 436 2555 quidam
454 2507 522 2545 SM
697 2517 716 2556 5
742 2508 939 2556 speciebus
957 2510 998 2546 et
1014 2508 1219 2557 generibus
1235 2509 1269 2546 A
1445 2511 1488 2547 18
1514 2512 1647 2549 tamen

155 2569 224 2595 om.

206 2679 228 2715 3
258 2669 415 2705 Gar-cio:
443 2667 499 2704 De
527 2667 601 2704 hoc
626 2666 810 2704 vocabulo
839 2680 871 2704 v.
899 2666 1084 2714 Ducange
1112 2667 1182 2704 sub
1207 2679 1287 2704 voc.
1316 2666 1398 2712 (ubi
1423 2669 1556 2705 tamen
1579 2668 1646 2707 hic

157 2716 264 2754 locus
281 2716 381 2752 male
399 2728 423 2752 a
438 2717 571 2752 Polior.
588 2715 636 2752 iv.
657 2727 670 2753 1
681 2726 702 2752 2
721 2715 901 2761 citatur);
926 2715 1020 2752 hinc
1034 2728 1169 2764 yarfon
1180 2716 1328 2753 habent
1342 2715 1443 2753 Galli
1457 2716 1647 2755 hodierni.

162 2775 204 2812 15
231 2767 274 2801 in
297 2766 370 2801 eis:
402 2763 428 2799 i.
445 2776 478 2801 e.
501 2762 543 2800 in
563 2762 765 2810 generibus
788 2765 829 2801 et
853 2763 1066 2810 speciebus.
1116 2763 1203 2801 Non
1225 2775 1320 2811 opus
1342 2766 1400 2801 est
1422 2764 1647 2803 coniectura

157 2814 346 2849 inuenisse
370 2824 484 2858 quam
510 2812 630 2848 refert
662 2811 1035 2848 Schaarschmidtius
1065 2813 1144 2848 Ioh.
1170 2813 1351 2849 Saresber.
1377 2824 1414 2860 p.
1439 2823 1522 2860 314,
1548 2826 1586 2851 n.
1611 2825 1646 2852 2.

157 2862 268 2907 Nam,
285 2863 380 2898 sicut
397 2862 471 2897 ete.
487 2873 495 2897 :
522 2859 619 2897 Cum
635 2859 883 2906 sequentibus
900 2859 948 2898 cf.
966 2861 1091 2897 Metal.
1108 2859 1149 2897 ii.
1173 2869 1228 2907 17,
1246 2871 1304 2897 20.

1471 2943 1534 2977 ¹41
