1846 3262
41 206 131 254 629
151 212 182 244 a
534 198 797 244 IOANNIS
839 195 1362 241 SARESBERIENSIS
1509 193 1620 256 [Lm.
1635 205 1698 239 vr

196 324 461 369 excellentia
481 322 654 380 capitis,
670 321 776 379 quia
797 320 845 363 in
873 334 925 363 eo
945 318 1087 362 totius
1111 318 1309 375 corporis
1330 318 1536 362 consistit
1556 318 1689 361 salus.

195 396 341 439 Varro
381 395 430 437 in
469 394 610 437 satira
649 407 763 450 quae
803 391 1012 448 Manipea
1051 389 1315 433 inscribitur
1353 391 1400 432 et
1444 389 1499 432 de
1546 389 1690 432 officio

196 464 473 509 matrimonii
488 463 700 507 instituta
716 465 794 513 est,
811 461 898 504 ait:
919 461 1095 503 Vitium
1116 459 1319 517 coniugis
1339 467 1421 502 aut
1439 459 1691 502 tollendum

198 540 267 580 est
301 539 383 578 aut
417 534 664 578 ferendum.
725 533 814 586 Qui
845 532 965 575 tollit
996 532 1174 582 uitium,
1204 530 1548 574 commodiorem
1583 545 1689 574 con-

198 607 349 665 iugem
382 607 606 663 praestat3
652 604 729 661 qui
766 604 867 654 fert,
900 603 1095 660 seipsum
1131 601 1267 645 efficit
1301 601 1542 644 meliorem.
1616 600 1691 644 Sic
1711 614 1730 650 5

199 676 431 736 principiis
465 679 511 719 et
542 675 843 718 subiectorum
876 674 991 717 uitia
1023 676 1104 716 aut
1137 672 1324 716 ferenda
1356 674 1464 715 sunt
1495 674 1576 714 aut
1605 670 1691 714 tol·

151 754 182 792 b
199 748 355 799 lenda3
397 747 557 790 horum
594 746 758 803 quippe
791 744 1094 788 confederatio
1129 745 1339 787 affectum
1379 741 1578 800 coniugii
1610 743 1693 785 aut

200 820 365 875 aequat
385 819 465 860 aut
485 816 725 874 praecedit.
788 815 876 859 Sed
902 818 948 858 et
971 815 1070 873 ipsa
1090 814 1306 858 Varronis
1334 813 1474 856 uerba
1490 812 1618 869 fewe
1645 815 1693 855 et

198 889 349 932 tollere
369 887 516 944 lepide
537 886 717 944 quidem
744 886 990 943 composita
1009 889 1127 929 sunt.
1186 885 1391 942 Apparet
1410 887 1562 927 autem
1585 882 1693 941 quia

199 958 387 1001 tollendi
408 973 570 1001 nomen
590 956 876 1001 correctionis
891 958 959 999 est
975 959 1094 999 nota.
1155 954 1347 999 Constat
1367 954 1573 1012 equidem
1595 953 1692 998 eius
1712 967 1755 991 10

201 1045 296 1073 esse
329 1028 598 1072 sententiam
631 1030 684 1070 ut
725 1027 901 1070 feratur
941 1027 1059 1084 quod
1100 1026 1199 1070 tolli
1240 1041 1331 1070 non
1371 1028 1531 1083 potest.
1593 1025 1693 1069 Hoc

201 1103 355 1143 tamen
371 1099 515 1142 fidelis
531 1098 669 1142 adicit
689 1098 1002 1155 interpretatio
1018 1101 1072 1140 ut
1087 1097 1252 1140 uitium
1268 1096 1553 1154 intelligatur
1573 1095 1694 1153 quod

202 1171 388 1213 honeste
431 1169 541 1212 ferri
584 1171 734 1226 potest
776 1170 823 1211 et
866 1167 1080 1226 religione
1120 1167 1344 1211 incolumi.
1404 1167 1530 1210 Vitia
1573 1166 1694 1210 enim

201 1240 388 1298 flagitiis
407 1240 578 1283 leuiora
597 1241 727 1291 sunt;
759 1241 805 1282 et
834 1242 941 1282 sunt
967 1238 1185 1282 nonnulla
1205 1252 1319 1295 quae
1346 1253 1436 1281 non
1457 1236 1568 1280 ferri
1589 1237 1694 1280 licet

203 1314 284 1353 aut
304 1325 418 1367 quae
438 1309 632 1353 fideliter
647 1308 755 1352 ferri
772 1324 862 1352 non
877 1312 1076 1367 possunt.
1136 1309 1207 1352 Ex
1227 1323 1362 1352 causa
1382 1307 1694 1351 fornicationis
1715 1324 1754 1358 15

203 1381 390 1424 licenter
409 1379 598 1423 diuertit
617 1379 814 1422 coniunx
841 1395 868 1422 a
893 1379 1092 1437 coniuge,
1114 1381 1160 1422 et
1185 1379 1448 1436 plerumque
1474 1381 1694 1436 patronus

205 1453 273 1494 est
303 1450 600 1507 turpitudinis
631 1449 709 1507 qui
739 1450 908 1493 crimen
938 1450 1053 1494 celat
1083 1450 1248 1493 uxoris.
1309 1450 1422 1492 Inde
1454 1451 1523 1493 est
1552 1448 1694 1492 forte:

164 1536 189 1566 c
207 1520 295 1574 Qui
317 1520 568 1563 adulteram
594 1520 771 1571 retinet,
792 1520 960 1563 stultus
987 1522 1033 1563 et
1059 1521 1225 1578 impius
1253 1524 1333 1565 est,
1394 1520 1518 1563 Haec
1541 1522 1695 1562 autem

205 1592 254 1634 in
287 1590 462 1634 mechia
495 1590 714 1648 corporali
750 1593 796 1633 et
827 1591 1053 1648 spirituali
1090 1591 1209 1648 quod
1248 1591 1307 1634 ad
1342 1590 1514 1648 aliquid
1554 1605 1695 1648 aeque

205 1661 423 1711 obtinent,
439 1660 523 1703 etsi
539 1660 733 1703 deterior
747 1660 808 1703 sit
823 1661 1071 1718 spiritualis
1090 1665 1135 1704 et
1150 1661 1394 1705 studiosius
1415 1660 1693 1704 declinanda.
1715 1677 1758 1700 πο

206 1731 426 1775 Similiter
450 1736 496 1774 et
522 1731 571 1773 in
598 1731 899 1774 membrorum
928 1732 1189 1789 compagine
1209 1720 1384 1775 ferendi
1406 1734 1487 1775 aut
1506 1731 1695 1775 tollendi

205 1801 420 1844 Varronis
441 1802 509 1844 est
529 1801 685 1858 regula
706 1801 997 1845 admittenda.
1058 1802 1177 1844 Nam
1198 1802 1308 1859 quin
1328 1802 1530 1845 membra
1548 1801 1698 1846 curari

207 1873 413 1929 oporteat
432 1886 563 1914 nemo
583 1871 774 1928 ambigit
800 1871 896 1915 siue
920 1872 968 1914 in
994 1871 1194 1916 fomento
1217 1872 1302 1916 olei
1323 1873 1419 1916 siue
1439 1873 1487 1915 in
1507 1873 1696 1916 austeri-

207 1945 302 1986 tate
333 1942 430 1984 uini
466 1941 586 1998 quod
617 1941 930 1987 Samaritanus
963 1941 1178 1994 infundit,
1208 1943 1447 1987 uulnerato
1482 1943 1696 2001 procedat

206 2027 327 2057 cura.
387 2012 518 2065 Quod
533 2015 684 2055 autem
701 2012 899 2055 tollenda
913 2012 1016 2064 sint,
1033 2028 1089 2056 ex
1110 2028 1161 2057 eo
1176 2014 1319 2071 liquet
1339 2014 1459 2072 quod
1478 2015 1696 2072 scriptum
1716 2029 1757 2062 25

207 2084 298 2125 est:
329 2082 379 2126 Si
400 2082 553 2126 oculus
567 2083 641 2125 uel
661 2098 739 2141 pes
754 2086 860 2126 tuus
875 2083 1149 2127 scandalizat
1168 2086 1226 2135 te,
1242 2099 1347 2128 erue
1363 2099 1465 2127 eum
1482 2087 1528 2128 et
1547 2085 1697 2143 proice

209 2227 256 2253 20
281 2216 464 2264 optinent
480 2217 514 2253 A

259 2356 281 2381 2
311 2346 431 2382 Varro
447 2346 520 2382 etc.
539 2357 548 2382 ε
574 2358 607 2383 v.
624 2343 720 2382 Gen.
735 2344 762 2382 i.
785 2354 827 2390 17
845 2343 864 2392 ξ
881 2355 917 2390 4.
1101 2348 1122 2383 8
1147 2347 1219 2383 Sed
1234 2352 1268 2383 et
1283 2350 1367 2394 ipsa
1384 2349 1480 2385 etc.:
1504 2360 1536 2385 ν.
1557 2347 1652 2386 Gell.
1671 2348 1699 2385 i.

214 2402 256 2437 17
277 2392 319 2440 §§
342 2402 374 2440 5,
391 2395 426 2431 6.
598 2403 640 2430 12
667 2395 939 2440 interpretatio:
965 2406 1015 2430 sc.
1034 2393 1160 2431 Gellii.
1336 2406 1388 2442 13,
1413 2407 1455 2441 14
1486 2398 1585 2432 Vitia
1603 2399 1702 2434 enim

204 2443 368 2487 flayitiis
383 2443 525 2478 leuiora
540 2448 647 2478 sunt:
673 2442 790 2478 verba
807 2440 935 2478 Gellii.
1087 2452 1127 2489 15
1154 2445 1218 2479 Ex
1234 2456 1346 2480 causa
1363 2446 1435 2481 etc.
1450 2457 1458 2481 ε
1484 2457 1517 2481 v.
1536 2445 1649 2483 Matt.
1666 2459 1701 2483 v.

212 2500 269 2535 32,
288 2488 364 2526 xix.
384 2500 416 2536 9.
552 2491 594 2526 16
615 2495 798 2536 patronus
814 2492 908 2527 etc.:
934 2489 1040 2526 Grat.
1059 2492 1197 2528 Decret.
1212 2491 1242 2527 Ι.
1255 2492 1370 2528 xxxii.
1393 2504 1424 2529 1.
1442 2505 1473 2530 c.
1497 2504 1511 2530 1
1533 2493 1700 2538 (Friedb.

210 2537 236 2574 i.
267 2537 374 2584 1115)
403 2548 452 2575 ex
479 2539 542 2584 Op.
569 2539 724 2584 Imperf.
749 2540 791 2574 in
816 2540 947 2574 Matth.
975 2538 1110 2575 Ioanni
1136 2539 1403 2587 chrysostomo
1429 2553 1453 2578 a
1475 2541 1595 2579 medii
1617 2542 1701 2580 aevi

211 2585 431 2622 auctoribus
449 2585 630 2622 attributi
645 2586 747 2622 hom.
770 2586 887 2622 xxxii.
910 2586 1060 2633 (Migne
1077 2589 1214 2624 Patrol.
1237 2589 1364 2625 Graec.
1383 2589 1446 2626 lvi.
1465 2591 1550 2635 802)
1566 2603 1575 2626 :
1599 2592 1704 2627 Sicut

213 2636 371 2670 crudelis
395 2640 427 2670 et
447 2636 598 2681 iniquus
619 2640 671 2671 est
691 2637 756 2681 qui
779 2640 917 2671 castam
941 2636 1103 2679 dimittit,
1121 2638 1173 2672 sic
1188 2638 1326 2683 fatuus
1349 2643 1400 2673 est
1424 2643 1457 2674 et
1480 2640 1616 2675 stultus
1639 2641 1703 2686 qui

213 2684 345 2717 retinet
370 2685 600 2718 meretricem.
664 2684 850 2719 Patronus
875 2684 972 2718 enim
1000 2686 1245 2730 turpitudinis
1271 2691 1321 2721 est
1344 2688 1410 2732 qui
1442 2688 1532 2722 celat
1565 2690 1704 2724 crimen

213 2732 351 2765 uxoris.
497 2741 542 2777 23
567 2732 646 2767 siue
661 2733 703 2766 in
710 2732 876 2777 fomento
893 2733 965 2767 etc.
981 2744 989 2767 :
1015 2743 1048 2767 v.
1067 2731 1157 2769 Luc.
1175 2744 1212 2769 x.
1231 2744 1286 2779 33,
1306 2745 1350 2779 34
1367 2747 1376 2780 3
1403 2734 1451 2771 cf.
1469 2734 1575 2782 Orig.
1592 2737 1700 2772 Hom.

213 2779 255 2812 in
273 2779 412 2814 Ducam
429 2778 553 2815 xxxiv.
567 2779 615 2815 ab
630 2778 788 2816 Hieron.
802 2779 886 2815 Lat.
897 2791 991 2815 vers.
1005 2779 1155 2826 (Migne
1168 2782 1209 2817 P.
1221 2783 1266 2819 L.
1278 2782 1376 2819 xxvi.
1393 2783 1477 2830 293)
1494 2796 1503 2830 ;
1528 2784 1704 2820 Ambros.

213 2826 353 2871 Expos.
372 2828 510 2870 Evany.
527 2839 592 2864 sec.
610 2829 698 2864 Luc.
715 2827 779 2865 vii.
798 2826 815 2874 ξ
836 2836 880 2874 75
900 2826 1052 2875 (Migne
1074 2830 1116 2865 P.
1133 2830 1180 2865 L.
1198 2841 1255 2866 xv.
1278 2832 1396 2878 1718).
1589 2834 1636 2870 26
1660 2835 1703 2870 Si

213 2875 338 2910 oculus
354 2877 450 2911 etc.:
478 2874 593 2913 Matt.
611 2874 715 2912 xviii.
734 2886 767 2922 9.

258 2947 371 2996 ,78
