1846 3262
109 211 191 261 768
212 211 241 251 b
588 211 849 256 IOANNIS
891 211 1408 256 SARESBERIENSIS
1509 211 1624 269 [Lm.
1638 221 1732 254 V111

215 389 244 427 b
264 381 371 440 Cap.
395 396 459 435 14.
491 382 621 437 Quod
641 382 788 426 nichil
815 383 878 426 ad
906 382 1106 439 9loriam
1127 382 1417 439 fructuosius
1442 386 1502 426 est
1532 382 1669 427 laude
1694 384 1734 425 et

367 452 539 508 fauore
583 452 808 497 bonorum
847 457 886 496 et
926 453 1127 496 maoeime
1166 452 1445 508 scriptorum
1456 466 1474 504 ;
1524 456 1564 496 et
1612 451 1733 509 quod

378 523 597 578 turpium
615 523 936 579 familiaritas
961 537 1060 566 non
1089 526 1187 566 tam
1211 522 1389 578 prodest
1418 536 1560 578 quam
1586 521 1699 566 obest
1714 539 1733 571 ;

378 596 418 635 et
439 590 560 648 quod
579 606 677 635 uno
698 591 938 648 benefacto
959 592 1032 636 uel
1053 591 1175 636 dicto
1193 592 1347 649 9loria
1361 595 1671 649 propayatur.

318 683 515 726 Interest
553 698 659 727 sane
703 683 822 727 inter
870 684 1163 741 cupiditatem
1207 684 1375 742 gloriae
1424 684 1645 727 humanae
1689 686 1735 727 et
1755 699 1774 734 5

260 753 521 810 cupiditatis
560 753 776 796 ardorem.
855 753 987 805 Nam,
1033 754 1137 798 licet
1176 754 1394 811 procliues
1434 752 1526 796 sint
1565 755 1619 796 ut
1657 753 1735 810 qui

263 823 460 866 humana
479 823 621 881 gloria
635 823 824 866 nimium
841 823 1130 875 delectantur,
1145 824 1281 867 etiam
1295 822 1514 866 dominari
1528 822 1738 866 ardenter

263 893 484 943 affectent,
528 895 679 935 tamen
726 892 803 950 qui
843 907 1009 945 ueram,
1048 894 1152 937 licet
1198 893 1497 948 humanarum
1540 892 1736 943 laudum,

263 962 452 1020 gloriam
479 963 807 1020 concupiscunt,
827 962 938 1006 dant
967 978 1147 1021 operam
1177 963 1289 1007 bene
1317 963 1619 1007 iudicantibus
1644 977 1735 1006 non

265 1033 506 1091 displicere.
570 1033 727 1076 Refert
747 1033 865 1076 enim
886 1033 1129 1091 plurimum
1150 1033 1251 1091 quis
1270 1033 1341 1077 cui
1357 1036 1403 1077 et
1417 1032 1535 1076 unde
1549 1032 1734 1090 placeat.
1757 1050 1800 1074 10

265 1103 360 1148 Nec
390 1107 460 1147 est
496 1104 554 1147 ab
586 1119 637 1148 eo
666 1104 840 1146 laudari
870 1103 1112 1162 gloriosum
1142 1104 1268 1147 cuius
1297 1102 1582 1146 familiaritas
1611 1102 1737 1160 igno-

264 1174 449 1216 miniam
481 1173 661 1217 redolet.
732 1173 851 1216 Laus
884 1173 1018 1217 unius
1049 1173 1237 1217 studiosi
1271 1172 1426 1216 multis
1463 1171 1654 1230 profecit
1692 1174 1739 1216 et

266 1243 440 1287 suffecit
471 1243 528 1286 ad
559 1243 771 1301 gloriam3
812 1246 858 1286 et
876 1243 1120 1287 multorum
1155 1258 1285 1300 saepe
1319 1241 1642 1286 commendatio
1671 1241 1738 1284 in-

226 1325 250 1355 c
267 1313 451 1356 famiam
471 1313 654 1370 peperit.
716 1312 771 1355 In
787 1311 1019 1356 rethoricis
1039 1313 1160 1357 locus
1181 1316 1249 1356 est
1268 1312 1450 1356 celebris
1470 1326 1498 1354 a
1515 1311 1736 1362 conuictu,

266 1398 527 1440 morumque
565 1383 904 1426 similitudinem
944 1382 1123 1434 indicat,
1155 1385 1201 1426 et
1242 1382 1301 1425 ab
1341 1396 1393 1425 ea
1431 1381 1652 1424 amicitiae
1692 1384 1738 1424 et
1759 1400 1773 1424 x
1779 1400 1798 1435 5

265 1453 660 1497 commendationis
705 1467 887 1496 manare
936 1452 1153 1510 originem
1202 1466 1333 1510 saepe
1382 1451 1632 1509 proditum‘
1658 1454 1736 1495 est.

266 1523 395 1575 Nolo,
426 1523 574 1580 inquit
606 1523 793 1580 sapiens,
827 1523 884 1566 ab
927 1522 998 1565 his
1037 1522 1211 1565 laudari
1253 1536 1442 1579 quorum
1480 1521 1578 1564 laus
1618 1521 1738 1564 uitu-

265 1593 439 1651 perium
475 1596 553 1643 est,
583 1608 664 1636 nec
693 1593 751 1635 ab
781 1593 851 1635 his
880 1592 1050 1649 culpari
1081 1606 1237 1635 uereor
1266 1605 1455 1648 quorum
1485 1590 1738 1634 criminatio

266 1664 364 1707 laus
385 1667 464 1707 est.
525 1662 638 1707 Cum
661 1678 765 1721 ergo
785 1662 1034 1713 histriones,
1054 1661 1190 1713 mimi,
1211 1661 1397 1718 parasiti
1417 1663 1463 1704 et
1483 1660 1739 1703 huiusmodi

266 1733 461 1791 ineptiae
481 1733 723 1784 hominum,
743 1733 791 1775 ni
819 1732 890 1776 cui
918 1732 1062 1775 indice
1083 1731 1180 1774 uita
1199 1731 1505 1783 laudabilium,
1532 1730 1736 1788 probent,
1759 1750 1801 1774 πο

266 1818 414 1847 nonne
437 1803 694 1860 perspicuae
721 1802 1011 1860 desipientiae
1038 1804 1106 1845 est
1135 1801 1326 1852 illorum,
1345 1803 1398 1843 ut
1427 1799 1528 1858 quis
1552 1799 1737 1858 fulgeat,

267 1873 480 1931 aucupari
521 1872 722 1916 fauorem
767 1872 844 1930 qui
891 1872 1095 1915 sordibus
1135 1870 1268 1914 obsiti
1306 1873 1415 1914 sunt
1453 1872 1499 1913 et
1544 1884 1733 1927 quorum

268 1943 417 2002 gratia
450 1942 537 1986 nisi
571 1957 651 2000 per
681 1942 834 2000 turpia
871 1941 1049 1999 adquiri
1089 1956 1179 1984 non
1218 1941 1398 1998 potest'ss
1470 1939 1723 1983 Huiusmod

268 2013 479 2056 monstris
511 2012 742 2055 hominum
770 2011 1093 2069 amplissimum
1122 2010 1441 2068 patrimonium
1472 2009 1668 2067 Pompeii
1695 2011 1742 2052 et

269 2083 363 2127 fere
383 2083 523 2126 totius
552 2082 672 2126 orbis
698 2097 803 2140 opes
829 2082 1020 2126 contulit
1047 2081 1224 2124 Marcus
1244 2080 1492 2133 Antonium
1521 2082 1568 2123 et
1587 2082 1739 2123 tamen
1761 2099 1802 2135 ²5

269 2168 421 2197 eorum
453 2152 698 2210 praeconiis
731 2167 822 2195 non
853 2152 1066 2202 clarescit,
1101 2151 1178 2194 sed
1210 2166 1261 2194 eo
1298 2149 1516 2194 sordidior
1549 2149 1742 2193 occurrit

223 2220 250 2260 d
268 2222 532 2281 posteritati.
592 2222 641 2265 Si
661 2221 795 2265 unius
814 2222 1038 2279 sapientis,
1058 2221 1096 2265 si
1116 2219 1343 2278 scriptoris
1363 2219 1530 2278 egregii
1549 2219 1742 2277 gratiam

274 2332 315 2368 17
340 2322 415 2359 hiis
433 2321 457 2358 S
553 2332 596 2358 21
624 2319 845 2368 disipientie
862 2320 893 2356 B
988 2328 1034 2364 27
1059 2317 1265 2366 scriptores
1283 2315 1435 2354 CBA¹M
1522 2315 1695 2364 eggregii
1713 2316 1742 2353 C

269 2402 519 2495 εεὲΑίέἶΜ
535 2400 608 2492 “3
621 2397 868 2482 ὰέὶεῖἔῶῑῗς
886 2397 1089 2480 {altar
1102 2442 1199 2488 Aug.
1225 2395 1248 2430 ⁶
1266 2393 1744 2494 pr⁰⁰5²2222212²223⁹22⁶=2²233

271 2496 367 2543 Aug.
515 2505 557 2531 12
581 2495 757 2530 studiosi:
797 2492 821 2529 i.
833 2503 867 2529 e.
898 2491 1099 2535 σπουδαίου,
1125 2489 1227 2536 quod
1251 2487 1476 2526 vocabulum
1500 2489 1556 2524 lta
1580 2486 1744 2524 reddunt

271 2542 505 2580 Iustinianus
523 2544 583 2585 (ut
607 2541 663 2578 ait
688 2541 731 2578 G.
758 2540 785 2577 I.
811 2538 965 2576 Vossius
996 2540 1040 2574 de
1077 2540 1184 2574 Vitiv's
1208 2538 1391 2574 Sermonis
1415 2536 1439 2572 i.
1467 2546 1524 2582 33,
1553 2534 1611 2572 ed.
1640 2535 1742 2578 1666,

301 2619 308 2627 .
338 2595 419 2639 154)
450 2593 490 2628 et
514 2592 660 2626 veteres
683 2586 899 2625 Aristotelis
922 2586 1165 2632 interpretes.
1345 2594 1388 2628 14
1412 2596 1436 2620 a
1463 2585 1655 2620 conuictu:
1686 2581 1744 2620 De

271 2603 355 2675 foco
374 2651 398 2675 a
416 2640 517 2674 uictu
533 2650 567 2673 v.
581 2637 656 2673 Cic.
673 2639 717 2672 de
734 2638 878 2672 Inuent.
897 2634 921 2670 i.
939 2643 984 2680 25
1005 2633 1022 2681 ξ
1045 2643 1100 2681 35.
1220 2643 1275 2678 19,
1293 2641 1340 2668 20
1363 2632 1572 2667 huiusmodi
1587 2632 1745 2676 ineptiae

272 2688 459 2722 hominum
475 2698 484 2722 :
511 2685 558 2722 cf.
576 2684 679 2720 infra
694 2684 902 2720 huiusmodi
917 2683 1090 2718 monstris
1102 2682 1299 2717 hominum.
1442 2689 1490 2714 20
1510 2680 1554 2714 πί
1567 2679 1628 2714 cui
1643 2679 1718 2714 etc.
1735 2691 1744 2713 ε

272 2737 317 2770 ut
334 2732 508 2770 Ciceroni
524 2735 636 2770 erant
661 2731 814 2768 Roscius
830 2733 869 2768 et
886 2730 1054 2775 Aesopus
1069 2742 1078 2775 ;
1105 2741 1137 2765 v.
1155 2739 1271 2775 supra
1286 2739 1319 2764 c.
1339 2737 1380 2764 12
1402 2727 1487 2772 (759
1498 2726 1552 2772 Β).
1697 2735 1743 2770 24

271 2783 443 2817 monstris
465 2782 677 2817 hominum:
703 2792 735 2815 v.
760 2778 846 2816 Ter.
874 2779 972 2813 Eun.
999 2776 1046 2812 iv,
1073 2788 1107 2821 4.
1135 2787 1204 2822 29;
1237 2775 1284 2811 cf.
1311 2786 1426 2822 supra
1449 2785 1481 2809 c.
1512 2783 1554 2810 12
1580 2770 1665 2827 (75.8.
1682 2772 1741 2817 Α).

271 2831 456 2874 Pompeii:
482 2828 590 2865 cuius
613 2828 798 2864 bonorum
822 2828 947 2862 sector
970 2823 1045 2861 fuit
1066 2824 1118 2861 M.
1135 2823 1338 2866 Antonius,
1356 2824 1401 2859 ut
1415 2821 1473 2858 ait
1489 2820 1622 2857 Florus
1637 2831 1678 2856 u.
1702 2821 1743 2856 18

274 2875 336 2923 (iv.
355 2877 391 2921 8)
412 2875 430 2922 ξ
452 2885 484 2922 5.

383 2948 448 2989 328
