1846 3262
141 257 245 291 ω».
263 243 325 308 11]
367 288 373 289 f
691 245 1140 292 PomoRATICvs
1287 232 1292 233 ’
1662 257 1747 299 592
1768 247 1798 289 «ι

140 369 367 428 sapientia
401 372 448 414 et
477 369 656 417 iustitia
684 371 901 430 principis
931 371 1077 416 elucet
1105 370 1367 429 plurimum.
1428 368 1494 413 Vt
1523 369 1645 413 enim

141 440 210 484 ait
234 440 452 500 Vegetius
482 441 696 494 Renatua
720 442 874 486 nullus
904 446 974 486 est
1004 457 1137 500 quem
1168 443 1377 500 oporteat
1405 440 1480 484 uel
1510 440 1645 498 plura

141 511 217 556 uel
255 511 443 555 meliora
482 513 595 556 scire
635 528 771 571 quam
812 513 1072 571 principem,
1107 512 1235 557 cuius
1270 511 1477 556 doctrina
1511 511 1647 554 debet

141 582 351 627 omnibus
370 583 581 641 prodesse
602 584 827 628 subiectis.
889 583 1004 629 Cum
1026 584 1146 628 enim
1173 583 1296 641 pacis
1316 582 1516 640 itemque
1536 581 1646 625 belli

104 668 125 703 5
142 652 304 697 debeat
324 668 461 712 opera
481 654 717 706 moderari,
737 655 888 713 legum
909 655 1063 712 reique
1082 653 1268 697 bellicae
1296 653 1446 711 ipsum
1466 655 1647 710 oportet

140 723 307 768 habere
346 724 570 782 peritiam.
646 725 707 769 Et
747 725 930 783 quidem
971 725 1026 768 de
1066 724 1241 783 pacatis
1281 723 1447 767 studiis
1491 723 1646 780 aliqua

140 794 347 852 superius
380 794 502 839 dicta
531 799 650 847 sunt,
680 810 801 839 nunc
835 810 998 839 manus
1030 797 1207 839 armata
1241 793 1497 847 discutitur,
1529 807 1645 850 quae

140 864 238 908 sine
257 864 435 909 delectu
455 865 643 909 scientia
664 869 710 909 et
730 866 1053 909 exercitatione
1073 880 1164 909 non
1184 864 1468 909 conualescit.
1525 863 1644 917 Quo-

140 934 213 978 uis
228 935 349 978 enim
370 935 559 979 istorum
575 938 778 979 cessante
798 950 888 979 non
909 936 1092 994 prodest
1113 935 1289 979 inutilis
1309 949 1493 988 manus3
1525 938 1574 978 at
1594 934 1644 977 in

82 1022 126 1049 10
141 1005 214 1049 his
233 1005 423 1049 scientia
447 1008 494 1049 et
517 1006 782 1049 exercitatio
806 1005 992 1049 utiliora
1019 1009 1138 1050 sunt.
1200 1005 1400 1050 Scientia
1428 1005 1549 1049 enim
1577 1004 1642 1048 rei
1658 1014 1744 1056 593
1763 1017 1793 1046 a

139 1075 326 1120 bellicae
355 1076 600 1120 dimicandi
633 1077 782 1120 nutrit
814 1077 1061 1121 audaciam.
1122 1076 1270 1120 Nemo
1300 1075 1449 1120 facere
1479 1075 1645 1119 metuit

141 1146 263 1205 quod
288 1161 336 1191 se
362 1147 476 1191 bene
506 1147 714 1192 didicisse
738 1147 934 1192 confidit.
997 1147 1178 1191 Etenim
1206 1147 1255 1190 in
1279 1146 1524 1191 certamine
1552 1145 1643 1189 bel-

139 1216 287 1262 lorum
316 1218 564 1262 exercitata
593 1218 798 1276 paucitas
825 1218 884 1262 ad
908 1218 1145 1263 uictoriam
1165 1216 1387 1276 promtior
1414 1219 1483 1260 est
1507 1231 1644 1274 quam

140 1287 269 1331 rudis
302 1291 350 1332 et
387 1288 570 1332 indocta
609 1288 856 1333 multitudo
891 1289 1098 1347 exposita
1137 1303 1313 1346 semper
1352 1287 1410 1330 ad
1450 1287 1643 1331 caedem.

80 1373 125 1409 ¹⁵
143 1357 266 1412 Quid
289 1358 410 1402 enim
437 1358 662 1403 Romanos
688 1359 894 1418 gentium
919 1360 1121 1403 omnium
1151 1358 1262 1402 fecit
1291 1372 1387 1402 esse
1416 1357 1642 1401 uictores?

143 1427 344 1473 Scientia
373 1429 544 1487 utique,
566 1430 831 1474 exercitatio
861 1434 908 1474 et
937 1430 1049 1474 fides
1079 1444 1215 1488 quam
1246 1428 1377 1473 electi
1407 1443 1465 1471 ex
1496 1442 1642 1472 sacra-

141 1502 297 1544 mento
337 1500 403 1544 rei
442 1500 650 1558 publicae
690 1500 1024 1559 impendebant.
1104 1500 1225 1544 Nam
1266 1499 1376 1557 quid
1424 1499 1643 1542 aduersus

142 1569 376 1614 Gallorum
396 1570 739 1615 multitudinem
759 1572 964 1615 Romana
987 1572 1191 1630 paucitas
1211 1570 1460 1614 ualuisset'l
1521 1569 1644 1623 Quid

141 1640 359 1685 aduersus
390 1641 717 1686 Germanorum
741 1643 1057 1700 proceritatem
1082 1642 1284 1686 breuitas
1314 1640 1536 1699 potuisset
1562 1654 1643 1683 au-

79 1729 127 1756 ⁸0
142 1710 279 1756 dere?
338 1711 567 1770 Hispanos
597 1713 779 1770 quidem
809 1728 902 1757 non
929 1716 1110 1757 tantum
1137 1726 1325 1756 numero
1352 1711 1429 1755 sed
1457 1714 1503 1755 et
1530 1710 1640 1754 uiri-

141 1781 228 1826 bus
242 1782 440 1841 corporis
455 1783 750 1828 manifestum
766 1787 834 1828 est
849 1784 1127 1842 praestitisse
1143 1782 1372 1827 Romanis.
1410 1781 1641 1825 Affrorum

141 1852 258 1897 dolis
288 1857 425 1911 atque
454 1854 631 1898 diuitiis
655 1869 831 1912 semper
857 1855 1052 1913 impares
1076 1854 1339 1898 extiterunt.
1399 1852 1531 1896 Vnde
1561 1852 1639 1895 ad-

141 1937 300 1968 uersus
320 1925 430 1969 haec
450 1925 602 1968 omnia
628 1924 805 1983 profuit
825 1926 1020 1969 tironem
1040 1925 1267 1969 sollertem
1289 1924 1476 1982 eligere3
1507 1926 1564 1974 et,
1584 1926 1638 1967 ut
1653 1925 1683 1964 b

141 1994 211 2053 ita
249 1995 422 2040 dietum
461 1996 534 2047 sit,
564 1995 722 2040 docere
757 1996 828 2040 ius
867 2010 1120 2049 armorum3
1156 1995 1383 2040 cotidiano
1423 1994 1639 2038 exercitio

81 2081 124 2119 ²5
141 2065 353 2109 roborare
372 2066 648 2119 doctrinam3
677 2081 983 2124 quaecumque
999 2069 1188 2125 possunt
1208 2066 1257 2108 in
1277 2065 1371 2109 acie
1392 2068 1439 2108 et
1458 2064 1639 2122 praeliis

141 2136 322 2180 euenire
361 2151 599 2195 praenosse
638 2137 931 2181 meditatione
975 2137 1239 2195 campestri;
1287 2139 1334 2179 et
1374 2136 1422 2178 in
1463 2135 1639 2179 desides

141 2207 360 2250 seueritas
399 2207 640 2253 uindictae.
711 2208 811 2252 Hoc
850 2211 1126 2251 memoratus
1166 2210 1323 2250 auctor
1362 2208 1560 2249 testatur
1591 2208 1639 2248 et

141 2275 239 2320 fere
258 2277 409 2322 uerbis
430 2277 597 2321 eisdem
623 2278 819 2322 adiciens
840 2278 1048 2322 inutilem
1070 2292 1164 2321 esse
1189 2277 1381 2319 militem
1408 2275 1636 2318 nutritum

141 2349 295 2391 tenere
326 2350 373 2391 et
401 2347 573 2392 deliciis
600 2352 841 2400 assuetum,
862 2348 1121 2406 praeferens
1150 2350 1383 2404 tamquam
1413 2345 1635 2403 aptiorem

82 2435 127 2471 30
142 2416 317 2475 plebem
341 2417 556 2461 rusticam
584 2433 698 2475 quae
726 2419 810 2462 sub
836 2419 943 2461 diuo
973 2421 1019 2461 et
1045 2418 1094 2460 in
1121 2417 1271 2460 labore
1293 2415 1509 2466 nutritur,
1528 2414 1636 2458 solis

140 2487 331 2546 patiens,
359 2487 593 2546 negligens
621 2489 819 2542 umbrae,
849 2489 1111 2531 balnearum
1138 2487 1297 2537 nescia,
1334 2486 1493 2544 ignara
1523 2485 1634 2528 deli-

139 2557 609 2624 {ms—{3
635 2575 851 2624 promptior
866 2575 970 2612 ASM
1092 2585 1137 2621 23
1163 2576 1341 2622 tyronem
1359 2572 1457 2609 CBA
1585 2584 1633 2620 24

139 2623 199 2662 ita
214 2637 283 2662 om.
300 2625 342 2661 M
488 2635 530 2671 31
557 2624 783 2662 balneorum
800 2622 857 2660 Μ2

192 2712 214 2738 2
238 2703 367 2738 nunus
383 2707 433 2738 est
450 2703 543 2739 etc.:
570 2713 602 2736 v.
618 2700 755 2746 Veget.
771 2699 800 2735 i.
817 2699 859 2736 in
881 2697 1135 2746 praefatione.
1328 2707 1351 2743 9
1375 2698 1552 2740 istorum:
1580 2709 1631 2734 sc.

143 2749 296 2786 delectu
316 2749 480 2787 scientia
500 2751 540 2787 et
560 2747 852 2786 exercitatione.
966 2758 1011 2784 10
1034 2747 1195 2783 Scientia
1217 2746 1314 2780 enim
1338 2747 1409 2782 etc.
1430 2746 1564 2791 (usque
1581 2746 1631 2782 ad

142 2799 332 2834 uindictae
349 2798 498 2844 59313)·
525 2797 710 2843 v.Veget.
728 2797 756 2832 i.
773 2806 803 2833 1.
903 2804 946 2880 85
978 2796 1074 2840 Quid
1090 2796 1188 2830 em'm
1201 2794 1300 2829 etc.·
1330 2793 1436 2830 Haec
1449 2805 1567 2840 usque
1581 2794 1631 2831 ad

143 2847 279 2882 audere
291 2844 388 2882 citat
401 2845 512 2882 Pauli
528 2847 627 2882 Mon.
644 2846 765 2881 Germ.
781 2845 888 2886 Hist„
929 2845 964 2880 S.
976 2842 1094 2879 xxvii.
1107 2855 1145 2888 p.
1159 2843 1207 2885 46
1220 2841 1328 2887 quasi
1342 2841 1520 2878 Ioannis
1509 2841 1632 2888 ipsius

144 2895 273 2931 essent
290 2893 413 2937 verba,
431 2905 528 2940 quae
545 2896 679 2930 tamen
694 2892 824 2929 omnia
843 2904 892 2930 ex
907 2891 1068 2939 Vegetio
1086 2891 1316 2937 deprompta
1332 2892 1436 2926 sunt.
1583 2899 1629 2934 27

144 2947 364 2978 memoratus
378 2947 528 2980 auctor:
554 2953 605 2979 se.
622 2940 815 2988 vegetius.
961 2941 1007 2976 28
1032 2940 1202 2976 inutilem
1224 2942 1317 2975 etc.:
1343 2950 1377 2974 v.
1394 2938 1530 2984 Veget.
1547 2937 1575 2973 i.
1594 2948 1628 2984 3

201 3014 285 3034 vtes
296 3014 318 3033 u
860 3013 884 3041 G
1495 3015 1516 3048 9
