1846 3262
117 241 222 279 mr.
234 232 383 296 xxm]
644 235 1089 282 POLICRATICVS
1620 239 1697 290 813
1713 241 1737 280 e

118 355 406 412 pontificatus
424 356 595 414 apicem
616 356 834 410 deferant,
863 361 1082 416 quantum
1107 359 1234 403 salua
1258 358 1472 418 religione
1501 357 1606 402 licet

119 423 387 482 fugiendum
407 441 541 484 quam
562 428 891 485 suscipiendum
912 429 1107 472 arbitror
1130 429 1335 487 sapienti.
1395 429 1458 472 Vt
1485 429 1604 472 enim

119 509 177 538 ex
226 496 496 539 conscientia
551 512 710 541 uerum
760 497 931 555 loquar,
978 499 1099 542 illius
1148 498 1494 543 laboriosissima
1543 502 1602 552 et,

119 567 340 622 quantum
370 565 428 609 ad
458 570 628 610 statum
660 568 907 625 praesentis
942 569 1078 612 seculi
1117 569 1324 627 pertinet,
1353 568 1603 612 miserrima

79 649 101 684 5
119 634 303 678 uidetur
321 650 414 679 esse
434 637 641 681 conditio.
702 638 751 681 Si
765 638 883 681 enim
900 639 1119 682 auaritiae
1139 639 1291 690 seruit,
1311 653 1431 682 mors
1452 638 1492 682 ei
1512 642 1605 692 est3

118 704 190 748 sin
204 708 368 759 autem,
384 721 474 750 non
495 706 676 765 effugiet
695 722 854 751 manus
874 711 919 751 et
940 708 1117 766 linguas
1137 709 1450 752 Romanorum.
1501 708 1603 752 Nisi

121 775 241 818 enim
261 776 426 819 habeat
445 776 564 820 unde
586 777 791 820 obstruat
821 793 900 821 ora
931 793 1081 822 eorum
1111 793 1358 836 manusque
1387 779 1604 830 cohibeat,

121 845 181 888 ad
196 845 407 897 eonuitia‚
426 846 482 889 ad
503 846 677 904 flagitia
697 850 743 890 et
762 847 994 905 sacrilegia
1016 847 1281 906 perferenda
1304 863 1434 892 aures
1453 848 1603 892 oculos

119 914 253 958 duret
271 918 318 958 et
336 915 547 959 animum.
598 916 703 959 Tria
715 917 894 973 quidem
908 921 1015 960 sunt
1030 932 1144 975 quae
1163 932 1270 975 prae
1289 918 1446 962 ceteris
1466 917 1602 961 etiam

58 1011 103 1036 ,ο
119 985 392 1043 prudentum
430 1000 561 1029 omne
601 986 814 1030 iudicium
854 987 1137 1039 subuertunt,
1182 1002 1308 1031 amor
1355 1002 1603 1041 munerum,

118 1054 317 1112 acceptio
360 1069 660 1113 personarum,
711 1055 905 1100 facilitas
949 1056 1166 1101 credendi.
1239 1057 1358 1100 Nam
1408 1057 1466 1100 ad
1515 1058 1604 1101 ista

118 1125 290 1168 moueri
306 1127 352 1168 et
371 1125 592 1168 iustitiam
608 1125 864 1183 dispensare
879 1127 1030 1170 nullus
1044 1127 1243 1170 omnium
1265 1130 1423 1185 potest.
1483 1127 1602 1186 Ergo

118 1198 166 1238 et
191 1195 250 1238 ab
275 1195 346 1239 his
370 1195 613 1238 immunem
641 1196 892 1239 Romanum
916 1211 1091 1240 necesse
1120 1199 1189 1240 est
1215 1212 1309 1240 esse
1336 1197 1601 1254 pontificem,
1619 1197 1649 1238 d

118 1265 197 1322 qui
216 1264 415 1308 omnium
435 1265 664 1309 cohercere
684 1266 817 1309 debet
837 1281 1052 1310 excessus.
1104 1266 1155 1310 Si
1171 1266 1268 1310 odit
1286 1282 1483 1318 munera,
1503 1268 1604 1325 quis

57 1349 101 1384 15
118 1334 332 1378 beneficia
351 1334 550 1378 conferet
571 1335 619 1378 in
635 1335 862 1381 inuitum?
922 1336 1042 1390 Quid
1062 1336 1308 1395 largiturus
1328 1339 1397 1380 est
1416 1337 1494 1394 qui
1514 1352 1604 1380 non

117 1403 310 1462 accipit?
368 1404 464 1448 Aut
484 1405 716 1462 quomodo,
741 1405 779 1448 si
799 1420 890 1449 non
910 1406 1114 1464 largitur,
1134 1406 1330 1464 placabit
1351 1406 1605 1453 Romanos?

119 1474 170 1518 Si
204 1489 415 1532 personas
447 1489 600 1518 eorum
644 1490 735 1519 non
777 1476 952 1533 accipit,
995 1475 1215 1533 quomodo
1255 1476 1469 1520 subsistet
1497 1480 1603 1520 ante

118 1545 279 1590 faciem
300 1547 486 1591 eorum?
545 1546 637 1589 Vix
658 1547 776 1590 enim
797 1562 976 1591 causam
996 1547 1045 1590 in
1070 1547 1271 1591 conclaui
1301 1547 1468 1605 poterit
1496 1562 1602 1604 pen-

118 1630 218 1660 sare
244 1616 560 1660 sacerdotalem
590 1617 700 1674 quin
731 1632 805 1660 eos
835 1617 883 1659 in
911 1617 1107 1661 consiliis
1136 1617 1343 1661 omnibus
1366 1617 1604 1661 admittere

56 1703 103 1735 ³0
118 1686 423 1744 compellatur.
517 1686 636 1740 Quid
686 1687 806 1744 quod
854 1687 1030 1745 cogitur
1077 1687 1321 1745 dampnare
1368 1687 1604 1730 simoniam

118 1770 306 1799 munera
339 1760 386 1800 et
415 1757 762 1801 retributiones?
821 1756 872 1800 Si
902 1772 955 1800 ea
984 1757 1201 1814 sequitur,
1228 1771 1376 1800 nonne
1407 1757 1602 1814 seipsum

117 1826 300 1884 propria
322 1841 431 1870 uoce
450 1827 776 1884 condempnat?
837 1827 887 1870 Si
917 1827 965 1870 111
995 1842 1170 1870 summa
1195 1827 1398 1884 potentia
1416 1827 1604 1871 minima

118 1895 300 1939 licentia
319 1899 398 1947 est,
418 1895 619 1953 profecto
640 1896 717 1953 qui
745 1896 919 1954 legibus
945 1899 1135 1954 praeest,
1162 1896 1275 1939 nulli
1296 1896 1526 1948 subicitur,
1545 1896 1604 1940 ab

119 1965 288 2008 illicitis
303 1966 447 2009 artius
461 1969 700 2010 coartatur.
752 1965 871 2024 Ergo
883 1969 930 2009 et
941 1965 1142 2009 Romano
1155 1966 1355 2024 pontifici
1367 1966 1602 2009 minimum

60 2052 102 2087 ²5
119 2049 172 2078 eo
191 2035 289 2093 ipso
309 2050 397 2092 quo
416 2036 660 2093 plurimum
680 2035 795 2079 licet.
857 2035 976 2089 Quid
996 2036 1285 2093 ponderosius
1301 2039 1369 2079 est
1388 2036 1600 2080 sollicitu·
1619 2039 1692 2090 814
1712 2051 1743 2080 a

119 2105 224 2148 dine
239 2105 438 2149 omnium
451 2105 764 2150 ecclesiame
808 2105 1115 2162 Apostolicum
1129 2106 1415 2164 priuilegium
1435 2106 1602 2150 transit

120 2175 179 2219 ad
199 2189 480 2226 successores,
500 2178 546 2218 et
568 2175 700 2232 plane
726 2190 831 2232 pars
855 2175 1081 2233 priuilegii
1109 2178 1177 2219 est
1204 2190 1339 2233 quam
1359 2175 1602 2233 Apostolus

119 2244 179 2287 ad
200 2244 459 2288 Corinthios
484 2244 708 2302 loquitur:
739 2245 862 2298 Quis,
881 2245 1040 2302 inquit,
1062 2245 1316 2289 infirmatur
1336 2250 1382 2290 et
1401 2261 1483 2304 ego
1509 2261 1601 2290 non

119 2314 351 2359 infirmor?
412 2314 524 2368 Quis
543 2314 871 2358 scandalizatur
897 2319 944 2358 et
966 2329 1048 2373 ego
1068 2330 1158 2358 non
1178 2317 1313 2362 uror?
1374 2316 1423 2360 Si
1452 2318 1600 2359 totum

61 2401 105 2435 30
119 2398 210 2427 non
229 2384 370 2427 uultis
391 2384 630 2435 reuoluere‚
646 2384 719 2427 uel
739 2384 862 2427 istud
881 2384 1088 2427 uendicet
1108 2384 1185 2441 qui
1205 2385 1261 2428 de
1280 2385 1479 2442 primatu
1498 2399 1599 2429 con·

118 2453 269 2497 tendit
283 2456 340 2505 et,
355 2456 408 2496 ut
423 2457 544 2510 pute,
560 2454 650 2497 cito
665 2453 799 2497 faciet
813 2453 972 2497 locum.
1021 2453 1256 2498 Praeterea
1275 2454 1353 2512 qui
1374 2455 1602 2498 Romanus

121 2555 142 2591 7
169 2558 301 2584 eorum
318 2558 387 2583 ora
401 2546 448 2582 Αἱ
582 2556 616 2592 9,
655 2557 703 2582 10
726 2546 844 2583 etiam
861 2546 1095 2593 prudentum
1112 2558 1181 2584 om.
1198 2546 1238 2583 S¹
1361 2557 1405 2593 14
1430 2558 1603 2586 coercere

120 2593 184 2630 CB
329 2597 374 2631 28
400 2593 634 2631 corrinthios
648 2593 683 2630 A

171 2684 189 2722 5
217 2676 261 2711 Si
275 2678 372 2711 em'm
390 2678 461 2713 0150.
481 2687 600 2722 usque
616 2675 665 2712 ad
682 2675 802 2712 finem
827 2674 1010 2723 capituli:
1039 2675 1229 2722 excerpsit
1254 2675 1364 2712 Pauli
1389 2675 1461 2712 loc.
1487 2687 1602 2731 supra

119 2723 185 2760 0115.
338 2733 362 2769 9
389 2725 479 2759 Tria
496 2726 639 2770 quidem
655 2726 750 2760 etc.:
774 2723 878 2760 Haec
894 2723 1007 2760 verba
1024 2735 1142 2769 usque
1159 2723 1209 2760 ad
1222 2735 1463 2770 personarum
1478 2724 1600 2762 minio

121 2769 272 2808 notavit
288 2770 502 2808 Parkerus
491 2783 534 2807 111
551 2771 633 2808 cod,
650 2771 690 2808 C.
787 2781 832 2816 24
856 2772 955 2817 Eryo
971 2777 1004 2807 et
1020 2773 1184 2807 Romano
1201 2774 1294 2808 etc:
1318 2783 1436 2817 usque
1454 2771 1503 2808 ad
1519 2773 1602 2808 licet

120 2818 241 2855 minio
258 2818 409 2855 notavit
425 2818 636 2855 Parkerus
625 2831 667 2855 m
685 2819 766 2855 cod.
785 2818 824 2855 C.
1043 2829 1063 2855 2
1067 2827 1099 2866 5
1119 2821 1166 2856 26
1184 2820 1427 2855 sollieitudine
1443 2821 1541 2856 etc.:
1566 2832 1599 2857 v.

121 2877 144 2904 2
162 2865 243 2904 Gor.
261 2866 313 2904 xi.
330 2868 388 2904 28.
485 2868 530 2903 28
558 2868 648 2911 Quis
663 2869 756 2903 etc:
781 2877 803 2902 2
821 2865 903 2902 Cor.
921 2865 971 2901 xi.
992 2876 1050 2912 29.
1159 2877 1219 2915 30,
1237 2877 1278 2914 3¹
1299 2869 1363 2914 qui
1377 2869 1600 2914 deprimam

120 2916 325 2953 contendit:
348 2913 467 2952 minio
484 2913 633 2952 notavit
649 2914 861 2952 parkerus
850 2926 891 2950 111
909 2913 992 2951 00(1.
1009 2914 1048 2952 C.

178 2985 298 3008 vanu
826 2977 849 3014 3
870 2976 898 3006 G
1418 2979 1490 3015 409
