1846 3262
159 229 261 262 cAP.
278 217 382 279 XVI]
690 220 1140 267 POLICRATICVS
1672 227 1740 267 611
1760 227 1790 267 d

155 341 395 394 siluestria,
416 343 524 401 quia
554 343 608 388 de
636 346 820 403 propria
848 346 1022 390 uirtute
1046 346 1224 398 diffidit,
1244 362 1376 391 nemo
1396 350 1654 391 nostrorum

154 413 454 471 persequitur.
516 414 702 458 Vtinam
734 417 993 460 memoriter
1019 417 1272 461 tenuissent
1293 418 1413 475 quod
1433 418 1489 462 de
1511 417 1653 463 Cisal-

153 484 274 542 pinis
311 485 516 528 Romana
555 489 714 530 narrat
759 487 962 539 historia,
1002 488 1130 532 cuius
1177 489 1318 532 uerba
1364 493 1474 533 sunt
1517 489 1653 534 haec:

153 552 489 612 Cisalpinorum
525 556 683 601 incolis
718 558 859 601 animi
896 557 1110 610 ferarum,
1144 574 1331 616 corpora
1370 560 1474 618 plus
1514 575 1651 618 quam
1670 567 1746 606 612
1767 577 1798 605 a

114 641 135 675 5
153 624 353 668 humana
393 628 547 680 erant3
598 628 676 671 sed
717 629 1027 686 experimento
1067 629 1396 687 deprehensum
1436 633 1505 674 est
1545 631 1653 688 quia

151 695 302 740 uirtus
323 711 476 740 eorum
498 697 616 741 sicut
635 698 782 756 primo
810 699 985 757 impetu
1012 700 1156 743 maior
1176 703 1244 744 est
1274 715 1411 758 quam
1437 701 1652 754 uirorum,

151 766 220 810 ita
258 782 448 825 sequens
488 769 637 812 minor
676 785 812 827 quam
854 770 1128 814 feminarum
1169 775 1250 816 est.
1324 772 1493 830 Alpina
1532 773 1652 816 enim

150 852 338 896 corpora
358 840 573 884 humente
594 840 687 884 celo
708 841 898 885 educata
918 841 1088 885 habent
1108 842 1281 900 aliquid
1301 843 1447 886 simile
1468 844 1652 888 niuibus

151 908 272 961 suis3
303 924 405 953 cum
435 925 542 953 mox
569 911 841 955 incaluerint
867 926 1033 970 pugna,
1055 913 1212 955 statim
1239 913 1288 955 in
1308 913 1518 957 sudorem
1540 918 1652 958 eunt

91 995 136 1022 10
152 982 199 1023 et
218 979 310 1023 leui
330 984 457 1024 motu
478 982 607 1039 quasi
628 982 720 1026 sole
746 982 974 1025 laxantur.
1034 983 1159 1026 Alibi
1181 998 1357 1041 quoque
1378 985 1650 1043 Alpinarum

149 1051 355 1109 gentium
391 1050 551 1095 feritas
591 1051 724 1096 facile
763 1052 838 1096 uel
877 1068 958 1110 per
989 1053 1200 1096 mulieres
1232 1055 1498 1107 ostenditur,
1534 1071 1649 1113 quae

149 1121 460 1166 deficientibus
475 1123 579 1167 telis
599 1123 799 1167 infantes
819 1139 924 1167 suos
937 1124 1125 1168 afflictos
1142 1125 1269 1168 humi
1290 1126 1339 1168 in
1359 1141 1438 1169 ora
1451 1126 1649 1170 militum

148 1193 340 1238 aduersa
359 1194 592 1239 miserunt.
654 1194 704 1238 Si
730 1198 878 1239 essent
906 1195 1040 1253 plane
1068 1196 1146 1253 qui
1174 1196 1496 1254 impugnarent
1516 1196 1647 1241 Niui-

148 1264 334 1309 collinos
387 1267 577 1316 nostros,
630 1265 926 1323 proculdubio
976 1266 1292 1319 uincerentur;
1342 1267 1431 1318 sed,
1477 1271 1531 1311 ut
1581 1268 1649 1312 ait

88 1352 131 1388 15
149 1335 402 1387 Amantius,
441 1351 533 1379 non
569 1339 638 1380 est
668 1336 746 1394 qui
776 1336 918 1380 faciat
953 1335 1173 1389 facienda,
1207 1353 1322 1396 quae
1357 1338 1453 1382 fere
1493 1339 1646 1396 perfici

147 1405 356 1450 ultronea
375 1404 562 1449 fortuna
582 1406 822 1465 compellit.
883 1407 1121 1450 Amatam
1151 1409 1432 1466 prouinciam
1461 1408 1647 1453 inermis

145 1476 428 1534 imbellisque
452 1477 682 1521 barbaries
713 1479 980 1536 aggreditur
1009 1478 1311 1537 depopulatur
1340 1483 1387 1523 et
1417 1483 1583 1532 uastat,
1599 1484 1646 1524 et
1663 1487 1691 1526 b

146 1547 225 1606 qui
240 1547 362 1591 domi
378 1562 486 1590 suae
506 1548 660 1597 esurit.
668 1548 814 1592 milite
833 1552 988 1593 nostro
1004 1550 1201 1600 cedente,
1208 1549 1263 1593 de
1279 1553 1435 1594 nostro
1451 1552 1647 1595 satiatur

146 1622 194 1662 et
222 1618 272 1662 in
301 1621 457 1661 nostro
487 1617 600 1662 facit
628 1618 838 1662 luxuriae
869 1619 989 1663 diem
1021 1619 1201 1664 festum.
1263 1620 1499 1678 Numquid
1524 1621 1644 1665 enim

85 1705 131 1730 ιο
146 1704 238 1734 11011
277 1688 397 1733 cedit
435 1689 564 1732 miles
604 1690 683 1747 qui
723 1705 815 1734 non
855 1691 1035 1749 repellit
1084 1692 1260 1735 hostem
1309 1691 1558 1736 irruentem
1599 1697 1646 1737 et

144 1759 487 1804 imminentem?
530 1759 580 1804 Si
601 1774 709 1803 11610
730 1775 811 1805 1166
831 1775 958 1804 811101
977 1761 1153 1820 patriae
1173 1777 1255 1805 nec
1275 1777 1427 1805 rerum
1447 1763 1645 1822 dampna

143 1845 226 1874 nec
260 1830 421 1874 salutis
455 1830 735 1874 imminentis
774 1831 833 1874 ab
868 1831 997 1875 hoste
1027 1831 1325 1890 dispendium,
1352 1833 1427 1876 1161
1457 1833 1644 1891 pudoris

143 1901 357 1945 stimulus
386 1901 607 1944 uirtutem
637 1901 828 1946 militiae
864 1905 1045 1946 nostrae
1081 1902 1279 1946 excitare
1310 1903 1540 1956 debuerat,
1570 1906 1643 1949 cui

142 1971 236 2014 iam
263 1972 448 2015 inermis
479 1975 525 2015 et
552 1972 749 2016 insolens
776 1972 1000 2016 Walensis
1027 1973 1231 2018 insultat.
1292 1973 1644 2020 Prouerbialiter

84 2056 128 2092 ²5
144 2042 234 2087 dici
273 2042 388 2086 solet
427 2043 534 2100 quia
575 2042 740 2086 misera
779 2046 903 2087 terra
943 2046 1012 2088 est
1047 2059 1184 2102 quam
1220 2059 1357 2102 agaso
1390 2045 1465 2088 uel
1500 2046 1642 2091 mulio

143 2113 456 2172 depopulatur.
493 2113 624 2168 Quod
639 2113 678 2157 si
691 2113 818 2157 nulla
830 2114 1145 2158 exhortatione
1158 2114 1282 2158 uirili
1295 2115 1438 2159 nostri
1451 2121 1640 2174 possunt

141 2242 164 2279 3
188 2230 363 2278 hystoria
379 2231 420 2267 M
570 2231 614 2268 16
639 2230 800 2278 copellit
817 2229 842 2267 S

188 2355 213 2389 4
241 2345 517 2391 Cisalpinorum
542 2344 615 2380 etc.
630 2355 639 2379 t
666 2342 764 2380 Flor.
786 2342 811 2379 i.
839 2353 886 2379 20
904 2342 966 2387 (iv.
992 2354 1016 2389 4
1043 2341 1084 2390 §§
1117 2352 1146 2388 1,
1174 2344 1213 2390 2)
1228 2357 1236 2386 ;
1266 2345 1542 2391 Cisalpinorum
1568 2358 1638 2393 pro

143 2393 266 2429 Gallis
291 2393 511 2428 Insubribus
535 2397 569 2428 et
593 2393 651 2427 his
675 2393 807 2427 accolis
829 2393 987 2438 Alpium
1011 2392 1125 2437 (quae
1150 2393 1243 2428 sunt
1268 2393 1383 2429 verba
1408 2393 1527 2440 Flori)
1555 2395 1637 2431 sub-

139 2439 272 2478 stituit
289 2441 459 2478 Ioannes.
562 2450 606 2476 10
630 2441 862 2486 Alpinarum
879 2441 974 2476 etc.:
1000 2439 1101 2476 Flor.
1121 2439 1162 2476 11.
1187 2451 1231 2476 22
1251 2439 1314 2485 (iv.
1336 2452 1379 2477 12
1399 2441 1417 2488 ξ
1435 2446 1486 2486 4).
1593 2453 1634 2489 15

139 2491 352 2526 Ammius:
376 2487 468 2533 Quis
478 2487 598 2525 fuerit
608 2486 825 2530 Amentius,
839 2487 996 2524 omnino
1009 2487 1150 2525 nescio.
1193 2487 1279 2525 Non
1290 2489 1465 2534 absurde,
1479 2492 1636 2528 auctore

138 2550 174 2574 v.
184 2538 221 2574 d.
233 2536 277 2574 R.
291 2537 332 2573 L.
348 2536 476 2582 Poole,
494 2535 619 2573 conici
636 2538 765 2582 potest
781 2535 1003 2572 Amarcium
1022 2535 1175 2572 Gallum
1194 2535 1474 2580 Piosistratum,
1491 2539 1636 2576 saeculi

139 2588 226 2641 post
235 2585 323 2621 Chr.
336 2584 387 2621 xi.
400 2586 569 2631 poetam,
584 2595 674 2621 eum
691 2595 772 2621 esse
789 2584 839 2620 ad
851 2595 967 2630 quem
981 2583 1166 2630 respiciat
1183 2584 1346 2622 Ioannes
1363 2588 1502 2623 noster.
1537 2587 1635 2625 Sane

139 2646 183 2670 m
198 2633 312 2671 istius
328 2633 573 2677 Semonibus,
586 2631 739 2678 Lipsiae
756 2643 780 2668 a
798 2631 900 2668 Max.
914 2631 1079 2669 Manitio
1097 2643 1131 2669 a.
1145 2634 1235 2669 1888
1248 2633 1375 2679 editis,
1387 2633 1487 2671 nihil
1505 2635 1635 2673 huius-

139 2682 245 2719 modi
261 2680 456 2724 invenies;
479 2682 612 2717 tamen
636 2692 683 2717 ex
702 2679 872 2717 eiusdem
889 2682 1045 2727 pulchro
1067 2683 1265 2717 doctrinali
1287 2694 1396 2728 nouo,
1419 2684 1522 2730 quod
1546 2695 1633 2722 eum

134 2742 208 2778 pro
219 2732 350 2785 pueris
360 2731 556 2766 dictauisse
569 2728 688 2765 refert
699 2727 871 2765 chronici
884 2729 1084 2765 cuiusdam
1095 2727 1261 2776 scriptor
1275 2731 1325 2776 (v.
1341 2730 1497 2768 Manitii
1509 2735 1632 2779 praef.

138 2790 177 2826 p.
196 2777 289 2826 mii),
309 2778 512 2824 desumpta.
532 2788 613 2814 esse
630 2778 791 2824 possunt
809 2788 907 2823 quae
925 2777 989 2814 hic
1007 2777 1193 2814 citantur.
1306 2790 1382 2815 non
1398 2785 1472 2817 est:
1499 2781 1549 2818 cf.
1569 2781 1630 2818 Ps.

138 2825 220 2865 xiii.
242 2837 276 2871 2,
292 2825 348 2863 lii.
368 2836 390 2862 2
407 2838 482 2862 non
498 2831 549 2862 est
564 2827 628 2872 qui
642 2827 767 2871 faciat
785 2827 920 2861 bonum
934 2839 944 2869 ;
967 2837 1065 2873 quae
1081 2826 1196 2863 verba
1212 2825 1254 2862 in
1272 2838 1400 2864 versus
1415 2828 1633 2867 hexametri

138 2875 304 2913 formam
327 2873 517 2921 redegisse
542 2873 695 2910 videtur
709 2873 929 2911 Amentius.
1074 2883 1118 2922 25
1146 2877 1280 2912 misera
1305 2881 1405 2913 terra
1422 2880 1519 2915 etc.:
1548 2878 1631 2916 Hoc

135 2923 382 2972 proverbium
398 2933 478 2960 non
490 2922 587 2959 alibi
602 2921 768 2970 repperi.

1475 2993 1518 3025 ⁴3
