1846 3262
102 227 203 261 (1111».
222 217 312 275 vn]
614 217 1056 264 POLICRATICVS
1596 226 1675 268 732
1693 219 1724 260 h

104 337 234 381 Pium
249 353 355 396 ergo
371 338 570 382 animum
586 340 790 398 egregiae
805 341 991 384 uirtutis
1006 340 1202 399 imagine
1218 339 1350 383 facile
1370 338 1581 397 supplan-

102 408 223 451 tauit
255 409 492 453 Antonius.
553 410 640 455 Hic
673 411 804 463 enim,
833 426 934 455 cum
965 410 1177 469 quicquid
1207 410 1320 454 mari
1351 413 1432 453 aut
1462 413 1584 453 terra

103 480 186 522 aut
215 479 350 522 etiam
381 479 474 523 celo
503 481 764 538 gigneretur
796 481 853 524 ad
888 482 1139 525 satiandam
1174 480 1421 538 ingluuiem
1455 494 1583 523 suam

103 551 262 591 natum
284 549 546 593 existimans
568 550 773 594 faucibus
792 565 845 594 ac
865 551 1075 594 dentibus
1094 550 1187 594 suis
1206 550 1428 602 subderet,
1445 565 1584 606 eaque

66 632 88 669 5
106 633 154 662 re
166 622 323 677 captus
339 619 394 662 de
411 620 610 663 Romano
626 621 812 678 imperio
825 620 970 664 facere
986 620 1123 664 uellet
1136 620 1368 678 Egiptium
1381 635 1582 678 regnum,

106 688 344 747 Cleopatra.
375 704 501 740 uxor,
530 705 643 747 quae
667 691 787 734 uinci
815 706 842 734 a
869 691 1082 734 Romanis
1111 705 1192 734 nec
1217 690 1397 733 luxuria
1427 691 1583 749 digna·
1600 694 1628 726 ὓ

105 762 243 811 retur,
272 760 507 817 sponsione
546 761 808 818 prouocauit
847 761 1069 804 insumere
1108 776 1155 804 se
1194 775 1320 818 posse
1360 761 1407 803 in
1447 776 1584 804 unam

106 843 260 873 cenam
288 830 553 874 sextertium
580 831 757 874 centies.
816 831 871 873 Id
898 831 1062 873 mirum
1091 830 1291 874 Antonio
1317 831 1477 882 uisum,
1504 845 1584 874 nec

106 901 307 942 moratus
346 899 580 956 sponsione
620 899 862 943 contendit.
933 900 1109 958 Dignus
1151 900 1301 944 culina
1341 901 1586 944 Numatius

46 985 92 1011 10
109 967 298 1011 Plancus
333 969 411 1026 qui
451 975 545 1012 tam
586 969 760 1012 honesti
801 970 1059 1013 certaminis
1094 970 1264 1013 arbiter
1298 970 1466 1014 electus
1506 973 1587 1014 est.

107 1037 266 1081 Altera
280 1038 352 1081 die
365 1038 615 1096 Cleopatra,
623 1041 884 1096 pertentans
900 1039 1467 1097 Antonium‚pollucibilem
1482 1054 1588 1083 sane

106 1108 287 1166 parauit
311 1123 477 1160 cenam,
501 1109 578 1152 sed
603 1123 737 1166 quam
766 1123 857 1152 non
884 1109 1125 1153 miraretur
1155 1110 1391 1160 Antonius,
1421 1110 1586 1166 quippe

108 1177 186 1241 qui
206 1177 357 1220 omnia
381 1193 494 1235 quae
515 1178 857 1235 apponebantur
876 1193 932 1221 ex
947 1179 1184 1222 cotidianis
1204 1179 1363 1236 opibus
1378 1193 1586 1236 agnosce-

109 1249 191 1289 ret.
250 1248 373 1292 Tunc
394 1248 549 1306 regina
572 1249 774 1291 arridens
801 1248 998 1306 phialam
1026 1249 1237 1306 poposcit,
1258 1249 1329 1292 cui
1358 1248 1587 1292 nonnichil

48 1332 91 1368 15
110 1317 224 1360 aceti
254 1318 369 1361 acris
398 1318 581 1370 infudit,
606 1318 864 1375 dimisitque
892 1318 1211 1363 festinabunda
1240 1320 1347 1363 illuc
1376 1319 1587 1362 unionem

110 1401 167 1430 ex
185 1387 328 1430 altera
347 1402 454 1430 aure
475 1388 718 1445 demptum,
734 1391 780 1431 et
802 1387 991 1431 eundem
1016 1391 1192 1432 mature
1213 1389 1479 1440 dissolutum
1503 1387 1587 1444 (uti

109 1459 275 1500 natura
306 1460 374 1500 est
408 1457 504 1500 eius
537 1457 716 1515 lapidis)
745 1457 989 1501 absorbuit.
1049 1458 1109 1501 Et
1141 1459 1347 1516 quamuis
1382 1474 1434 1502 eo
1466 1458 1587 1502 facto

108 1527 343 1584 sponsione
370 1527 561 1578 uicisset,
582 1527 745 1585 quippe
773 1542 874 1571 cum
901 1528 999 1585 ipsa
1022 1529 1269 1586 margarita
1297 1529 1463 1572 centies
1487 1543 1586 1571 sex-
1602 1525 1632 1566 d

110 1597 295 1640 tertium
339 1597 435 1640 sine
480 1598 763 1641 contentione
812 1598 1062 1649 eualuisset‚
1103 1613 1286 1641 manum
1332 1601 1484 1642 tamen
1529 1598 1588 1641 ad

49 1687 95 1712 ao
110 1667 296 1710 alterius
335 1667 458 1710 auris
497 1667 707 1710 unionem
742 1667 950 1710 similiter
987 1668 1201 1719 admouit,
1222 1668 1309 1712 nisi
1343 1668 1589 1712 Numatius

113 1737 312 1788 Plancus,
339 1737 477 1780 iudex
503 1737 821 1789 seuerissimus,
848 1741 1107 1795 superatum
1134 1738 1383 1782 Antonium
1414 1742 1591 1782 mature

110 1807 455 1864 pronuntiasset.
515 1807 619 1864 Ipse
639 1809 790 1850 autem
810 1807 929 1860 unio,
942 1808 1068 1851 cuius
1092 1807 1232 1852 fuerit
1262 1809 1589 1867 magnitudinis

111 1876 216 1920 inde
236 1877 384 1935 colligi
404 1879 581 1934 poterat
605 1877 724 1934 quod
751 1877 828 1934 qui
853 1877 1088 1935 superfuit,
1108 1882 1263 1935 postea
1289 1879 1410 1922 uicta
1434 1879 1591 1936 regina

113 1950 160 1990 et
178 1950 310 2004 capta
330 1947 495 2004 Egipto
522 1946 710 1990 Romam
737 1946 912 1990 delatus
937 1947 1240 2005 dissectusque
1266 1951 1345 1999 est,
1366 1951 1412 1991 et
1442 1948 1589 1992 factae

52 2034 96 2069 ³5
114 2031 172 2060 ex
197 2031 289 2059 una
315 2016 561 2074 margarita
586 2016 701 2059 duae
729 2016 1050 2073 impositaeque
1075 2017 1311 2061 simulacro
1332 2019 1517 2062 Veneris
1537 2021 1591 2062 ut

114 2090 420 2129 monstruosae
440 2086 764 2143 magnitudinis
784 2086 831 2128 in
851 2087 1019 2144 templo
1040 2087 1158 2144 quod
1175 2087 1374 2131 Panteon
1395 2089 1589 2146 appella-

114 2157 204 2199 tur.
264 2155 354 2199 Sed
383 2155 454 2198 his
478 2158 524 2198 et
553 2155 773 2199 similibus
793 2156 1014 2199 demeruit
1036 2157 1521 2214 intemperantissimus
1542 2162 1588 2202 et

113 2225 486 2282 flagitiosissimus
512 2240 602 2268 non
628 2225 782 2282 populi
810 2225 1000 2268 Romani
1028 2226 1106 2269 sed
1131 2227 1356 2270 uirtutum
1386 2228 1590 2284 publicus

114 2294 256 2338 hostis
276 2309 332 2337 ne
352 2294 547 2338 edictum
569 2294 686 2351 quod
706 2295 1021 2338 triumuiratus
1042 2298 1242 2353 tempore
1262 2296 1317 2339 de
1337 2297 1590 2354 sumptibus

55 2378 99 2412 30
115 2364 265 2421 posuit
298 2364 410 2421 legis
448 2379 609 2407 nomen
643 2364 808 2407 habeat
842 2366 922 2407 aut
956 2365 1167 2422 uigorem.
1239 2365 1405 2409 Locum
1440 2369 1590 2409 autem
1608 2375 1690 2417 733
1709 2376 1740 2406 a

115 2434 252 2477 immo
273 2436 318 2476 et
337 2434 644 2476 necessitatem
664 2434 837 2491 legibus
858 2433 996 2477 fuisse
1025 2435 1203 2478 cibariis
1232 2435 1305 2478 uel
1330 2451 1387 2478 ex
1414 2451 1464 2479 eo
1488 2451 1591 2479 con-

116 2506 209 2546 stat
239 2503 354 2560 quod
380 2503 646 2546 cibariorum
674 2503 1010 2561 deligendorum
1034 2505 1236 2562 regulam
1260 2505 1441 2548 luxuria
1465 2506 1591 2548 adin..

121 2595 136 2622 1
163 2583 344 2638 ymagine
362 2584 401 2619 M
545 2593 575 2628 1,
591 2595 612 2620 2
639 2583 901 2630 subplantauit
919 2582 944 2620 S
1090 2593 1108 2632 5
1136 2584 1334 2632 egyptium
1351 2585 1425 2622 ΒΜ

116 2631 353 2668 nummatius
370 2631 401 2667 B
572 2642 613 2677 13
640 2631 706 2676 qui
723 2644 791 2668 om.
810 2631 850 2667 M
948 2632 1216 2678 aponebantur
1233 2632 1321 2670 GBS
1482 2634 1592 2671 cotti-

116 2679 243 2716 dianis
259 2679 304 2714 Αι
462 2688 504 2725 17
530 2679 634 2716 facta
651 2679 692 2714 M
835 2689 881 2725 24
907 2682 1048 2727 egypto
1064 2680 1152 2717 BA:
1178 2683 1343 2728 aegypto
1360 2681 1401 2716 Μ
1545 2692 1589 2730 25

116 2726 344 2764 simulachro
362 2725 403 2762 M
532 2729 590 2772 26,
609 2737 653 2772 27
679 2726 873 2774 apellatur
889 2727 945 2764 OS
1087 2738 1132 2774 32
1150 2728 1431 2776 diligendorum
1450 2728 1488 2766 0¹
1493 2729 1589 2768 B¹Sz

118 2775 416 2822 delegendorum
433 2773 474 2810 M

166 2857 188 2882 2
214 2847 383 2893 quicq-uid
399 2847 496 2882 mam·
511 2846 584 2882 etc.
603 2856 719 2891 usque
746 2844 796 2882 ad
827 2846 1039 2891 appellatur
1056 2844 1222 2891 (7321)).
1256 2846 1424 2884 Macrob.
1442 2848 1517 2884 Sat.
1536 2847 1595 2887 111.

121 2905 163 2940 17
183 2893 225 2941 §§
249 2902 374 2940 1517.
532 2903 555 2940 9
578 2894 795 2929 Numatius·
820 2894 1014 2929 Munatius
1029 2892 1195 2931 Macrob.

814 2960 847 2987 11
865 2960 911 2987 m
1416 2955 1483 3001 2⁶⁵
