1846 3262
35 247 128 296 699
149 257 178 286 a
530 246 795 290 IOANNIS
837 245 1355 290 SARESBERIENSIS
1487 242 1597 306 [ΜΒ.
1614 255 1685 287 vn

198 373 244 413 et
265 370 320 413 de
340 369 603 427 cupiditatis
623 369 781 427 planta
801 383 1085 426 nequaquam
1106 368 1224 412 bona
1251 368 1528 426 prouenient.
1590 367 1686 411 Nec

198 443 267 483 est
302 441 421 497 quod
454 440 688 497 displiceat
721 439 828 491 Deo,
861 439 939 482 ubi
981 439 1178 482 sincerae
1218 439 1468 482 uoluntatis
1501 438 1688 482 uictima

198 510 480 563 immolatum
530 514 611 553 aut
651 510 771 567 quod
812 525 914 553 eum
955 524 1046 552 non
1081 509 1291 562 offendat,
1326 509 1364 552 si
1399 509 1447 551 in
1487 508 1688 566 qualibet

197 581 355 638 pingui
381 581 607 623 oblatione
634 581 863 638 propriam
892 581 932 624 ei
961 580 1062 638 quis
1090 579 1368 623 subtraxerit
1393 579 1687 622 uoluntatem.

198 651 317 709 Ergo
338 651 415 708 qui
431 666 558 694 suam
575 651 858 694 uoluntatem
874 650 1021 694 facere
1034 651 1244 708 disponit,
1258 651 1410 694 irritat
1426 650 1687 701 Dominum3
1706 658 1725 697 5

198 724 243 764 et
264 722 341 778 qui
359 736 440 765 sua
460 722 712 779 postposita
739 722 862 765 illius
889 737 936 765 se
957 721 1122 765 subicit
1142 721 1382 772 uoluntati,
1403 719 1689 764 Altissimum

197 791 358 848 placat.
410 792 464 834 In
486 806 538 835 eo
553 792 774 849 siquidem
791 792 885 835 solo
905 806 1039 835 uerae
1059 791 1261 834 iustitiae
1282 805 1457 834 summa
1472 789 1690 834 consistit.

199 861 328 905 Vnde
348 861 462 904 illud
482 862 531 904 in
552 862 800 920 Euangelio
817 878 827 905 :
858 861 1082 905 Iudicium
1103 876 1265 912 meum,
1286 861 1436 918 inquit
1457 859 1688 911 Dominus,

199 932 368 975 iustum
386 934 465 985 est,
483 932 590 989 quia
605 947 696 975 non
717 931 834 975 facio
855 931 1138 974 uoluntatem
1151 946 1296 974 meam
1313 931 1391 974 sed
1406 930 1689 974 uoluntatem

152 1002 181 1040 b
200 1002 295 1045 eius
328 1002 406 1059 qui
441 1002 567 1046 misit
602 1017 685 1045 me.
747 1003 926 1060 Moyses
963 1016 1139 1059 quoque
1175 1001 1223 1044 in
1260 1001 1484 1045 Leuitico:
1530 1000 1690 1045 Omnis
1710 1017 1751 1042 10

198 1072 378 1125 oblatio,
404 1088 519 1130 quae
547 1073 735 1116 offertur
767 1073 975 1124 Domino,
1007 1073 1175 1130 absque
1211 1072 1435 1115 fermento
1467 1071 1569 1125 fiet3
1609 1085 1690 1114 nec

198 1143 436 1200 quicquam
458 1143 670 1187 fermenti
691 1158 742 1187 ac
763 1143 908 1186 mellis
924 1143 1179 1187 adolebitur
1193 1143 1241 1185 in
1257 1143 1473 1186 sacrificio
1494 1141 1689 1186 Domini.

199 1213 445 1271 Superbiae
475 1229 669 1271 namque
695 1213 969 1257 fermentum
996 1214 1183 1257 offertur
1210 1216 1257 1257 et
1283 1213 1440 1265 mellis,
1459 1227 1562 1257 cum
1590 1211 1691 1270 quis

200 1284 405 1342 neglecta
432 1285 691 1328 humilitate
719 1288 765 1328 et
790 1284 1093 1328 amaritudine
1118 1284 1434 1328 mandatorum
1458 1283 1690 1341 quippiam

201 1355 332 1398 offert
366 1355 424 1398 ad
456 1358 619 1398 nutum
652 1355 860 1412 propriae
892 1355 1154 1398 uoluntatis.
1215 1355 1304 1409 Qui
1329 1369 1437 1398 uero
1463 1353 1690 1397 mandatis
1711 1369 1752 1405 15

200 1425 437 1483 legittimis
471 1426 699 1483 propriam
735 1426 900 1469 subicit
938 1426 1234 1477 uoluntatem,
1271 1425 1484 1483 quicquid
1519 1425 1691 1475 offerat,

201 1499 423 1539 tumorem
445 1495 657 1539 fermenti
678 1498 724 1539 et
750 1496 896 1539 mellis
923 1511 951 1539 a
975 1495 1192 1539 sacrificio
1219 1496 1493 1554 prohibitam
1521 1495 1692 1539 scilicet

201 1565 401 1609 excludit
433 1565 724 1609 dulcedinem.
785 1565 869 1609 Isti
902 1566 1056 1623 itaque
1088 1566 1295 1624 propriae
1327 1565 1578 1609 uoluntatis
1608 1565 1689 1608 im-

200 1650 429 1687 memores,
463 1639 729 1693 quaerentes
761 1636 930 1695 iugiter
961 1636 1182 1694 quomodo
1217 1636 1425 1694 placeant
1459 1636 1501 1680 ei
1535 1636 1608 1680 cui
1644 1650 1691 1679 se

201 1706 520 1763 probauerunt,
532 1706 723 1758 laudem,
740 1721 854 1764 quae
870 1707 928 1749 ab
943 1707 1199 1750 hominibus
1215 1710 1295 1760 est,
1311 1709 1691 1764 contempnentes,
1711 1727 1754 1750 20

202 1791 283 1820 nec
315 1777 531 1820 habentes
563 1792 644 1821 nec
677 1777 880 1820 uolentes
920 1777 1085 1820 habere
1115 1777 1312 1828 diuitias,
1343 1792 1479 1834 quam
1513 1776 1690 1820 dicendi

204 1848 311 1890 sunt
331 1847 495 1890 habere
521 1862 622 1890 cum
647 1847 864 1904 ypocritis
888 1847 1171 1905 portionem?
1231 1847 1362 1900 Quod
1382 1850 1535 1890 tamen
1555 1847 1691 1890 mira-

160 1925 187 1955 c
205 1917 334 1968 beris,
370 1917 461 1960 iam
493 1917 552 1960 ad
590 1917 929 1962 Cartuarienses
961 1918 1199 1961 diuertisse
1235 1917 1382 1961 dictus
1415 1921 1483 1962 est
1517 1917 1693 1976 aliquis,

204 1990 258 2030 ut
289 2002 317 2030 a
351 1990 608 2031 sanctorum
644 1988 868 2032 consortio
904 1991 1116 2032 euocatus
1151 1988 1421 2040 ascenderet,
1457 1991 1504 2032 et
1536 1991 1694 2046 postea

203 2072 445 2101 conuersus
483 2061 730 2102 retrorsum
770 2059 880 2117 quid
921 2058 1164 2116 quaesierit
1203 2073 1389 2116 operum
1433 2059 1692 2103 testimonio
1712 2080 1754 2114 ²5

203 2128 460 2188 declarasse.
502 2129 567 2172 At
586 2129 662 2172 ille
682 2129 874 2173 iudicem
896 2144 1027 2172 suum
1048 2129 1198 2183 habet,
1213 2144 1294 2173 nec
1311 2132 1463 2173 tamen
1477 2144 1694 2188 umquam

203 2198 482 2242 committere
525 2199 676 2257 potuit
722 2203 776 2243 ut
819 2200 1126 2243 sanctissimae
1169 2199 1459 2258 professionis
1503 2199 1694 2259 gloriam
1749 2198 1756 2206 ’

205 2269 475 2328 denigraret.
535 2270 605 2313 De
626 2270 793 2329 Magno
820 2270 976 2314 Monte
1002 2270 1227 2314 neminem
1248 2270 1395 2315 adhuc
1415 2274 1696 2329 assumptum

206 2339 385 2393 audiui3
416 2340 495 2384 sed
521 2340 699 2384 utinam
726 2343 808 2384 aut
834 2356 1081 2399 numquam
1109 2343 1366 2385 assumatur
1385 2343 1466 2385 aut
1490 2341 1598 2385 talis
1618 2342 1696 2399 qui

206 2411 332 2454 nullo
358 2411 582 2455 decoloret
609 2414 714 2455 actu
742 2412 975 2455 hominum
1003 2411 1244 2469 singularis
1266 2412 1536 2456 eminentiae
1555 2426 1695 2456 uenu-
1715 2435 1758 2470 30

207 2484 382 2524 statem.
442 2481 538 2524 Alii
578 2482 811 2535 Basilium,
850 2482 929 2525 alii
960 2482 1266 2534 Benedictum,
1306 2483 1355 2525 hi
1386 2483 1696 2541 Augustinum

208 2612 229 2647 8
256 2610 484 2657 euuangelio
503 2610 565 2646 CA
737 2621 782 2647 10
805 2609 945 2648 Moises
962 2609 986 2646 S
1171 2612 1215 2648 16
1239 2610 1425 2658 legitimis
1442 2610 1476 2646 A
1651 2621 1697 2648 22

206 2658 421 2742 {pffithitis
449 2659 499 2696 C:
535 2657 748 2706 hypocritis
777 2658 828 2695 B:
859 2657 1076 2706 hypocritis
1107 2657 1132 2695 S
1373 2669 1419 2706 23
1446 2657 1698 2697 cartusienses

257 2825 277 2859 8
302 2824 489 2859 Iudicium
507 2825 578 2860 etc.
597 2834 606 2859 ε
633 2823 765 2860 Ioann.
783 2836 815 2860 v.
834 2833 892 2870 30.
1041 2833 1095 2867 10,
1116 2833 1155 2860 11
1187 2825 1314 2862 Omnis
1330 2825 1462 2862 oblatio
1482 2826 1556 2861 etc.
1573 2835 1582 2860 t
1608 2821 1695 2860 Lev.

207 2869 247 2907 ii.
270 2881 326 2907 11.
511 2882 558 2907 20
583 2873 728 2908 laudem
745 2873 841 2909 eta:
868 2884 901 2909 v.
920 2870 1027 2909 Rom.
1045 2871 1087 2910 ii.
1105 2882 1163 2919 29.
1359 2883 1404 2909 22
1429 2885 1512 2909 cum
1526 2873 1700 2918 ypocritis

204 2920 431 2964 portionem:
455 2931 489 2956 v.
509 2920 621 2956 Matt.
638 2919 738 2956 xxiv.
757 2928 814 2967 51.

322 2990 388 3023 206
