1846 3262
72 204 162 254 649
181 201 211 243 <1
571 198 834 244 IOANNIS
865 198 1385 244 SARESBERIENSIS
1517 198 1627 260 [ΜΒ.
1645 210 1718 243 vn

228 323 354 382 pium
390 325 470 375 est,
504 322 621 366 sicut
652 336 680 364 a
714 319 1022 377 probabilibus
1057 319 1293 364 dissentire
1329 321 1619 378 pertinaciter
1650 323 1720 364 est

228 400 502 452 proteruum.
555 392 666 445 Quis
687 391 806 433 enim
827 390 915 433 nisi
935 389 1121 432 insanus
1136 392 1218 432 aut
1229 393 1468 447 proteruus
1483 390 1719 449 negauerit

230 464 340 521 quin
369 464 426 506 ab
454 462 574 506 omni
602 464 770 519 puncto
798 460 856 503 ad
887 475 1018 503 omne
1045 463 1263 517 punctum
1291 461 1547 518 oppositum
1577 460 1720 519 possit

77 542 162 591 650
182 551 212 580 a
229 535 349 578 linea
379 536 502 577 recta
535 531 776 590 protendi?
835 530 956 573 Nam
989 531 1106 574 sicut
1137 530 1186 572 in
1223 530 1408 574 edificiis
1442 545 1618 575 necesse
1651 534 1721 574 est
1764 521 1770 527 ”

229 603 399 661 aliquid
425 603 568 644 fixum
600 615 694 644 esse
723 602 768 644 et
796 600 957 643 stabile
984 599 1055 643 cui
1085 599 1297 657 erigenda
1323 602 1552 644 structura
1578 601 1721 658 possit
1739 619 1758 654 5

229 674 377 725 inniti,
407 673 470 716 516
501 672 550 714 111
577 671 699 715 0111111
729 670 934 714 doctrina
960 669 1143 727 aliquod
1170 670 1331 714 stabile
1358 670 1541 714 initium
1570 685 1720 728 proce-

229 744 364 787 dendi
384 742 625 786 necessitas
645 740 999 785 consultissimae
1019 740 1209 784 rationis
1233 741 1446 799 exposcit.
1506 740 1723 798 Alioquin

229 813 442 872 quicquid
473 812 628 870 opifex
658 811 808 863 adicit,
832 813 968 854 nutat
1000 825 1051 854 ac
1088 811 1126 854 si
1160 811 1207 854 in
1240 811 1412 855 lubrico
1447 826 1609 855 arenae
1641 813 1724 854 aut

229 883 465 928 bituminis
486 883 587 940 quis
608 882 784 926 edificet
804 884 885 925 aut
909 882 1076 925 scribat
1099 881 1148 924 in
1174 881 1374 925 fluminis
1398 881 1541 940 lapsu.
1601 881 1723 925 Nam

228 954 410 998 incertis
430 953 621 997 certiora
641 951 816 996 faciunt
845 951 992 995 fidem.
1055 951 1104 995 Si
1126 967 1232 1010 ergo
1251 952 1391 996 nichil
1411 951 1616 1009 sequitur
1635 950 1723 994 nisi
1743 967 1786 994 10

230 1024 354 1068 aliud
394 1023 641 1074 antecedat,
678 1023 715 1066 si
750 1025 900 1066 motus
941 1022 1086 1066 omnis
1122 1038 1149 1066 a
1184 1022 1334 1080 quiete
1374 1023 1587 1080 procedit,
1622 1022 1724 1080 quis

230 1097 380 1154 potest
407 1094 448 1137 ei
476 1092 755 1151 probationis
786 1107 880 1136 esse
910 1107 1142 1150 processus
1175 1093 1253 1150 qui
1283 1108 1507 1150 nusquam
1535 1092 1726 1150 quiescit

232 1169 313 1209 aut
337 1164 451 1208 nulli
477 1163 755 1221 adquiescit?
829 1162 883 1205 Ei
907 1177 1102 1220 namque
1126 1163 1199 1206 cui
1223 1163 1375 1206 omnia
1399 1178 1539 1220 aeque
1566 1163 1726 1221 proba·

231 1236 342 1279 bilia
362 1238 470 1279 sunt
488 1234 628 1278 nichil
648 1233 830 1291 probari
850 1236 1010 1291 potest.
1071 1233 1161 1277 Sed
1182 1248 1335 1277 eorum
1357 1248 1471 1291 quae
1491 1233 1727 1292 perspicua
1784 1260 1808 1263 -r

233 1309 342 1350 sunt
381 1305 471 1348 alia
516 1308 624 1348 sunt
671 1304 879 1347 omnibus
928 1306 1049 1357 nota,
1089 1304 1180 1347 alia
1225 1304 1500 1349 doctioribus
1543 1306 1724 1348 tantum
1746 1324 1787 1359 15

233 1376 476 1433 unicuique
496 1375 740 1419 secundum
761 1375 989 1432 propriam
1010 1374 1285 1419 facultatem.
1347 1375 1467 1418 Nam
1487 1390 1726 1419 numerum

187 1451 217 1489 b
235 1461 412 1492 omnem
440 1460 595 1504 parem
620 1460 714 1489 esse
740 1445 814 1488 uel
842 1445 1059 1503 imparem
1088 1445 1156 1489 ita
1184 1445 1361 1504 publice
1388 1449 1547 1490 notum
1577 1449 1647 1490 est
1673 1448 1727 1490 ut

234 1532 316 1561 nec
335 1531 497 1575 pueros
515 1516 657 1560 lateat
677 1515 840 1573 quibus
858 1515 1042 1559 licentia
1060 1515 1196 1559 etatis
1215 1515 1422 1574 indulget

411 1586 564 1629 ludere
594 1601 677 1644 par
706 1586 864 1644 impar,
895 1586 1097 1643 equitare
1127 1586 1176 1629 in
1206 1586 1426 1630 arundine
1456 1586 1602 1645 longa,

412 1645 617 1689 edificare
647 1659 783 1696 casas,
813 1645 1018 1702 plostello
1048 1645 1293 1703 adiungere
1321 1660 1482 1690 mures.
1745 1653 1791 1678 20

238 1717 338 1760 Hoc
369 1719 532 1767 autem,
565 1716 684 1773 quod
716 1715 862 1758 omnis
897 1716 1137 1774 multiplex
1177 1718 1315 1774 quoto
1354 1716 1449 1760 loco
1488 1716 1630 1760 distat
1669 1716 1728 1760 ab

236 1787 425 1838 unitate,
469 1788 540 1829 tot
578 1785 1006 1843 superparticulares
1051 1785 1122 1828 sui
1164 1785 1340 1843 generis
1379 1785 1617 1839 antecedit,
1657 1785 1729 1830 his

238 1857 480 1900 dumtaxat
534 1856 736 1899 innotuit
791 1855 869 1913 qui
923 1855 1122 1899 numeris
1168 1870 1349 1913 operam
1395 1855 1727 1914 impenderunt.

239 1926 587 1971 Mathematicus
607 1929 759 1969 autem
787 1925 1033 1970 consultior
1055 1925 1186 1969 nouit
1210 1925 1318 1983 quia
1344 1925 1525 1969 diuersa
1550 1929 1659 1970 sunt
1681 1925 1729 1970 id

239 1997 359 2055 quod
381 2000 449 2040 est
470 1999 516 2040 et
537 2011 631 2040 esse
652 1996 730 2040 rei.
793 1995 852 2039 Et
872 1995 935 2040 sic
955 1996 1003 2038 in
1024 1995 1215 2054 singulis
1236 1995 1484 2054 disciplinis
1508 1996 1728 2054 quaedam
1747 2011 1765 2036 2
1771 2011 1791 2047 5

239 2067 333 2111 suis
359 2067 593 2125 opificibus
622 2067 911 2110 innotescunt
939 2080 1053 2124 quae
1079 2081 1171 2109 non
1200 2066 1333 2110 modo
1359 2067 1499 2125 uulgo
1525 2067 1603 2110 sed
1629 2067 1731 2111 aliis

238 2137 517 2197 philosophis
552 2137 846 2181 occultantur.
908 2137 1061 2180 Habet
1093 2141 1141 2180 et
1167 2137 1325 2195 religio
1351 2137 1579 2195 quaelibet
1607 2138 1730 2196 prin-

239 2208 358 2266 cipia
396 2222 479 2251 sua
519 2222 633 2264 quae
672 2210 754 2250 aut
785 2206 902 2250 ratio
937 2203 1185 2251 communis
1217 2210 1299 2251 aut
1329 2207 1474 2266 pietas
1508 2209 1733 2266 persuasit

201 2295 226 2325 c
242 2279 405 2337 quibus
425 2278 603 2336 proficit
618 2277 666 2320 in
682 2278 808 2321 cultu
821 2277 906 2321 Dei
928 2281 974 2321 et
993 2292 1169 2321 morum
1185 2278 1399 2322 exercitio
1414 2278 1473 2321 ad
1487 2278 1731 2322 beatitudi-

241 2365 345 2393 nem
384 2348 688 2406 optinendam.
748 2348 831 2392 Est
865 2351 1018 2392 autem
1055 2363 1198 2392 unum
1230 2349 1432 2392 omnium
1464 2348 1732 2408 religionum
1751 2365 1795 2400 30

241 2419 513 2478 principium
531 2418 651 2476 quod
671 2418 817 2476 pietas
837 2419 982 2477 gratis
1002 2421 1049 2462 et
1069 2418 1165 2463 sine
1185 2419 1280 2462 ulla
1299 2419 1564 2477 probatione
1581 2435 1732 2464 conce-

243 2491 325 2543 dit,
339 2490 486 2533 Deum
507 2489 676 2533 scilicet
696 2492 938 2547 potentem,
956 2489 1216 2547 sapientem,
1235 2490 1413 2542 bonum,
1429 2491 1734 2535 uenerabilem

241 2563 734 2658 ΝΜ
897 2581 941 2617 13
976 2582 1074 2618 eque
1107 2571 1238 2608 omnia
1266 2570 1315 2607 Αι
1474 2581 1524 2608 20
1555 2571 1732 2619 plestello

292 2693 314 2729 8
338 2694 382 2728 in
398 2693 538 2729 lubrico
556 2703 715 2728 arenae:
743 2690 792 2728 cf.
809 2689 921 2727 Matt.
940 2689 1001 2727 vii.
1021 2690 1079 2727 26.
1219 2699 1262 2736 19
1280 2691 1403 2726 ludere
1420 2691 1517 2727 etc.:
1546 2690 1636 2727 Hor.
1654 2692 1731 2728 Sat.

244 2740 285 2776 ii.
305 2751 335 2784 3.
355 2743 435 2785 248,
455 2749 537 2786 247.
689 2749 730 2775 21
751 2740 871 2775 omnis
883 2740 1078 2785 multiplex
1094 2739 1181 2775 etc.:
1207 2750 1239 2774 v.
1259 2737 1399 2776 Boeth.
1416 2740 1460 2774 de
1475 2740 1635 2775 Arithm.
1652 2738 1692 2775 ii.
1711 2749 1733 2776 2

244 2787 391 2835 (Migne
420 2790 461 2824 P.
486 2791 529 2825 L.
558 2786 657 2824 lxiii.
691 2796 779 2833 1115
811 2787 944 2833 seqq).
1083 2796 1127 2822 22
1151 2788 1525 2832 superparticulares:
1557 2786 1655 2831 Quid
1682 2786 1735 2824 sit

244 2847 424 2872 numerus
448 2834 817 2883 superparticularis,
845 2833 938 2872 satis
963 2833 1133 2881 explicat
1166 2833 1351 2871 Boethius
1377 2836 1420 2871 de
1445 2836 1606 2872 Arithm.
1634 2834 1660 2872 i.
1687 2846 1734 2881 24

247 2883 396 2932 (Migne
420 2886 462 2921 P.
479 2887 523 2921 L.
548 2883 645 2921 lxiii.
674 2883 797 2931 1101).

359 2955 424 2990 116
