1846 3262
111 223 184 262 801
203 222 232 263 b
574 219 837 264 IOANNIS
880 218 1399 263 SARESBERIENSIS
1510 217 1624 280 [Lm.
1638 228 1731 263 VIII

250 341 496 387 Christiani
517 343 835 393 coherceretur,
855 356 911 385 ne
932 341 973 385 ei
994 341 1175 385 dilatari
1192 341 1346 385 liceret
1365 341 1518 385 circuli
1538 340 1731 384 termino

248 428 343 457 esse
362 415 634 471 conseptum.
697 412 812 457 Cum
833 415 985 455 autem
1009 412 1155 455 adhuc
1181 412 1308 469 pueri
1337 411 1492 455 Gallus
1520 414 1566 455 et
1592 411 1731 454 Iulia-

247 498 333 526 nus
360 484 418 526 ad
445 483 722 540 sepulturam
750 482 971 526 Mammae
1000 482 1199 526 martiris
1219 497 1350 539 opere
1370 482 1490 525 inter
1512 496 1559 525 se
1585 481 1731 524 diuiso

247 554 453 597 certatim
469 553 699 597 basilicam
715 552 1001 604 fabricarent,
1017 567 1087 596 res
1100 552 1224 596 dictu
1239 551 1458 595 mirabilis
1473 554 1520 594 et
1538 550 1731 595 forsitan

204 636 229 667 c
247 624 519 667 incredibilis
548 623 758 667 accidisse
798 626 1021 668 narratur.
1082 623 1200 666 Galli
1234 637 1426 679 namque
1458 636 1563 679 pars
1596 635 1730 678 auge·
1748 635 1769 670 5

246 693 382 736 batur
401 693 662 750 utiliterque
681 693 927 746 crescebat3
958 693 1123 736 Iuliani
1143 707 1251 735 uero
1263 691 1436 735 labores
1456 690 1534 734 alii
1550 690 1731 748 quidem
1805 711 1807 714 ·

245 762 544 814 fodiebantur,
559 763 637 806 alii
658 766 779 807 terra
797 763 896 821 ipsa
915 765 1149 806 euomente
1165 761 1401 805 ruderibus
1415 760 1730 818 implebantur,

243 832 512 889 aliquotiens
539 836 686 876 terrae
713 832 917 891 deposita
944 832 1240 875 fundamenta
1267 830 1466 889 copulari
1486 845 1576 874 non
1603 833 1730 888 pote-

244 906 360 955 rant,
393 918 443 947 ac
478 903 515 947 si
549 903 768 960 quaedam
800 903 1000 947 uiolenta
1030 902 1178 945 uirtus
1212 901 1270 944 ab
1304 901 1516 944 inferiore
1550 901 1645 944 loco
1677 914 1730 944 ea

243 973 581 1031 repercutiendo
608 973 859 1031 depelleret.
919 973 1008 1016 Res
1031 971 1287 1030 prodigiosa
1316 971 1415 1015 uisa
1435 974 1503 1015 est
1522 971 1729 1015 omnibus
1749 982 1791 1008 ιο

242 1043 606 1087 existimantibus
622 1044 728 1101 quia
746 1058 837 1087 non
853 1046 969 1087 esset
987 1043 1061 1086 uir
1079 1043 1155 1086 ille
1174 1043 1223 1085 in
1236 1042 1495 1087 Christiana
1514 1041 1729 1099 religione

242 1114 445 1158 salubris.
521 1114 616 1158 Nec
652 1114 789 1167 falso;
832 1114 951 1172 quod
983 1113 1134 1171 patuit
1169 1128 1226 1157 ex
1260 1115 1362 1171 post
1401 1112 1533 1156 facto.
1607 1111 1728 1155 Nam

243 1185 447 1228 ecclesias
473 1187 520 1228 et
546 1185 775 1228 ministros
802 1184 1153 1242 possessionibus
1175 1187 1221 1228 et
1247 1183 1496 1242 priuilegiis
1517 1182 1731 1240 spoliauit

243 1257 301 1306 et,
322 1255 441 1312 quod
461 1255 595 1298 nimis
622 1269 760 1313 graue
788 1258 834 1298 et
857 1254 989 1312 plane
1009 1254 1276 1297 iniuriosum
1297 1256 1376 1305 est,
1397 1253 1577 1297 clericos
1597 1252 1730 1296 iussit

243 1325 463 1368 militibus
483 1325 719 1383 aggregari
741 1325 842 1369 duci
869 1325 1127 1383 prouinciae
1147 1324 1404 1375 seruituros,
1423 1323 1728 1381 plurimosque
1748 1337 1790 1371 15

243 1410 396 1439 eorum
428 1396 577 1439 curiae
609 1396 810 1439 tradidit.
883 1395 1103 1453 Populum
1138 1409 1245 1438 uero
1281 1393 1590 1437 Christianum
1625 1407 1727 1436 cum

243 1466 459 1509 uxoribus
491 1468 537 1509 et
567 1466 673 1509 filiis
708 1466 891 1509 inscribi
922 1466 1149 1524 praecepit
1184 1467 1230 1508 et
1259 1467 1491 1522 tamquam
1519 1463 1727 1507 uicaneos

196 1540 226 1580 d
242 1536 415 1579 tributa
434 1536 709 1593 persoluere3
740 1539 786 1579 et
806 1535 1000 1580 Galileos
1027 1550 1180 1579 omnes
1207 1535 1381 1579 censuit
1405 1533 1575 1577 infelici
1595 1533 1725 1576 dimi-

241 1605 419 1649 nutioni
463 1606 623 1663 capitis
663 1606 901 1649 subiacere.
982 1606 1037 1648 In
1077 1605 1208 1649 initio
1249 1608 1414 1657 autem,
1455 1603 1725 1648 Christianis

241 1690 439 1733 parcens,
461 1676 614 1719 mitior
633 1676 758 1720 uisus
783 1678 861 1732 est,
888 1676 1031 1720 sciens
1060 1676 1231 1733 priores
1256 1677 1559 1733 persecutores
1585 1674 1724 1718 nichil
1745 1686 1789 1715 πο

240 1747 476 1804 profecisse
501 1747 549 1789 in
572 1761 689 1804 pena
710 1747 1080 1798 Christianorum,
1102 1746 1179 1803 qui
1199 1745 1344 1804 magis
1364 1745 1468 1788 inde
1487 1746 1727 1788 creuerunt

241 1820 288 1863 et
308 1816 418 1861 facti
438 1820 545 1860 sunt
565 1817 747 1875 gloriosi
766 1832 848 1875 pro
863 1832 971 1861 uero
991 1817 1200 1874 dogmate
1219 1816 1470 1859 morientes.
1510 1814 1727 1858 Inuidens

242 1902 348 1945 ergo
383 1902 536 1930 eorum
571 1887 752 1945 gloriae,
787 1887 1009 1931 abstinuit
1044 1902 1072 1930 a
1105 1886 1354 1937 tormentis,
1389 1885 1592 1929 iudicans
1631 1898 1726 1929 esse

241 1957 538 2000 necessarium
558 1960 612 2000 ut
633 1972 834 2001 sermone
853 1957 1004 2015 potius
1025 1960 1071 2000 et
1090 1956 1394 2000 admonitione
1413 1955 1472 1999 ad
1491 1955 1726 2013 paganita-

241 2030 333 2070 tem
366 2027 595 2070 colendam
631 2028 846 2085 populum
886 2027 1106 2079 suaderet,
1140 2041 1325 2085 sperans
1358 2027 1494 2070 etiam
1534 2025 1638 2069 hinc
1677 2040 1726 2069 se
1746 2045 1788 2084 ²⁵

241 2100 490 2140 monstrare
510 2097 785 2143 clementem.
844 2097 1024 2142 Dicitur
1046 2098 1165 2141 enim
1196 2097 1313 2154 quia,
1334 2097 1441 2140 dum
1467 2095 1725 2140 Constanti-

241 2167 392 2224 nopoli
423 2167 543 2225 apud
575 2167 820 2211 Fortunam
851 2167 1120 2211 sacrificaret
1149 2167 1286 2219 urbis,
1315 2166 1499 2210 accessit
1529 2166 1588 2209 ad
1622 2181 1727 2209 eum

241 2237 381 2281 Maris
431 2238 662 2295 episcopus
704 2238 977 2282 Calcedonae
1018 2240 1064 2281 et
1105 2237 1282 2296 publice
1320 2237 1509 2295 impium
1548 2239 1595 2280 et
1629 2237 1726 2280 sine

241 2307 338 2351 Deo
378 2310 631 2365 apostatam
671 2308 901 2352 uocitauit.
961 2309 1024 2352 At
1058 2308 1134 2351 ille
1169 2307 1309 2351 solam
1341 2307 1383 2350 ei
1417 2307 1725 2365 improperans

239 2377 484 2428 cecitatem,
519 2392 570 2421 eo
605 2377 724 2435 quod
756 2393 893 2421 senex
932 2393 1059 2422 cecus
1089 2392 1228 2420 manu
1266 2376 1452 2420 alterius
1494 2376 1725 2434 agebatur,
1743 2391 1786 2424 30

88 2447 173 2487 802
193 2458 223 2488 a
241 2447 429 2490 adiecit:
464 2447 622 2504 Neque
651 2447 849 2491 Galileus
876 2447 999 2492 Deus
1025 2450 1132 2491 tuus
1157 2462 1312 2491 curare
1332 2449 1379 2490 te
1405 2449 1564 2504 potest.
1638 2446 1723 2490 Re-

239 2517 422 2575 spondit
442 2517 604 2561 Maris:
635 2517 816 2561 Gratias
835 2532 921 2576 ago
940 2517 1048 2569 Deo,
1065 2517 1144 2575 qui
1163 2517 1246 2561 hoc
1268 2517 1361 2574 egit
1381 2531 1438 2560 ne
1457 2519 1504 2560 te
1523 2516 1724 2560 uiderem

242 2650 259 2679 1
288 2641 527 2677 coerceretur
542 2639 603 2675 CB
762 2649 783 2687 3
809 2638 943 2676 matris
949 2641 1086 2694 forsan
1102 2637 1170 2675 A‘:
1196 2636 1376 2685 martyris
1393 2637 1442 2674 A*
1469 2685 1477 2693 ·
1502 2684 1511 2693 υ
1597 2644 1725 2722 7Μροεί

240 2690 446 2725 euomente
464 2689 550 2723 add.
567 2689 607 2724 et
623 2686 658 2722 A
803 2696 844 2734 15
871 2699 1051 2735 agregari
1069 2686 1093 2722 S
1238 2696 1285 2732 24
1309 2687 1587 2724 ammonitione

288 2809 309 2834 2
339 2799 431 2834 Cum
446 2803 568 2835 autem
583 2799 679 2836 etc.:
706 2809 738 2834 v.
758 2797 921 2836 Cassiod.
944 2799 1042 2834 Hist.
1064 2798 1166 2843 Trip.
1186 2795 1233 2833 vi.
1251 2806 1285 2842 3.
1480 2806 1535 2842 12,
1556 2805 1599 2844 13
1623 2797 1720 2834 Nam

239 2848 402 2883 ecelesias
417 2849 512 2883 etc.:
537 2858 571 2883 v.
588 2845 679 2883 ibid.
698 2844 746 2882 vi.
763 2856 798 2891 4.
921 2856 965 2893 19
988 2847 1037 2883 In
1053 2847 1160 2882 initio
1178 2846 1252 2882 etc.
1267 2857 1276 2882 :
1301 2856 1336 2882 v.
1351 2842 1445 2882 ibid.
1460 2843 1509 2882 vi.
1529 2853 1562 2893 5.
1674 2846 1723 2883 26

236 2895 390 2932 Dicitur
403 2897 497 2932 etc.:
523 2906 556 2933 v.
572 2893 666 2933 ibid.
682 2893 732 2931 vi.
750 2895 787 2934 6.

348 2964 418 3012 386
