1846 3262
81 196 153 246 718
175 197 205 238 b
536 196 800 242 IOANNIS
841 195 1363 243 SARESBERIENSIS
1484 198 1598 260 [LIB.
1614 211 1708 244 VIII

339 318 448 377 quid
478 318 667 376 gestiam
700 319 781 361 aut
816 317 926 375 quid
961 317 1079 361 letus
1113 317 1210 369 sim,
1241 333 1329 375 quo
1360 333 1556 377 pergam,
1587 320 1707 364 unde

397 392 633 435 emergam,
664 377 743 420 ubi
774 376 885 419 siem

337 436 553 479 uestitum
579 436 698 478 hunc
718 438 888 486 nactus,
910 435 1019 492 quid
1046 435 1183 478 michi
1204 450 1429 493 quaeram,
1450 452 1586 481 sanus
1620 438 1706 482 sim

397 510 455 537 an
486 494 710 537 insaniam
723 496 741 539 ’ἔ

176 586 201 615 0
220 581 532 639 Interrogatus
572 581 680 624 haec
715 580 888 624 omnia:
929 580 1075 624 Immo
1109 595 1204 639 ego,
1239 581 1401 638 inquit,
1435 584 1481 626 te
1513 582 1706 635 obsecro,
1724 601 1743 635 5

218 651 433 708 Antipho,
462 654 515 694 ut
545 651 704 694 audias
734 651 896 702 omnia,
918 650 1075 694 audias
1107 650 1226 694 diem
1258 650 1437 703 festum,
1465 652 1705 696 iocundum

217 724 442 773 euentum,
473 737 657 765 suauem
693 721 937 774 fortunam,
976 721 1025 764 in
1062 736 1196 764 euum
1232 721 1440 765 omnibus
1469 722 1705 766 historiam

216 792 575 845 memorandam3
608 795 654 835 et
681 792 751 835 sui
783 807 958 849 quoque
989 791 1157 835 furoris
1187 792 1422 835 subtexuit
1449 792 1587 836 dolos.
1648 793 1705 836 In

216 877 392 906 summa
430 864 571 906 totius
611 863 868 921 argumenti
894 853 960 907 ’6ο
1000 863 1058 906 ad
1097 877 1307 921 praesens
1346 863 1559 907 uniuersa
1593 864 1703 908 haec

215 933 411 977 arbitror
440 949 567 991 posse
598 933 768 985 referri,
798 937 851 977 ut
881 936 1055 977 constet
1084 948 1165 991 pro
1190 936 1312 978 certo
1340 934 1447 992 quia
1475 935 1701 979 amicitiae
1723 951 1767 975 ιο

214 1001 485 1058 prostitutae
524 1001 635 1044 fides
669 1001 825 1044 haberi
861 1016 952 1044 11011
987 1001 1131 1044 debet.
1192 1001 1312 1044 Nam
1353 1017 1467 1059 quae
1506 1002 1634 1046 uenit
1673 1017 1702 1046 a

213 1072 470 1115 sinceritate
498 1072 652 1125 animi,
681 1072 826 1115 fidelis
855 1074 978 1115 certa
1002 1074 1049 1115 et
1079 1072 1172 1115 fixa
1202 1075 1293 1125 est3
1329 1087 1443 1130 quae
1474 1073 1532 1116 ab
1563 1073 1701 1116 archa

214 1142 287 1185 uel
329 1142 497 1194 loculis,
526 1142 668 1185 fluida
712 1142 886 1186 incerta
930 1157 1127 1195 erronea,
1169 1145 1215 1186 et
1255 1143 1489 1187 deficiente
1531 1142 1700 1187 uiatico

216 1213 484 1256 emarcescit.

333 1293 448 1338 Cum
479 1293 664 1337 fortuna
693 1296 857 1345 manet,
887 1293 1067 1336 uultum
1098 1293 1290 1337 seruatis
1320 1293 1479 1347 amici3
1718 1300 1764 1338 15⁴

390 1368 490 1396 cum
521 1353 691 1404 cecidit,
721 1353 845 1410 turpi
876 1352 1056 1396 uertitis
1085 1367 1164 1396 ora
1194 1352 1314 1411 fuga.

215 1442 373 1486 Omnis
393 1444 512 1487 enim
533 1459 602 1487 res
623 1459 737 1501 quae
764 1444 812 1486 in
840 1443 1151 1487 commercium
1179 1443 1306 1486 uenit
1333 1442 1391 1486 ab
1419 1458 1509 1486 uno
1531 1444 1699 1488 transit

168 1517 198 1558 d
214 1513 271 1556 ad
302 1514 453 1565 alium,
484 1517 530 1558 et
560 1514 768 1557 ditiorem
798 1517 844 1557 et
874 1513 1121 1556 auidiorem
1157 1513 1399 1557 comitatur
1434 1517 1696 1571 emptorem.

212 1583 276 1627 At
298 1583 396 1627 foro
423 1585 511 1627 isto
538 1584 677 1628 nichil
701 1584 900 1641 iniquius
920 1587 1000 1635 est,
1021 1598 1108 1641 quo
1136 1599 1230 1627 rem
1258 1583 1392 1627 semel
1420 1584 1578 1628 emisse
1605 1599 1696 1628 non

209 1655 420 1712 proderit,
450 1655 538 1698 nisi
568 1669 743 1712 semper
771 1657 970 1706 ematur;
1000 1657 1046 1697 et
1072 1654 1151 1697 ubi
1182 1654 1369 1711 quisque
1397 1669 1491 1697 rem
1519 1655 1576 1697 ab
1606 1655 1695 1699 alio
1715 1665 1760 1690 20

209 1725 441 1768 uenditam
471 1724 693 1776 nendicat‚
727 1724 815 1768 m‘si
851 1727 896 1767 et
931 1723 1017 1781 ipsi
1050 1724 1105 1767 de
1137 1725 1283 1782 pretio
1318 1724 1520 1768 satisfiat.
1583 1724 1697 1779 Quis

209 1795 328 1838 6111111
358 1796 618 1853 popularem
650 1794 854 1838 fauorem
884 1794 1120 1838 uendidit?
1180 1794 1230 1837 Si
1259 1794 1435 1852 publice
1465 1794 1698 1839 habendus

210 1868 290 1918 est,
315 1869 490 1909 ematur
517 1866 575 1908 ab
603 1865 838 1908 uniuersis.
900 1864 1102 1922 Singulis
1129 1864 1249 1907 enim
1274 1878 1364 1907 non
1388 1864 1492 1907 lieet
1516 1865 1697 1922 publica

209 1936 326 1979 bona
378 1936 637 1979 distrahere.
717 1935 774 1979 In
824 1934 1052 1993 prouerbii
1102 1949 1277 1992 quoque
1327 1935 1694 1979 consuetudinem

209 2007 336 2050 uenit
357 2006 462 2064 quia
483 2006 664 2050 incauta
691 2005 874 2064 largitio
900 2020 991 2048 non
1018 2004 1156 2048 habet
1176 2004 1384 2047 fundum.
1446 2004 1693 2058 Praeterea,
1713 2019 1756 2055 25

209 2091 341 2134 quem
368 2076 597 2135 popularis
625 2076 758 2119 fauor
784 2076 842 2119 ad
869 2091 1057 2119 munera
1085 2075 1261 2126 extulit,
1283 2075 1320 2118 si
1346 2074 1463 2118 forte
1484 2075 1694 2120 Trasonis

207 2161 330 2190 more
369 2150 567 2204 emptam
606 2146 911 2190 celebritatem
952 2145 1107 2204 exigit,
1147 2144 1429 2189 contumeliis
1473 2145 1695 2198 affectum,

207 2217 374 2260 honore
395 2217 635 2275 spoliatum
657 2216 793 2259 Thais
813 2216 957 2259 altera
973 2215 1095 2258 fama
1111 2218 1156 2258 et
1177 2215 1337 2272 quauis
1356 2214 1525 2258 Thaide
1545 2215 1695 2260 minus

207 2289 299 2331 fida
323 2304 350 2331 a
376 2290 636 2346 praeempto
663 2286 845 2330 honoris
871 2286 1016 2344 gradu
1042 2289 1164 2330 arcet
1191 2285 1405 2343 deprimit
1432 2288 1478 2328 et
1505 2285 1694 2343 repellit.

4 2348 6 2350 i
64 2364 138 2405 719
159 2366 189 2396 a
208 2358 405 2402 Insultat
432 2358 600 2408 riualis,
630 2357 805 2400 sobrius
835 2359 1063 2414 correptor
1093 2355 1281 2406 exultat,
1303 2354 1453 2398 Gnato
1480 2355 1562 2398 uix
1589 2355 1693 2399 sub·
1711 2372 1754 2405 30
1817 2362 1821 2375 ⁸

206 2431 470 2479 murmurat,
486 2428 594 2470 dum
610 2430 762 2470 tamen
777 2441 877 2484 spes
893 2429 973 2478 est,
989 2429 1070 2469 aut
1086 2426 1189 2469 silet
1204 2425 1399 2477 omnino,
1415 2425 1453 2468 si
1474 2425 1693 2483 desperat,

205 2502 251 2542 et
270 2499 327 2541 ad
352 2498 463 2541 alios
483 2498 659 2548 transit,
681 2497 788 2554 quia
808 2497 850 2540 ei
874 2496 1111 2540 consilium
1133 2499 1201 2539 est
1221 2510 1396 2553 semper
1416 2494 1692 2539 felicioribus

204 2569 428 2612 adherere.

205 2687 226 2724 7
250 2678 462 2726 hystoriam
480 2678 520 2714 M
670 2688 712 2714 12
737 2688 826 2714 arca
844 2675 967 2713 CABS
1113 2685 1157 2712 22
1182 2673 1402 2713 uendiderit
1420 2674 1461 2710 Μ

252 2794 285 2828 4.
303 2796 373 2820 an:
399 2796 496 2819 anne
512 2783 597 2821 Ter.
723 2791 763 2829 15
794 2782 886 2818 C'um
894 2783 1057 2827 fortuna
1074 2782 1147 2818 etc.
1164 2793 1173 2816 :
1198 2780 1350 2817 Petron.
1366 2781 1442 2816 Sat.
1460 2779 1518 2815 80.
1640 2788 1687 2823 24

203 2833 252 2867 In
264 2833 454 2877 prouerbii
471 2834 544 2868 etc.
560 2844 567 2868 :
594 2843 627 2868 v.
644 2830 722 2867 Cic.
740 2832 783 2866 de
803 2831 870 2875 Off.
889 2829 930 2864 ii.
954 2837 994 2875 15
1016 2829 1034 2875 ξ
1055 2837 1112 2875 55.
1252 2839 1298 2874 30
1321 2829 1466 2864 sobrius
1481 2832 1687 2874 correptor:

204 2879 327 2926 qualis
344 2879 386 2915 in
402 2880 582 2916 Eunucho
599 2878 808 2917 Phaedriae
826 2879 910 2915 erat
928 2877 1135 2922 Parmen03
1163 2875 1212 2914 cf.
1231 2887 1345 2923 supra
1362 2875 1432 2921 716
1443 2884 1483 2911 D.

314 2960 381 2995 ²40
