1846 3262
44 229 133 270 686
154 228 184 269 b

161 945 187 975 c

163 1853 193 1893 d

538 229 802 276 IOANNIS
843 229 1363 274 SARESBERIENSIS
1485 201 1597 290 [1213.
1611 238 1684 273 vn

263 420 370 478 Cap.
412 434 478 464 20.
528 421 593 464 De
643 419 815 476 leyibus
863 418 1147 464 seculamlum
1189 419 1470 476 principum
1518 419 1688 478 quibus

321 491 516 535 curiales
548 494 587 533 et
619 489 826 547 officiales
861 494 1082 534 arcentur
1112 489 1169 534 ab
1204 490 1452 534 honoribus
1486 490 1686 534 ecclesia-

321 561 445 604 sticis
457 577 476 610 ;
509 564 547 604 et
577 560 746 618 quibus
778 560 992 617 eaeemplis
1020 560 1306 605 Dathanitae
1341 563 1381 603 et
1413 559 1687 604 Abiro‘nitae

320 631 546 675 nitantur
576 630 787 674 obtinere.

262 724 343 767 Ait
379 739 484 782 ergo
524 724 768 782 imperator
808 723 1112 767 Iustinianus:
1159 724 1360 767 Maxima
1394 724 1443 767 in
1482 724 1689 767 omnibus
1708 741 1725 773 5

203 797 310 837 sunt
334 794 452 838 dona
475 794 560 837 Dei
589 809 616 837 a
643 809 837 851 superna
863 795 1026 838 collata
1053 794 1290 838 clementia
1316 794 1612 838 sacerdotium
1643 796 1690 837 et

203 864 451 922 imperium,
482 864 597 907 illud
630 864 812 922 quidem
844 864 1012 908 diuinis
1042 865 1315 916 ministrans,
1345 865 1428 908 hoc
1459 869 1611 908 autem
1641 864 1690 907 in

204 935 413 978 humanis
462 935 719 992 praesidens
769 949 820 978 ac
870 934 1151 993 diligentiam
1203 935 1443 988 exhibens;
1493 949 1550 978 ex
1598 949 1690 978 uno

203 1005 444 1063 eodemque
479 1005 698 1063 principio
730 1008 922 1062 utraque
962 1006 1247 1063 procedentia
1286 1006 1530 1049 humanam
1563 1019 1689 1049 exor-

203 1078 315 1118 nant
327 1076 482 1119 uitam.
533 1076 728 1133 Ideoque
742 1075 881 1119 nichil
897 1076 960 1119 sic
976 1076 1063 1120 erit
1078 1076 1328 1120 studiosum
1346 1075 1691 1134 imperatoribus
1710 1092 1752 1116 ιο

203 1146 319 1189 sicut
338 1146 619 1189 sacerdotum
640 1147 861 1197 honestas,
882 1161 983 1189 cum
1011 1147 1168 1204 utique
1195 1162 1277 1204 pro
1297 1146 1387 1190 illis
1411 1147 1498 1204 ipsi
1517 1161 1692 1204 semper

204 1216 300 1260 Deo
328 1216 593 1274 supplicent.
654 1216 785 1267 Nam,
807 1216 845 1259 si
877 1216 960 1260 hoc
981 1217 1160 1274 quidem
1182 1217 1452 1274 inculpabile
1479 1217 1540 1260 sit
1559 1216 1690 1260 undi-

205 1301 291 1344 que
322 1289 368 1329 et
400 1287 521 1344 apud
553 1287 700 1330 Deum
729 1286 894 1330 fiducia
927 1287 1013 1330 erit
1045 1287 1240 1345 plenum,
1271 1287 1509 1345 imperium
1539 1289 1690 1330 autem

204 1359 323 1401 recte
353 1359 399 1400 et
429 1359 731 1414 competenter
760 1360 948 1400 exornet
974 1357 1191 1400 traditam
1216 1357 1302 1400 sibi
1329 1372 1423 1400 rem
1453 1355 1691 1414 publicam,

205 1427 292 1471 erit
324 1427 615 1470 consonantia
650 1427 870 1484 quaedam
902 1427 1030 1478 bona,
1066 1442 1198 1470 omne
1233 1426 1444 1484 quicquid
1479 1426 1592 1469 utile
1623 1429 1692 1470 est
1712 1450 1752 1485 15

205 1498 403 1540 humano
429 1496 662 1540 conferens
688 1497 854 1555 generi.
916 1497 1012 1540 Nos
1039 1497 1181 1555 igitur
1207 1497 1452 1540 maximam
1475 1496 1692 1539 habemus

205 1567 550 1611 sollicitudinem
578 1567 695 1611 eirca
722 1582 831 1610 uera
859 1567 943 1610 Dei
969 1567 1181 1625 dogmata
1209 1570 1255 1610 et
1275 1567 1391 1611 circa
1411 1566 1692 1610 sacerdotum

205 1638 497 1688 honestatem,
529 1652 664 1695 quam
697 1637 787 1680 illis
815 1637 1123 1695 optinentibus
1150 1637 1371 1681 credimus
1396 1637 1504 1694 quia
1530 1652 1611 1695 per
1640 1651 1693 1680 ea

206 1708 405 1751 maxima
430 1708 559 1751 nobis
585 1708 703 1751 dona
732 1707 961 1751 dabuntur
985 1722 1013 1750 a
1033 1707 1129 1751 Deo
1156 1711 1203 1751 et
1223 1723 1275 1751 ea
1295 1722 1409 1765 quae
1435 1709 1542 1751 sunt
1561 1708 1692 1750 firma

207 1777 470 1821 habebimus
500 1780 546 1821 et
576 1792 689 1835 quae
719 1778 920 1821 nondum
945 1780 1168 1821 uenerunt
1198 1777 1500 1835 adquiremus.
1571 1777 1692 1820 Bene
1712 1799 1755 1823 20

207 1852 359 1892 autem
379 1849 592 1891 uniuersa
618 1851 839 1906 geruntur
866 1850 912 1891 et
939 1851 1257 1905 competenter,
1277 1848 1316 1891 si
1336 1848 1401 1891 rei
1422 1847 1692 1905 principium

207 1919 289 1962 fiat
329 1919 488 1962 decens
527 1921 574 1962 et
613 1918 804 1962 amabile
843 1918 951 1962 Deo.
1032 1919 1130 1962 Hoc
1169 1921 1321 1962 autem
1356 1917 1564 1962 futurum
1599 1932 1695 1961 esse

207 1990 439 2041 credimus,
476 1989 514 2033 si
549 2004 776 2032 sacrarum
816 1989 1075 2048 regularum
1114 1989 1368 2033 obseruatio
1403 1988 1695 2039 custodiatur,

208 2074 343 2117 quam
367 2059 488 2112 iusti,
513 2059 698 2110 laudati,
723 2059 938 2102 adorandi
963 2059 1235 2117 inspectores
1264 2061 1310 2102 et
1336 2058 1533 2102 ministri
1557 2058 1695 2102 Verbi

208 2130 294 2173 Dei
324 2130 610 2173 tradiderunt
640 2130 857 2187 Apostoli,
883 2132 929 2173 et
959 2130 1103 2173 sancti
1130 2133 1282 2187 patres
1312 2129 1621 2174 custodierunt
1649 2131 1696 2172 et
1715 2145 1755 2180 ²5

209 2201 581 2258 explanauerunt.
630 2199 865 2244 Sancimus
881 2200 1024 2259 igitur
1039 2215 1186 2244 sacras
1201 2215 1282 2258 per
1297 2200 1447 2244 omnia
1462 2202 1696 2257 sequentes

209 2271 398 2329 regulas,
429 2270 536 2313 dum
567 2270 789 2327 quispiam
820 2270 1025 2328 sequenti
1054 2270 1176 2314 omni
1207 2272 1407 2328 tempore
1434 2270 1492 2314 ad
1519 2270 1696 2314 ordina-

208 2341 378 2384 tionem
399 2341 680 2399 episcopatus
707 2341 980 2398 perducitur,
1001 2341 1271 2385 considerari
1291 2340 1417 2398 prius
1437 2341 1533 2384 eius
1552 2340 1696 2384 uitam

210 2411 453 2455 secundum
481 2426 655 2454 sacrum
683 2411 962 2468 Apostolum,
984 2411 1022 2455 si
1050 2412 1250 2463 honesta,
1274 2411 1313 2454 si
1340 2411 1624 2468 inculpabilis
1651 2413 1698 2455 et

209 2482 407 2539 undique
423 2481 826 2539 irreprehensibilis
841 2482 912 2533 sit,
930 2482 1040 2526 etin
1064 2482 1189 2525 bonis
1204 2481 1513 2525 testimonium
1533 2481 1698 2525 habeat
1716 2499 1758 2532 30

211 2592 232 2628 3
259 2580 450 2618 abiranite
468 2581 528 2618 AS
546 2583 587 2617 in
604 2582 705 2617 rubr.
723 2594 801 2628 cap.
813 2583 937 2628 praef.
1143 2590 1164 2626 7
1189 2580 1232 2616 in
1248 2592 1317 2617 om.
1337 2579 1404 2617 SM
1596 2591 1633 2628 9,
1655 2591 1699 2619 ιο

212 2630 431 2667 exhornant
448 2628 473 2666 S
620 2640 662 2666 12
688 2629 880 2676 suplicent
899 2629 923 2666 S
1069 2631 1115 2667 26
1141 2629 1358 2666 Sanetimus
1374 2628 1409 2665 A

265 2727 282 2764 5
308 2720 477 2755 Maxima
505 2720 578 2755 etc.
602 2730 721 2765 usque
759 2719 809 2755 ad
835 2720 999 2765 fortuna
1025 2718 1111 2766 (686
1122 2718 1194 2764 D):
1219 2720 1356 2755 Novell.
1383 2717 1421 2754 vi
1453 2717 1510 2765 (==
1525 2718 1698 2754 Authent.

215 2766 301 2803 coll.
319 2766 344 2802 i.
362 2767 424 2803 tit.
444 2768 481 2811 6)
501 2767 623 2813 praef.
643 2768 683 2804 et
700 2779 732 2803 c.
754 2777 785 2804 1.
906 2767 1094 2803 omnibus:
1120 2768 1329 2803 hominibus
1344 2766 1531 2803 Authent.
1655 2776 1698 2813 13

215 2816 305 2850 em’t:
331 2814 439 2851 deest
455 2814 497 2850 in
514 2815 702 2852 Authent.
856 2825 902 2860 24
927 2816 1024 2857 iusti,
1043 2816 1195 2858 laudati,
1214 2816 1419 2851 adorandi:
1446 2816 1538 2850 iuste
1553 2815 1700 2858 laudati

214 2867 246 2897 et
263 2864 447 2898 adorandi
462 2863 647 2900 Authent.
661 2862 720 2900 ed.
731 2862 883 2900 Schoell
898 2875 907 2906 ;
932 2864 1022 2898 iusti
1034 2867 1066 2897 et
1079 2863 1263 2898 laudandi
1274 2867 1307 2897 et
1318 2863 1502 2899 adorandi
1513 2861 1698 2899 Authent.

215 2909 318 2956 vulg.
442 2921 489 2957 29
512 2912 546 2947 si
563 2913 824 2958 inculpabilis:
850 2916 883 2947 et
898 2911 1134 2957 inculpabilis
1149 2910 1336 2947 Authent.

327 2983 390 3016 182
