<?xml version="1.0" encoding="UTF-8"?>
<!DOCTYPE html PUBLIC "-//W3C//DTD XHTML 1.0 Transitional//EN"
    "http://www.w3.org/TR/xhtml1/DTD/xhtml1-transitional.dtd">
<html xmlns="http://www.w3.org/1999/xhtml" xml:lang="en" lang="en">
 <head>
  <title>
</title>
<meta http-equiv="Content-Type" content="text/html;charset=utf-8" />
  <meta name='ocr-system' content='tesseract 3.04.00' />
  <meta name='ocr-capabilities' content='ocr_page ocr_carea ocr_par ocr_line ocrx_word'/>
</head>
<body>
  <div class='ocr_page' id='page_1' title='image "./ioannissaresberi02johnuoft_0445.png"; bbox 0 0 1846 3262; ppageno 0'>
   <div class='ocr_carea' id='block_1_1' title="bbox 661 211 1041 256">
    <p class='ocr_par' dir='ltr' id='par_1_1' title="bbox 661 211 1041 256">
     <span class='ocr_line' id='line_1_1' title="bbox 661 211 1041 256; baseline 0.003 -1"><span class='ocrx_word' id='word_1_1' title='bbox 661 211 975 256; x_wconf 84' lang='lat' dir='ltr'>APPENDIX</span> <span class='ocrx_word' id='word_1_2' title='bbox 1015 212 1041 256; x_wconf 95' lang='lat' dir='ltr'>I</span> 
     </span>
    </p>
   </div>
   <div class='ocr_carea' id='block_1_2' title="bbox 111 329 1185 375">
    <p class='ocr_par' dir='ltr' id='par_1_2' title="bbox 111 329 1185 375">
     <span class='ocr_line' id='line_1_2' title="bbox 111 329 1185 375; baseline -0.001 -11"><span class='ocrx_word' id='word_1_3' title='bbox 111 337 174 374; x_wconf 80' lang='grc'>47.</span> <span class='ocrx_word' id='word_1_4' title='bbox 198 329 291 365; x_wconf 75' lang='lat' dir='ltr'>Item</span> <span class='ocrx_word' id='word_1_5' title='bbox 307 330 348 364; x_wconf 78' lang='lat' dir='ltr'>in</span> <span class='ocrx_word' id='word_1_6' title='bbox 358 329 526 375; x_wconf 78' lang='lat' dir='ltr'>psalmo.-</span> <span class='ocrx_word' id='word_1_7' title='bbox 549 329 662 364; x_wconf 77' lang='lat' dir='ltr'>simul</span> <span class='ocrx_word' id='word_1_8' title='bbox 676 330 718 364; x_wconf 72' lang='lat' dir='ltr'>in</span> <span class='ocrx_word' id='word_1_9' title='bbox 734 339 852 364; x_wconf 79' lang='lat' dir='ltr'>unum</span> <span class='ocrx_word' id='word_1_10' title='bbox 866 329 970 363; x_wconf 76' lang='lat' dir='ltr'>diues</span> <span class='ocrx_word' id='word_1_11' title='bbox 985 332 1018 363; x_wconf 86' lang='lat' dir='ltr'>et</span> <span class='ocrx_word' id='word_1_12' title='bbox 1027 338 1185 374; x_wconf 78' lang='lat' dir='ltr'><em>pauper.</em></span> 
     </span>
    </p>
   </div>
   <div class='ocr_carea' id='block_1_3' title="bbox 395 397 1331 505">
    <p class='ocr_par' dir='ltr' id='par_1_3' title="bbox 395 397 1331 505">
     <span class='ocr_line' id='line_1_3' title="bbox 395 397 1164 436; baseline -0.001 -1"><span class='ocrx_word' id='word_1_13' title='bbox 395 397 531 436; x_wconf 74' lang='lat' dir='ltr'>Nostro</span> <span class='ocrx_word' id='word_1_14' title='bbox 554 400 690 436; x_wconf 79' lang='lat' dir='ltr'>nature</span> <span class='ocrx_word' id='word_1_15' title='bbox 715 398 839 436; x_wconf 81' lang='lat' dir='ltr'>deitas</span> <span class='ocrx_word' id='word_1_16' title='bbox 862 397 975 436; x_wconf 83' lang='lat' dir='ltr'>unita.</span> <span class='ocrx_word' id='word_1_17' title='bbox 999 398 1164 436; x_wconf 79' lang='lat' dir='ltr'>refertur</span> 
     </span>
     <span class='ocr_line' id='line_1_4' title="bbox 397 456 1331 505; baseline -0.002 -11"><span class='ocrx_word' id='word_1_18' title='bbox 397 458 444 495; x_wconf 89' lang='lat' dir='ltr'>In</span> <span class='ocrx_word' id='word_1_19' title='bbox 469 458 634 501; x_wconf 80' lang='lat' dir='ltr'>christ03</span> <span class='ocrx_word' id='word_1_20' title='bbox 667 457 721 496; x_wconf 86' lang='lat' dir='ltr'>sic</span> <span class='ocrx_word' id='word_1_21' title='bbox 746 460 836 495; x_wconf 85' lang='lat' dir='ltr'>sunt</span> <span class='ocrx_word' id='word_1_22' title='bbox 860 457 967 495; x_wconf 88' lang='lat' dir='ltr'>diues</span> <span class='ocrx_word' id='word_1_23' title='bbox 992 469 1182 505; x_wconf 85' lang='lat' dir='ltr'>egensque</span> <span class='ocrx_word' id='word_1_24' title='bbox 1206 456 1331 493; x_wconf 87' lang='lat' dir='ltr'>simul.</span> 
     </span>
    </p>
   </div>
   <div class='ocr_carea' id='block_1_4' title="bbox 111 527 1593 1050">
    <p class='ocr_par' dir='ltr' id='par_1_4' title="bbox 111 527 1593 1050">
     <span class='ocr_line' id='line_1_5' title="bbox 193 527 1590 576; baseline -0.003 -11"><span class='ocrx_word' id='word_1_25' title='bbox 193 529 248 565; x_wconf 61' lang='lat' dir='ltr'>Hs·</span> <span class='ocrx_word' id='word_1_26' title='bbox 263 541 393 572; x_wconf 69' lang='lat' dir='ltr'>versus,</span> <span class='ocrx_word' id='word_1_27' title='bbox 411 540 498 576; x_wconf 77' lang='lat' dir='ltr'>quos</span> <span class='ocrx_word' id='word_1_28' title='bbox 516 530 675 565; x_wconf 76' lang='lat' dir='ltr'>versibus</span> <span class='ocrx_word' id='word_1_29' title='bbox 689 528 742 566; x_wconf 90' lang='lat' dir='ltr'>Vt</span> <span class='ocrx_word' id='word_1_30' title='bbox 766 528 890 566; x_wconf 86' lang='lat' dir='ltr'>fertur</span> <span class='ocrx_word' id='word_1_31' title='bbox 905 527 1051 574; x_wconf 81' lang='lat' dir='ltr'>salices,</span> <span class='ocrx_word' id='word_1_32' title='bbox 1068 530 1152 574; x_wconf 74' lang='lat' dir='ltr'>etc„</span> <span class='ocrx_word' id='word_1_33' title='bbox 1164 528 1346 574; x_wconf 60' lang='lat' dir='ltr'>praefixit</span> <span class='ocrx_word' id='word_1_34' title='bbox 1368 527 1448 570; x_wconf 71' lang='lat' dir='ltr'>Be„</span> <span class='ocrx_word' id='word_1_35' title='bbox 1470 527 1512 562; x_wconf 74' lang='lat' dir='ltr'>in</span> <span class='ocrx_word' id='word_1_36' title='bbox 1537 528 1590 562; x_wconf 86' lang='lat' dir='ltr'>ed.</span> 
     </span>
     <span class='ocr_line' id='line_1_6' title="bbox 228 588 618 625; baseline -0.005 0"><span class='ocrx_word' id='word_1_37' title='bbox 228 588 295 625; x_wconf 89' lang='lat' dir='ltr'>Bo.</span> <span class='ocrx_word' id='word_1_38' title='bbox 314 590 462 625; x_wconf 80' lang='lat' dir='ltr'>omnino</span> <span class='ocrx_word' id='word_1_39' title='bbox 477 590 618 624; x_wconf 76' lang='lat' dir='ltr'>desunt.</span> 
     </span>
     <span class='ocr_line' id='line_1_7' title="bbox 111 642 1593 694; baseline -0.003 -10"><span class='ocrx_word' id='word_1_40' title='bbox 111 647 170 691; x_wconf 87' lang='grc'>48.</span> <span class='ocrx_word' id='word_1_41' title='bbox 197 647 317 693; x_wconf 79' lang='lat' dir='ltr'>Quare</span> <span class='ocrx_word' id='word_1_42' title='bbox 332 658 406 684; x_wconf 76' lang='lat' dir='ltr'>mm</span> <span class='ocrx_word' id='word_1_43' title='bbox 422 649 466 683; x_wconf 81' lang='lat' dir='ltr'>de</span> <span class='ocrx_word' id='word_1_44' title='bbox 485 649 646 694; x_wconf 73' lang='lat' dir='ltr'><strong><em>simplici</em></strong></span> <span class='ocrx_word' id='word_1_45' title='bbox 660 649 722 684; x_wconf 82' lang='lat' dir='ltr'>sed</span> <span class='ocrx_word' id='word_1_46' title='bbox 737 649 954 694; x_wconf 71' lang='lat' dir='ltr'><strong><em>desponsata</em></strong></span> <span class='ocrx_word' id='word_1_47' title='bbox 969 648 1115 692; x_wconf 72' lang='lat' dir='ltr'>uiryine</span> <span class='ocrx_word' id='word_1_48' title='bbox 1133 647 1253 683; x_wconf 79' lang='lat' dir='ltr'>uoluit</span> <span class='ocrx_word' id='word_1_49' title='bbox 1270 642 1472 693; x_wconf 59' lang='lat' dir='ltr'>[Chr-tetus]</span> <span class='ocrx_word' id='word_1_50' title='bbox 1489 644 1593 680; x_wconf 76' lang='lat' dir='ltr'>nasci</span> 
     </span>
     <span class='ocr_line' id='line_1_8' title="bbox 228 702 1590 753; baseline -0.003 -10"><span class='ocrx_word' id='word_1_51' title='bbox 228 707 291 743; x_wconf 70' lang='lat' dir='ltr'>hoc</span> <span class='ocrx_word' id='word_1_52' title='bbox 322 711 373 742; x_wconf 81' lang='lat' dir='ltr'>est</span> <span class='ocrx_word' id='word_1_53' title='bbox 403 708 511 744; x_wconf 79' lang='lat' dir='ltr'>ratio.</span> <span class='ocrx_word' id='word_1_54' title='bbox 559 706 637 743; x_wconf 86' lang='lat' dir='ltr'>Cur</span> <span class='ocrx_word' id='word_1_55' title='bbox 660 706 783 743; x_wconf 85' lang='lat' dir='ltr'>uoluit</span> <span class='ocrx_word' id='word_1_56' title='bbox 807 706 854 744; x_wconf 84' lang='lat' dir='ltr'>de</span> <span class='ocrx_word' id='word_1_57' title='bbox 879 706 1107 753; x_wconf 80' lang='lat' dir='ltr'>desponsata</span> <span class='ocrx_word' id='word_1_58' title='bbox 1131 705 1283 753; x_wconf 86' lang='lat' dir='ltr'>uirgine</span> <span class='ocrx_word' id='word_1_59' title='bbox 1307 703 1415 741; x_wconf 81' lang='lat' dir='ltr'>nasci</span> <span class='ocrx_word' id='word_1_60' title='bbox 1471 719 1508 733; x_wconf 91' lang='lat'><em>=</em></span> <span class='ocrx_word' id='word_1_61' title='bbox 1524 702 1590 740; x_wconf 88' lang='lat' dir='ltr'>Be.</span> 
     </span>
     <span class='ocr_line' id='line_1_9' title="bbox 229 763 913 813; baseline 0.001 -11"><span class='ocrx_word' id='word_1_62' title='bbox 229 764 302 802; x_wconf 87' lang='lat' dir='ltr'>col.</span> <span class='ocrx_word' id='word_1_63' title='bbox 323 775 417 811; x_wconf 88' lang='lat'>1224</span> <span class='ocrx_word' id='word_1_64' title='bbox 436 765 454 813; x_wconf 67' lang='grc' dir='ltr'><strong>ξ</strong></span> <span class='ocrx_word' id='word_1_65' title='bbox 478 775 521 803; x_wconf 87' lang='lat'>1:</span> <span class='ocrx_word' id='word_1_66' title='bbox 548 765 616 803; x_wconf 91' lang='lat' dir='ltr'>Bo.</span> <span class='ocrx_word' id='word_1_67' title='bbox 633 765 707 803; x_wconf 86' lang='lat' dir='ltr'>col.</span> <span class='ocrx_word' id='word_1_68' title='bbox 729 774 819 812; x_wconf 84' lang='lat'>1275</span> <span class='ocrx_word' id='word_1_69' title='bbox 839 763 859 813; x_wconf 70' lang='grc' dir='ltr'><strong>ξ</strong></span> <span class='ocrx_word' id='word_1_70' title='bbox 882 775 913 803; x_wconf 87' lang='lat'>1.</span> 
     </span>
     <span class='ocr_line' id='line_1_10' title="bbox 194 819 1589 873; baseline -0.002 -13"><span class='ocrx_word' id='word_1_71' title='bbox 194 834 228 870; x_wconf 89' lang='lat'>3.</span> <span class='ocrx_word' id='word_1_72' title='bbox 253 823 405 861; x_wconf 86' lang='lat' dir='ltr'>clientis</span> <span class='ocrx_word' id='word_1_73' title='bbox 430 825 567 873; x_wconf 79' lang='lat' dir='ltr'>egebat</span> <span class='ocrx_word' id='word_1_74' title='bbox 591 827 667 862; x_wconf 84' lang='lat' dir='ltr'>cod.</span> <span class='ocrx_word' id='word_1_75' title='bbox 691 836 811 862; x_wconf 79' lang='lat' dir='ltr'>meus:</span> <span class='ocrx_word' id='word_1_76' title='bbox 836 823 986 861; x_wconf 88' lang='lat' dir='ltr'>clientis</span> <span class='ocrx_word' id='word_1_77' title='bbox 1006 824 1147 871; x_wconf 85' lang='lat' dir='ltr'>agebat</span> <span class='ocrx_word' id='word_1_78' title='bbox 1169 823 1210 870; x_wconf 82' lang='lat'>(8.</span> <span class='ocrx_word' id='word_1_79' title='bbox 1233 821 1419 860; x_wconf 83' lang='lat' dir='ltr'>consortis</span> <span class='ocrx_word' id='word_1_80' title='bbox 1434 819 1589 868; x_wconf 77' lang='lat' dir='ltr'>egebat)</span> 
     </span>
     <span class='ocr_line' id='line_1_11' title="bbox 229 884 391 926; baseline -0.006 -6"><span class='ocrx_word' id='word_1_81' title='bbox 229 884 307 926; x_wconf 72' lang='lat' dir='ltr'>Be„</span> <span class='ocrx_word' id='word_1_82' title='bbox 324 885 391 921; x_wconf 89' lang='lat' dir='ltr'>Bo.</span> 
     </span>
     <span class='ocr_line' id='line_1_12' title="bbox 111 942 1592 991; baseline -0.002 -13"><span class='ocrx_word' id='word_1_83' title='bbox 111 951 170 989; x_wconf 85' lang='lat'>49.</span> <span class='ocrx_word' id='word_1_84' title='bbox 199 942 298 988; x_wconf 77' lang='lat' dir='ltr'>Quid</span> <span class='ocrx_word' id='word_1_85' title='bbox 311 945 497 989; x_wconf 70' lang='lat' dir='ltr'>siymficat</span> <span class='ocrx_word' id='word_1_86' title='bbox 511 946 606 991; x_wconf 74' lang='lat' dir='ltr'>quod</span> <span class='ocrx_word' id='word_1_87' title='bbox 620 944 791 980; x_wconf 76' lang='lat' dir='ltr'>dominus</span> <span class='ocrx_word' id='word_1_88' title='bbox 803 944 897 988; x_wconf 79' lang='lat' dir='ltr'>fecit</span> <span class='ocrx_word' id='word_1_89' title='bbox 911 955 1045 990; x_wconf 72' lang='lat' dir='ltr'><em>aquam</em></span> <span class='ocrx_word' id='word_1_90' title='bbox 1058 945 1191 979; x_wconf 81' lang='lat' dir='ltr'>uinum</span> <span class='ocrx_word' id='word_1_91' title='bbox 1213 946 1246 978; x_wconf 84' lang='lat' dir='ltr'>et</span> <span class='ocrx_word' id='word_1_92' title='bbox 1268 943 1358 989; x_wconf 74' lang='lat' dir='ltr'>quid</span> <span class='ocrx_word' id='word_1_93' title='bbox 1380 942 1592 988; x_wconf 56' lang='lat' dir='ltr'>siqnificant</span> 
     </span>
     <span class='ocr_line' id='line_1_13' title="bbox 227 1003 787 1050; baseline 0 -12"><span class='ocrx_word' id='word_1_94' title='bbox 227 1003 332 1048; x_wconf 63' lang='lat' dir='ltr'>ydria</span> <span class='ocrx_word' id='word_1_95' title='bbox 346 1008 380 1038; x_wconf 80' lang='lat' dir='ltr'>et</span> <span class='ocrx_word' id='word_1_96' title='bbox 393 1014 505 1050; x_wconf 69' lang='lat' dir='ltr'>quare</span> <span class='ocrx_word' id='word_1_97' title='bbox 518 1014 582 1039; x_wconf 70' lang='lat' dir='ltr'>sex</span> <span class='ocrx_word' id='word_1_98' title='bbox 600 1004 787 1039; x_wconf 80' lang='lat' dir='ltr'>dicuntur.</span> 
     </span>
    </p>
   </div>
   <div class='ocr_carea' id='block_1_5' title="bbox 345 1076 1356 1362">
    <p class='ocr_par' dir='ltr' id='par_1_5' title="bbox 345 1076 1356 1362">
     <span class='ocr_line' id='line_1_14' title="bbox 349 1076 1273 1125; baseline -0.001 -10"><span class='ocrx_word' id='word_1_99' title='bbox 349 1078 447 1115; x_wconf 90' lang='lat' dir='ltr'>Sunt</span> <span class='ocrx_word' id='word_1_100' title='bbox 469 1078 578 1125; x_wconf 79' lang='lat' dir='ltr'>ydrie</span> <span class='ocrx_word' id='word_1_101' title='bbox 602 1080 749 1115; x_wconf 83' lang='lat' dir='ltr'>mentes</span> <span class='ocrx_word' id='word_1_102' title='bbox 772 1077 946 1115; x_wconf 80' lang='lat' dir='ltr'>doctrine</span> <span class='ocrx_word' id='word_1_103' title='bbox 970 1077 1078 1115; x_wconf 84' lang='lat' dir='ltr'>fonte</span> <span class='ocrx_word' id='word_1_104' title='bbox 1103 1076 1273 1124; x_wconf 87' lang='lat' dir='ltr'>replete;</span> 
     </span>
     <span class='ocr_line' id='line_1_15' title="bbox 345 1136 1274 1184; baseline -0.002 -10"><span class='ocrx_word' id='word_1_105' title='bbox 345 1137 561 1175; x_wconf 86' lang='lat' dir='ltr'>Historicus</span> <span class='ocrx_word' id='word_1_106' title='bbox 586 1150 715 1176; x_wconf 84' lang='lat' dir='ltr'>sensus</span> <span class='ocrx_word' id='word_1_107' title='bbox 740 1149 860 1184; x_wconf 79' lang='lat' dir='ltr'>aqua;</span> <span class='ocrx_word' id='word_1_108' title='bbox 894 1137 1029 1173; x_wconf 90' lang='lat' dir='ltr'>uinum</span> <span class='ocrx_word' id='word_1_109' title='bbox 1052 1136 1274 1184; x_wconf 75' lang='lat' dir='ltr'>spiritualis.</span> 
     </span>
     <span class='ocr_line' id='line_1_16' title="bbox 347 1195 1340 1243; baseline -0.003 -9"><span class='ocrx_word' id='word_1_110' title='bbox 347 1197 441 1234; x_wconf 84' lang='lat' dir='ltr'>Cum</span> <span class='ocrx_word' id='word_1_111' title='bbox 468 1209 537 1234; x_wconf 89' lang='lat' dir='ltr'>nos</span> <span class='ocrx_word' id='word_1_112' title='bbox 560 1196 763 1234; x_wconf 79' lang='lat' dir='ltr'>historiam</span> <span class='ocrx_word' id='word_1_113' title='bbox 787 1208 1009 1234; x_wconf 82' lang='lat' dir='ltr'>reuocanms</span> <span class='ocrx_word' id='word_1_114' title='bbox 1033 1196 1082 1232; x_wconf 80' lang='lat' dir='ltr'>ad.</span> <span class='ocrx_word' id='word_1_115' title='bbox 1105 1195 1340 1243; x_wconf 77' lang='lat' dir='ltr'>allegoriam,</span> 
     </span>
     <span class='ocr_line' id='line_1_17' title="bbox 346 1253 1352 1304; baseline -0.003 -11"><span class='ocrx_word' id='word_1_116' title='bbox 346 1257 453 1294; x_wconf 83' lang='lat' dir='ltr'>Tunc</span> <span class='ocrx_word' id='word_1_117' title='bbox 477 1268 580 1304; x_wconf 80' lang='lat' dir='ltr'>aqua.</span> <span class='ocrx_word' id='word_1_118' title='bbox 601 1256 646 1293; x_wconf 86' lang='lat' dir='ltr'>fit</span> <span class='ocrx_word' id='word_1_119' title='bbox 669 1255 825 1299; x_wconf 68' lang='lat' dir='ltr'>uinum</span> <span class='ocrx_word' id='word_1_120' title='bbox 857 1255 948 1302; x_wconf 77' lang='lat' dir='ltr'>quia</span> <span class='ocrx_word' id='word_1_121' title='bbox 970 1267 1036 1293; x_wconf 87' lang='lat' dir='ltr'>sex</span> <span class='ocrx_word' id='word_1_122' title='bbox 1060 1255 1228 1292; x_wconf 81' lang='lat' dir='ltr'>etatibus</span> <span class='ocrx_word' id='word_1_123' title='bbox 1252 1253 1352 1291; x_wconf 83' lang='lat' dir='ltr'>orbis</span> 
     </span>
     <span class='ocr_line' id='line_1_18' title="bbox 349 1313 1356 1362; baseline -0.003 -10"><span class='ocrx_word' id='word_1_124' title='bbox 349 1315 537 1359; x_wconf 87' lang='lat' dir='ltr'>Voluitur‚</span> <span class='ocrx_word' id='word_1_125' title='bbox 562 1315 632 1352; x_wconf 82' lang='lat' dir='ltr'>has</span> <span class='ocrx_word' id='word_1_126' title='bbox 655 1315 782 1362; x_wconf 73' lang='lat' dir='ltr'>ydrias</span> <span class='ocrx_word' id='word_1_127' title='bbox 806 1314 940 1352; x_wconf 79' lang='lat' dir='ltr'>scribit</span> <span class='ocrx_word' id='word_1_128' title='bbox 964 1326 1030 1352; x_wconf 79' lang='lat' dir='ltr'>sex</span> <span class='ocrx_word' id='word_1_129' title='bbox 1055 1325 1134 1352; x_wconf 86' lang='lat' dir='ltr'>esse</span> <span class='ocrx_word' id='word_1_130' title='bbox 1157 1313 1356 1351; x_wconf 81' lang='lat' dir='ltr'>iohannes.</span> 
     </span>
    </p>
   </div>
   <div class='ocr_carea' id='block_1_6' title="bbox 112 1393 1594 2974">
    <p class='ocr_par' dir='ltr' id='par_1_6' title="bbox 194 1393 1018 1429">
     <span class='ocr_line' id='line_1_19' title="bbox 194 1393 1018 1429; baseline -0.002 0"><span class='ocrx_word' id='word_1_131' title='bbox 194 1393 251 1429; x_wconf 65' lang='lat' dir='ltr'>Hs·</span> <span class='ocrx_word' id='word_1_132' title='bbox 265 1404 387 1429; x_wconf 69' lang='grc' dir='ltr'><em>ωνεαε</em></span> <span class='ocrx_word' id='word_1_133' title='bbox 401 1404 476 1429; x_wconf 83' lang='lat' dir='ltr'>non</span> <span class='ocrx_word' id='word_1_134' title='bbox 493 1397 636 1428; x_wconf 76' lang='lat' dir='ltr'>exstant</span> <span class='ocrx_word' id='word_1_135' title='bbox 651 1393 693 1427; x_wconf 79' lang='lat' dir='ltr'>in</span> <span class='ocrx_word' id='word_1_136' title='bbox 710 1394 788 1428; x_wconf 80' lang='lat' dir='ltr'>edd.</span> <span class='ocrx_word' id='word_1_137' title='bbox 804 1393 1018 1428; x_wconf 80' lang='lat' dir='ltr'>Hildeberti.</span> 
     </span>
    </p>

    <p class='ocr_par' dir='ltr' id='par_1_7' title="bbox 114 1445 1592 1619">
     <span class='ocr_line' id='line_1_20' title="bbox 114 1445 1592 1499; baseline -0.005 -11"><span class='ocrx_word' id='word_1_138' title='bbox 114 1461 171 1499; x_wconf 84' lang='grc'>50.</span> <span class='ocrx_word' id='word_1_139' title='bbox 197 1453 295 1498; x_wconf 77' lang='lat' dir='ltr'>Quid</span> <span class='ocrx_word' id='word_1_140' title='bbox 308 1453 491 1499; x_wconf 71' lang='lat' dir='ltr'>st&#39;ymficat</span> <span class='ocrx_word' id='word_1_141' title='bbox 506 1453 631 1496; x_wconf 82' lang='lat' dir='ltr'>uinea,</span> <span class='ocrx_word' id='word_1_142' title='bbox 646 1453 710 1499; x_wconf 73' lang='lat' dir='ltr'>qui</span> <span class='ocrx_word' id='word_1_143' title='bbox 729 1453 901 1497; x_wconf 76' lang='lat' dir='ltr'>operarii,</span> <span class='ocrx_word' id='word_1_144' title='bbox 919 1452 1007 1498; x_wconf 79' lang='lat' dir='ltr'>quid</span> <span class='ocrx_word' id='word_1_145' title='bbox 1022 1462 1087 1486; x_wconf 74' lang='lat' dir='ltr'>sex</span> <span class='ocrx_word' id='word_1_146' title='bbox 1109 1451 1206 1487; x_wconf 83' lang='lat' dir='ltr'>hore.</span> <span class='ocrx_word' id='word_1_147' title='bbox 1253 1448 1378 1486; x_wconf 83' lang='lat' dir='ltr'>Vinea</span> <span class='ocrx_word' id='word_1_148' title='bbox 1402 1446 1509 1483; x_wconf 82' lang='lat' dir='ltr'>culta</span> <span class='ocrx_word' id='word_1_149' title='bbox 1531 1445 1592 1482; x_wconf 88' lang='lat' dir='ltr'>dei</span> 
     </span>
     <span class='ocr_line' id='line_1_21' title="bbox 229 1505 1590 1559; baseline -0.004 -12"><span class='ocrx_word' id='word_1_150' title='bbox 229 1511 340 1559; x_wconf 81' lang='lat' dir='ltr'>plebs</span> <span class='ocrx_word' id='word_1_151' title='bbox 364 1513 444 1555; x_wconf 87' lang='lat' dir='ltr'>est;</span> <span class='ocrx_word' id='word_1_152' title='bbox 468 1510 638 1548; x_wconf 81' lang='lat' dir='ltr'>infantia.</span> <span class='ocrx_word' id='word_1_153' title='bbox 658 1523 781 1555; x_wconf 81' lang='lat' dir='ltr'>mane,</span> <span class='ocrx_word' id='word_1_154' title='bbox 828 1527 865 1540; x_wconf 96' lang='lat'>=</span> <span class='ocrx_word' id='word_1_155' title='bbox 882 1511 947 1548; x_wconf 87' lang='lat' dir='ltr'>Be.</span> <span class='ocrx_word' id='word_1_156' title='bbox 970 1509 1040 1547; x_wconf 89' lang='lat' dir='ltr'>col.</span> <span class='ocrx_word' id='word_1_157' title='bbox 1069 1518 1159 1556; x_wconf 85' lang='lat'>1225</span> <span class='ocrx_word' id='word_1_158' title='bbox 1180 1507 1199 1557; x_wconf 82' lang='lat'><strong>§</strong></span> <span class='ocrx_word' id='word_1_159' title='bbox 1219 1519 1263 1554; x_wconf 87' lang='lat'>4:</span> <span class='ocrx_word' id='word_1_160' title='bbox 1287 1508 1355 1545; x_wconf 90' lang='lat' dir='ltr'>Bo.</span> <span class='ocrx_word' id='word_1_161' title='bbox 1374 1505 1460 1544; x_wconf 90' lang='lat' dir='ltr'>coll.</span> <span class='ocrx_word' id='word_1_162' title='bbox 1486 1514 1590 1552; x_wconf 83' lang='lat'>1275,</span> 
     </span>
     <span class='ocr_line' id='line_1_22' title="bbox 232 1570 419 1619; baseline 0 -11"><span class='ocrx_word' id='word_1_163' title='bbox 232 1572 328 1617; x_wconf 90' lang='lat'>1276</span> <span class='ocrx_word' id='word_1_164' title='bbox 345 1570 364 1619; x_wconf 69' lang='grc' dir='ltr'><strong>ξ</strong></span> <span class='ocrx_word' id='word_1_165' title='bbox 383 1581 419 1617; x_wconf 85' lang='lat'>4.</span> 
     </span>
    </p>

    <p class='ocr_par' dir='ltr' id='par_1_8' title="bbox 115 1622 1594 1796">
     <span class='ocr_line' id='line_1_23' title="bbox 115 1622 1594 1678; baseline -0.005 -10"><span class='ocrx_word' id='word_1_166' title='bbox 115 1639 173 1678; x_wconf 83' lang='lat'>51.</span> <span class='ocrx_word' id='word_1_167' title='bbox 198 1631 291 1667; x_wconf 76' lang='lat' dir='ltr'>Item</span> <span class='ocrx_word' id='word_1_168' title='bbox 318 1643 364 1667; x_wconf 75' lang='lat' dir='ltr'>ex</span> <span class='ocrx_word' id='word_1_169' title='bbox 390 1631 578 1676; x_wconf 74' lang='lat' dir='ltr'>euanyelio</span> <span class='ocrx_word' id='word_1_170' title='bbox 606 1631 696 1678; x_wconf 71' lang='lat' dir='ltr'>quid</span> <span class='ocrx_word' id='word_1_171' title='bbox 723 1635 797 1666; x_wconf 71' lang='lat' dir='ltr'>est.-</span> <span class='ocrx_word' id='word_1_172' title='bbox 829 1631 921 1665; x_wconf 75' lang='lat' dir='ltr'>exiit</span> <span class='ocrx_word' id='word_1_173' title='bbox 944 1630 1009 1676; x_wconf 78' lang='lat' dir='ltr'>qui</span> <span class='ocrx_word' id='word_1_174' title='bbox 1033 1630 1201 1673; x_wconf 77' lang='lat' dir='ltr'>seminat,</span> <span class='ocrx_word' id='word_1_175' title='bbox 1226 1628 1299 1664; x_wconf 87' lang='lat' dir='ltr'>etc.</span> <span class='ocrx_word' id='word_1_176' title='bbox 1349 1625 1465 1663; x_wconf 84' lang='lat' dir='ltr'>Petra</span> <span class='ocrx_word' id='word_1_177' title='bbox 1489 1622 1594 1670; x_wconf 87' lang='lat' dir='ltr'>capit</span> 
     </span>
     <span class='ocr_line' id='line_1_24' title="bbox 229 1682 1593 1736; baseline -0.005 -10"><span class='ocrx_word' id='word_1_178' title='bbox 229 1700 368 1734; x_wconf 88' lang='lat' dir='ltr'>semen,</span> <span class='ocrx_word' id='word_1_179' title='bbox 385 1689 461 1734; x_wconf 83' lang='lat' dir='ltr'>uia,</span> <span class='ocrx_word' id='word_1_180' title='bbox 477 1691 615 1733; x_wconf 82' lang='lat' dir='ltr'>sentes,</span> <span class='ocrx_word' id='word_1_181' title='bbox 634 1688 783 1736; x_wconf 86' lang='lat' dir='ltr'>optima</span> <span class='ocrx_word' id='word_1_182' title='bbox 801 1690 926 1731; x_wconf 81' lang='lat' dir='ltr'>terra3</span> <span class='ocrx_word' id='word_1_183' title='bbox 971 1704 1008 1718; x_wconf 94' lang='lat'>=</span> <span class='ocrx_word' id='word_1_184' title='bbox 1025 1688 1090 1724; x_wconf 90' lang='lat' dir='ltr'>Be.</span> <span class='ocrx_word' id='word_1_185' title='bbox 1108 1687 1181 1724; x_wconf 88' lang='lat' dir='ltr'>col.</span> <span class='ocrx_word' id='word_1_186' title='bbox 1203 1695 1293 1733; x_wconf 86' lang='lat'>1225</span> <span class='ocrx_word' id='word_1_187' title='bbox 1316 1684 1334 1733; x_wconf 82' lang='lat'><strong>§</strong></span> <span class='ocrx_word' id='word_1_188' title='bbox 1354 1696 1375 1732; x_wconf 89' lang='lat'>3</span> <span class='ocrx_word' id='word_1_189' title='bbox 1392 1698 1400 1721; x_wconf 92' lang='lat'>:</span> <span class='ocrx_word' id='word_1_190' title='bbox 1427 1685 1494 1720; x_wconf 92' lang='lat' dir='ltr'>Bo.</span> <span class='ocrx_word' id='word_1_191' title='bbox 1521 1682 1593 1720; x_wconf 89' lang='lat' dir='ltr'>col.</span> 
     </span>
     <span class='ocr_line' id='line_1_25' title="bbox 233 1747 416 1796; baseline 0.005 -2"><span class='ocrx_word' id='word_1_192' title='bbox 233 1757 323 1796; x_wconf 81' lang='lat'>1275</span> <span class='ocrx_word' id='word_1_193' title='bbox 344 1747 363 1796; x_wconf 65' lang='grc' dir='ltr'><em>ἕ</em></span> <span class='ocrx_word' id='word_1_194' title='bbox 382 1759 416 1795; x_wconf 91' lang='lat'>3·</span> 
     </span>
    </p>

    <p class='ocr_par' dir='ltr' id='par_1_9' title="bbox 112 1802 1594 1971">
     <span class='ocr_line' id='line_1_26' title="bbox 112 1802 1594 1856; baseline -0.006 -10"><span class='ocrx_word' id='word_1_195' title='bbox 112 1817 170 1856; x_wconf 80' lang='lat'>52.</span> <span class='ocrx_word' id='word_1_196' title='bbox 195 1809 292 1853; x_wconf 78' lang='lat' dir='ltr'>Quid</span> <span class='ocrx_word' id='word_1_197' title='bbox 306 1809 490 1854; x_wconf 72' lang='lat' dir='ltr'>siymficat</span> <span class='ocrx_word' id='word_1_198' title='bbox 504 1809 599 1854; x_wconf 78' lang='lat' dir='ltr'>quod</span> <span class='ocrx_word' id='word_1_199' title='bbox 610 1809 781 1844; x_wconf 74' lang='lat' dir='ltr'>dominus</span> <span class='ocrx_word' id='word_1_200' title='bbox 796 1808 954 1843; x_wconf 73' lang='lat' dir='ltr'>saciauit</span> <span class='ocrx_word' id='word_1_201' title='bbox 970 1819 1000 1842; x_wconf 87' lang='lat' dir='ltr'>v.</span> <span class='ocrx_word' id='word_1_202' title='bbox 1014 1807 1119 1842; x_wconf 77' lang='lat' dir='ltr'>milia</span> <span class='ocrx_word' id='word_1_203' title='bbox 1131 1806 1320 1842; x_wconf 79' lang='lat' dir='ltr'>hominum</span> <span class='ocrx_word' id='word_1_204' title='bbox 1331 1816 1376 1839; x_wconf 76' lang='lat' dir='ltr'>esc</span> <span class='ocrx_word' id='word_1_205' title='bbox 1387 1815 1418 1840; x_wconf 82' lang='lat' dir='ltr'>v.</span> <span class='ocrx_word' id='word_1_206' title='bbox 1428 1802 1594 1849; x_wconf 77' lang='lat' dir='ltr'>panibus</span> 
     </span>
     <span class='ocr_line' id='line_1_27' title="bbox 230 1860 1591 1914; baseline -0.005 -11"><span class='ocrx_word' id='word_1_207' title='bbox 230 1872 265 1903; x_wconf 72' lang='lat' dir='ltr'>ot</span> <span class='ocrx_word' id='word_1_208' title='bbox 293 1868 433 1904; x_wconf 75' lang='lat' dir='ltr'>duobus</span> <span class='ocrx_word' id='word_1_209' title='bbox 452 1867 627 1914; x_wconf 75' lang='lat' dir='ltr'>piscibus.</span> <span class='ocrx_word' id='word_1_210' title='bbox 679 1866 802 1903; x_wconf 83' lang='lat' dir='ltr'>Panes</span> <span class='ocrx_word' id='word_1_211' title='bbox 827 1865 1008 1912; x_wconf 84' lang='lat' dir='ltr'>quinque,</span> <span class='ocrx_word' id='word_1_212' title='bbox 1040 1864 1135 1900; x_wconf 89' lang='lat' dir='ltr'>duos</span> <span class='ocrx_word' id='word_1_213' title='bbox 1166 1863 1290 1911; x_wconf 82' lang='lat' dir='ltr'>pisces</span> <span class='ocrx_word' id='word_1_214' title='bbox 1324 1863 1391 1899; x_wconf 89' lang='lat' dir='ltr'>dat</span> <span class='ocrx_word' id='word_1_215' title='bbox 1425 1860 1591 1908; x_wconf 86' lang='lat' dir='ltr'>quinque</span> 
     </span>
     <span class='ocr_line' id='line_1_28' title="bbox 231 1921 1448 1971; baseline -0.004 -9"><span class='ocrx_word' id='word_1_216' title='bbox 231 1925 401 1963; x_wconf 83' lang='lat' dir='ltr'>uirorum</span> <span class='ocrx_word' id='word_1_217' title='bbox 447 1942 483 1955; x_wconf 95' lang='lat'><em>=</em></span> <span class='ocrx_word' id='word_1_218' title='bbox 499 1925 565 1962; x_wconf 87' lang='lat' dir='ltr'>Be.</span> <span class='ocrx_word' id='word_1_219' title='bbox 583 1924 670 1962; x_wconf 90' lang='lat' dir='ltr'>coll.</span> <span class='ocrx_word' id='word_1_220' title='bbox 691 1934 797 1969; x_wconf 89' lang='lat'>1227,</span> <span class='ocrx_word' id='word_1_221' title='bbox 818 1927 910 1961; x_wconf 89' lang='lat'>1228</span> <span class='ocrx_word' id='word_1_222' title='bbox 930 1924 948 1971; x_wconf 72' lang='grc' dir='ltr'><strong>ξ</strong></span> <span class='ocrx_word' id='word_1_223' title='bbox 967 1933 1011 1960; x_wconf 92' lang='lat'>21</span> <span class='ocrx_word' id='word_1_224' title='bbox 1028 1936 1037 1959; x_wconf 75' lang='lat' dir='ltr'><em>z</em></span> <span class='ocrx_word' id='word_1_225' title='bbox 1064 1923 1132 1960; x_wconf 91' lang='lat' dir='ltr'>Bo.</span> <span class='ocrx_word' id='word_1_226' title='bbox 1148 1923 1220 1960; x_wconf 86' lang='lat' dir='ltr'>col.</span> <span class='ocrx_word' id='word_1_227' title='bbox 1240 1923 1332 1966; x_wconf 91' lang='lat'><em>1278</em></span> <span class='ocrx_word' id='word_1_228' title='bbox 1351 1921 1369 1968; x_wconf 71' lang='grc' dir='ltr'><strong>ξ</strong></span> <span class='ocrx_word' id='word_1_229' title='bbox 1387 1931 1448 1958; x_wconf 86' lang='lat'>21.</span> 
     </span>
    </p>

    <p class='ocr_par' dir='ltr' id='par_1_10' title="bbox 197 1980 1592 2088">
     <span class='ocr_line' id='line_1_29' title="bbox 197 1980 1592 2031; baseline -0.005 -9"><span class='ocrx_word' id='word_1_230' title='bbox 197 1986 232 2023; x_wconf 92' lang='lat'>6.</span> <span class='ocrx_word' id='word_1_231' title='bbox 256 1984 322 2031; x_wconf 89' lang='lat' dir='ltr'>qui</span> <span class='ocrx_word' id='word_1_232' title='bbox 351 1996 469 2031; x_wconf 81' lang='lat' dir='ltr'>panes</span> <span class='ocrx_word' id='word_1_233' title='bbox 494 1987 625 2031; x_wconf 86' lang='lat' dir='ltr'>portat</span> <span class='ocrx_word' id='word_1_234' title='bbox 656 1984 820 2021; x_wconf 87' lang='lat' dir='ltr'>hebreus</span> <span class='ocrx_word' id='word_1_235' title='bbox 851 1985 926 2020; x_wconf 83' lang='lat' dir='ltr'>cod.</span> <span class='ocrx_word' id='word_1_236' title='bbox 955 1994 1078 2019; x_wconf 79' lang='lat' dir='ltr'>meus:</span> <span class='ocrx_word' id='word_1_237' title='bbox 1113 1981 1186 2026; x_wconf 84' lang='lat' dir='ltr'>Qui</span> <span class='ocrx_word' id='word_1_238' title='bbox 1212 1981 1299 2025; x_wconf 84' lang='lat' dir='ltr'>fert,</span> <span class='ocrx_word' id='word_1_239' title='bbox 1333 1980 1592 2017; x_wconf 79' lang='lat' dir='ltr'>Hebraeorum</span> 
     </span>
     <span class='ocr_line' id='line_1_30' title="bbox 230 2045 390 2088; baseline 0 -8"><span class='ocrx_word' id='word_1_240' title='bbox 230 2045 307 2088; x_wconf 71' lang='lat' dir='ltr'>Be„</span> <span class='ocrx_word' id='word_1_241' title='bbox 324 2045 390 2080; x_wconf 87' lang='lat' dir='ltr'>Bo.</span> 
     </span>
    </p>

    <p class='ocr_par' dir='ltr' id='par_1_11' title="bbox 114 2098 1592 2267">
     <span class='ocr_line' id='line_1_31' title="bbox 114 2098 1592 2151; baseline -0.005 -11"><span class='ocrx_word' id='word_1_242' title='bbox 114 2112 171 2151; x_wconf 84' lang='lat'>53.</span> <span class='ocrx_word' id='word_1_243' title='bbox 195 2104 290 2140; x_wconf 77' lang='lat' dir='ltr'>Item</span> <span class='ocrx_word' id='word_1_244' title='bbox 305 2115 350 2139; x_wconf 72' lang='lat' dir='ltr'>ex</span> <span class='ocrx_word' id='word_1_245' title='bbox 364 2104 550 2149; x_wconf 70' lang='lat' dir='ltr'>euanyelio</span> <span class='ocrx_word' id='word_1_246' title='bbox 570 2103 746 2149; x_wconf 76' lang='lat' dir='ltr'>expositio</span> <span class='ocrx_word' id='word_1_247' title='bbox 763 2102 938 2148; x_wconf 82' lang='lat' dir='ltr'>parabole</span> <span class='ocrx_word' id='word_1_248' title='bbox 961 2102 1004 2137; x_wconf 78' lang='lat' dir='ltr'>in</span> <span class='ocrx_word' id='word_1_249' title='bbox 1028 2112 1101 2147; x_wconf 74' lang='lat' dir='ltr'>qua</span> <span class='ocrx_word' id='word_1_250' title='bbox 1123 2100 1293 2136; x_wconf 78' lang='lat' dir='ltr'>dominus</span> <span class='ocrx_word' id='word_1_251' title='bbox 1315 2099 1434 2134; x_wconf 75' lang='lat' dir='ltr'>seruis</span> <span class='ocrx_word' id='word_1_252' title='bbox 1456 2098 1592 2133; x_wconf 81' lang='lat' dir='ltr'>talenta</span> 
     </span>
     <span class='ocr_line' id='line_1_32' title="bbox 231 2156 1591 2207; baseline -0.005 -9"><span class='ocrx_word' id='word_1_253' title='bbox 231 2163 283 2199; x_wconf 80' lang='lat' dir='ltr'>ad</span> <span class='ocrx_word' id='word_1_254' title='bbox 294 2163 436 2198; x_wconf 75' lang='lat' dir='ltr'>lucrum</span> <span class='ocrx_word' id='word_1_255' title='bbox 448 2163 620 2207; x_wconf 76' lang='lat' dir='ltr'>partiuit.</span> <span class='ocrx_word' id='word_1_256' title='bbox 669 2160 889 2197; x_wconf 80' lang='lat' dir='ltr'>Traduntur</span> <span class='ocrx_word' id='word_1_257' title='bbox 900 2158 1019 2196; x_wconf 86' lang='lat' dir='ltr'>seruis</span> <span class='ocrx_word' id='word_1_258' title='bbox 1033 2158 1136 2196; x_wconf 88' lang='lat' dir='ltr'>mine</span> <span class='ocrx_word' id='word_1_259' title='bbox 1147 2159 1233 2203; x_wconf 88' lang='lat' dir='ltr'>duo,</span> <span class='ocrx_word' id='word_1_260' title='bbox 1246 2157 1415 2204; x_wconf 85' lang='lat' dir='ltr'>quinque</span> <span class='ocrx_word' id='word_1_261' title='bbox 1427 2156 1591 2193; x_wconf 77' lang='lat' dir='ltr'>talenta.</span> 
     </span>
     <span class='ocr_line' id='line_1_33' title="bbox 236 2217 1052 2267; baseline -0.005 -9"><span class='ocrx_word' id='word_1_262' title='bbox 236 2237 274 2251; x_wconf 89' lang='lat'><em>=</em></span> <span class='ocrx_word' id='word_1_263' title='bbox 290 2221 355 2258; x_wconf 87' lang='lat' dir='ltr'>Be.</span> <span class='ocrx_word' id='word_1_264' title='bbox 374 2220 445 2257; x_wconf 90' lang='lat' dir='ltr'>col.</span> <span class='ocrx_word' id='word_1_265' title='bbox 467 2228 556 2267; x_wconf 85' lang='lat'>1225</span> <span class='ocrx_word' id='word_1_266' title='bbox 577 2219 596 2267; x_wconf 72' lang='grc' dir='ltr'><strong>ξ</strong></span> <span class='ocrx_word' id='word_1_267' title='bbox 616 2229 661 2265; x_wconf 91' lang='lat'>7:</span> <span class='ocrx_word' id='word_1_268' title='bbox 687 2219 757 2256; x_wconf 87' lang='lat' dir='ltr'>Bo.</span> <span class='ocrx_word' id='word_1_269' title='bbox 775 2219 845 2256; x_wconf 87' lang='lat' dir='ltr'>col.</span> <span class='ocrx_word' id='word_1_270' title='bbox 868 2220 961 2263; x_wconf 87' lang='lat'>1276</span> <span class='ocrx_word' id='word_1_271' title='bbox 980 2217 998 2265; x_wconf 84' lang='lat'>§</span> <span class='ocrx_word' id='word_1_272' title='bbox 1019 2229 1052 2265; x_wconf 87' lang='grc'>7.</span> 
     </span>
    </p>

    <p class='ocr_par' dir='ltr' id='par_1_12' title="bbox 199 2272 1591 2326">
     <span class='ocr_line' id='line_1_34' title="bbox 199 2272 1591 2326; baseline -0.006 -9"><span class='ocrx_word' id='word_1_273' title='bbox 199 2290 231 2318; x_wconf 86' lang='lat'>1.</span> <span class='ocrx_word' id='word_1_274' title='bbox 259 2281 345 2317; x_wconf 80' lang='lat' dir='ltr'>cod.</span> <span class='ocrx_word' id='word_1_275' title='bbox 370 2291 471 2316; x_wconf 79' lang='lat' dir='ltr'>meus</span> <span class='ocrx_word' id='word_1_276' title='bbox 493 2284 535 2315; x_wconf 82' lang='lat' dir='ltr'>ut</span> <span class='ocrx_word' id='word_1_277' title='bbox 557 2291 693 2326; x_wconf 81' lang='lat' dir='ltr'>supra:</span> <span class='ocrx_word' id='word_1_278' title='bbox 717 2278 795 2315; x_wconf 85' lang='lat' dir='ltr'>Dat</span> <span class='ocrx_word' id='word_1_279' title='bbox 818 2277 995 2315; x_wconf 87' lang='lat' dir='ltr'>dominus</span> <span class='ocrx_word' id='word_1_280' title='bbox 1019 2276 1133 2314; x_wconf 86' lang='lat' dir='ltr'>servis</span> <span class='ocrx_word' id='word_1_281' title='bbox 1157 2287 1288 2318; x_wconf 87' lang='lat' dir='ltr'>unum,</span> <span class='ocrx_word' id='word_1_282' title='bbox 1312 2274 1397 2318; x_wconf 87' lang='lat' dir='ltr'>duo,</span> <span class='ocrx_word' id='word_1_283' title='bbox 1421 2272 1591 2320; x_wconf 87' lang='lat' dir='ltr'>quinque</span> 
     </span>
    </p>

    <p class='ocr_par' dir='ltr' id='par_1_13' title="bbox 196 2338 1593 2446">
     <span class='ocr_line' id='line_1_35' title="bbox 229 2338 555 2381; baseline -0.009 -4"><span class='ocrx_word' id='word_1_284' title='bbox 229 2338 381 2377; x_wconf 61' lang='lat' dir='ltr'>talenta</span> <span class='ocrx_word' id='word_1_285' title='bbox 396 2339 471 2381; x_wconf 68' lang='lat' dir='ltr'>Be„</span> <span class='ocrx_word' id='word_1_286' title='bbox 488 2339 555 2375; x_wconf 90' lang='lat' dir='ltr'>Bo.</span> 
     </span>
     <span class='ocr_line' id='line_1_36' title="bbox 196 2392 1593 2446; baseline -0.006 -11"><span class='ocrx_word' id='word_1_287' title='bbox 196 2408 231 2446; x_wconf 88' lang='grc'>3.</span> <span class='ocrx_word' id='word_1_288' title='bbox 254 2397 485 2443; x_wconf 70' lang='lat' dir='ltr'>Designatur</span> <span class='ocrx_word' id='word_1_289' title='bbox 496 2398 606 2435; x_wconf 77' lang='lat' dir='ltr'>actus</span> <span class='ocrx_word' id='word_1_290' title='bbox 623 2397 696 2433; x_wconf 81' lang='lat' dir='ltr'>cod.</span> <span class='ocrx_word' id='word_1_291' title='bbox 713 2408 816 2433; x_wconf 79' lang='lat' dir='ltr'>meus</span> <span class='ocrx_word' id='word_1_292' title='bbox 830 2396 970 2443; x_wconf 80' lang='lat' dir='ltr'>(contra</span> <span class='ocrx_word' id='word_1_293' title='bbox 986 2393 1128 2441; x_wconf 84' lang='lat' dir='ltr'>metr.):</span> <span class='ocrx_word' id='word_1_294' title='bbox 1153 2392 1414 2441; x_wconf 75' lang='lat' dir='ltr'>Designantur</span> <span class='ocrx_word' id='word_1_295' title='bbox 1429 2393 1470 2429; x_wconf 88' lang='lat' dir='ltr'>et</span> <span class='ocrx_word' id='word_1_296' title='bbox 1484 2393 1593 2428; x_wconf 80' lang='lat' dir='ltr'>actus</span> 
     </span>
    </p>

    <p class='ocr_par' dir='ltr' id='par_1_14' title="bbox 196 2458 1591 2563">
     <span class='ocr_line' id='line_1_37' title="bbox 230 2458 393 2502; baseline -0.006 -8"><span class='ocrx_word' id='word_1_297' title='bbox 230 2458 308 2502; x_wconf 72' lang='lat' dir='ltr'>Be„</span> <span class='ocrx_word' id='word_1_298' title='bbox 326 2458 393 2494; x_wconf 88' lang='lat' dir='ltr'>Bo.</span> 
     </span>
     <span class='ocr_line' id='line_1_38' title="bbox 196 2509 1591 2563; baseline -0.005 -10"><span class='ocrx_word' id='word_1_299' title='bbox 196 2527 231 2563; x_wconf 84' lang='lat'>4.</span> <span class='ocrx_word' id='word_1_300' title='bbox 256 2516 505 2558; x_wconf 79' lang='lat' dir='ltr'>Intellectus3</span> <span class='ocrx_word' id='word_1_301' title='bbox 538 2514 742 2552; x_wconf 85' lang='lat' dir='ltr'>intellectu</span> <span class='ocrx_word' id='word_1_302' title='bbox 772 2515 848 2551; x_wconf 83' lang='lat' dir='ltr'>cod.</span> <span class='ocrx_word' id='word_1_303' title='bbox 876 2525 978 2550; x_wconf 78' lang='lat' dir='ltr'>meus</span> <span class='ocrx_word' id='word_1_304' title='bbox 1003 2512 1144 2560; x_wconf 74' lang='lat' dir='ltr'>(contra</span> <span class='ocrx_word' id='word_1_305' title='bbox 1172 2509 1309 2558; x_wconf 84' lang='lat' dir='ltr'>metr.):</span> <span class='ocrx_word' id='word_1_306' title='bbox 1342 2509 1570 2548; x_wconf 82' lang='lat' dir='ltr'>Intellectus</span> <span class='ocrx_word' id='word_1_307' title='bbox 1582 2523 1591 2553; x_wconf 92' lang='lat'>;</span> 
     </span>
    </p>

    <p class='ocr_par' dir='ltr' id='par_1_15' title="bbox 230 2574 666 2617">
     <span class='ocr_line' id='line_1_39' title="bbox 230 2574 666 2617; baseline -0.005 -5"><span class='ocrx_word' id='word_1_308' title='bbox 230 2575 274 2612; x_wconf 87' lang='lat' dir='ltr'>in</span> <span class='ocrx_word' id='word_1_309' title='bbox 290 2574 492 2612; x_wconf 82' lang='lat' dir='ltr'>intellectu</span> <span class='ocrx_word' id='word_1_310' title='bbox 508 2575 581 2617; x_wconf 65' lang='lat' dir='ltr'>Be„</span> <span class='ocrx_word' id='word_1_311' title='bbox 599 2575 666 2610; x_wconf 89' lang='lat' dir='ltr'>Bo.</span> 
     </span>
    </p>

    <p class='ocr_par' dir='ltr' id='par_1_16' title="bbox 197 2629 1440 2739">
     <span class='ocr_line' id='line_1_40' title="bbox 199 2629 1440 2682; baseline -0.004 -11"><span class='ocrx_word' id='word_1_312' title='bbox 199 2643 233 2682; x_wconf 83' lang='lat'>5.</span> <span class='ocrx_word' id='word_1_313' title='bbox 256 2633 315 2670; x_wconf 87' lang='lat' dir='ltr'>nil</span> <span class='ocrx_word' id='word_1_314' title='bbox 330 2633 436 2669; x_wconf 84' lang='lat' dir='ltr'>mina.</span> <span class='ocrx_word' id='word_1_315' title='bbox 451 2633 621 2670; x_wconf 80' lang='lat' dir='ltr'>lucratur</span> <span class='ocrx_word' id='word_1_316' title='bbox 635 2633 710 2669; x_wconf 84' lang='lat' dir='ltr'>cod.</span> <span class='ocrx_word' id='word_1_317' title='bbox 731 2642 852 2668; x_wconf 75' lang='lat' dir='ltr'>meus:</span> <span class='ocrx_word' id='word_1_318' title='bbox 878 2630 979 2667; x_wconf 83' lang='lat' dir='ltr'>nihil</span> <span class='ocrx_word' id='word_1_319' title='bbox 994 2630 1076 2678; x_wconf 88' lang='lat' dir='ltr'>ipse</span> <span class='ocrx_word' id='word_1_320' title='bbox 1091 2630 1264 2666; x_wconf 71' lang='lat' dir='ltr'>lucratur</span> <span class='ocrx_word' id='word_1_321' title='bbox 1278 2630 1355 2673; x_wconf 74' lang='lat' dir='ltr'>Be„</span> <span class='ocrx_word' id='word_1_322' title='bbox 1371 2629 1440 2666; x_wconf 84' lang='lat' dir='ltr'>Bo.</span> 
     </span>
     <span class='ocr_line' id='line_1_41' title="bbox 197 2688 1284 2739; baseline -0.006 -8"><span class='ocrx_word' id='word_1_323' title='bbox 197 2694 232 2738; x_wconf 91' lang='lat'>6,</span> <span class='ocrx_word' id='word_1_324' title='bbox 250 2702 285 2739; x_wconf 90' lang='lat'>7.</span> <span class='ocrx_word' id='word_1_325' title='bbox 308 2692 361 2729; x_wconf 92' lang='lat' dir='ltr'>Vt</span> <span class='ocrx_word' id='word_1_326' title='bbox 377 2704 417 2729; x_wconf 83' lang='lat' dir='ltr'>se</span> <span class='ocrx_word' id='word_1_327' title='bbox 433 2690 680 2736; x_wconf 75' lang='lat' dir='ltr'>mortificans,</span> <span class='ocrx_word' id='word_1_328' title='bbox 697 2701 854 2727; x_wconf 86' lang='lat' dir='ltr'>concors</span> <span class='ocrx_word' id='word_1_329' title='bbox 870 2702 956 2728; x_wconf 86' lang='lat' dir='ltr'>cum</span> <span class='ocrx_word' id='word_1_330' title='bbox 972 2688 1158 2726; x_wconf 78' lang='lat' dir='ltr'>fratribus</span> <span class='ocrx_word' id='word_1_331' title='bbox 1173 2690 1214 2726; x_wconf 89' lang='lat' dir='ltr'>et</span> <span class='ocrx_word' id='word_1_332' title='bbox 1230 2688 1284 2732; x_wconf 83' lang='lat' dir='ltr'>fit,</span> 
     </span>
    </p>

    <p class='ocr_par' dir='ltr' id='par_1_17' title="bbox 174 2748 1591 2974">
     <span class='ocr_line' id='line_1_42' title="bbox 308 2748 1163 2795; baseline -0.004 -7"><span class='ocrx_word' id='word_1_333' title='bbox 308 2749 360 2788; x_wconf 81' lang='lat' dir='ltr'>Et</span> <span class='ocrx_word' id='word_1_334' title='bbox 375 2751 444 2788; x_wconf 74' lang='lat' dir='ltr'>fiat</span> <span class='ocrx_word' id='word_1_335' title='bbox 462 2750 617 2793; x_wconf 65' lang='lat' dir='ltr'>doeton</span> <span class='ocrx_word' id='word_1_336' title='bbox 642 2748 791 2787; x_wconf 87' lang='lat' dir='ltr'>domini</span> <span class='ocrx_word' id='word_1_337' title='bbox 807 2748 859 2786; x_wconf 91' lang='lat' dir='ltr'>sit</span> <span class='ocrx_word' id='word_1_338' title='bbox 876 2748 986 2786; x_wconf 86' lang='lat' dir='ltr'>cuius</span> <span class='ocrx_word' id='word_1_339' title='bbox 1002 2749 1163 2795; x_wconf 84' lang='lat' dir='ltr'>oportet.</span> 
     </span>
     <span class='ocr_line' id='line_1_43' title="bbox 215 2802 1591 2856; baseline -0.004 -9"><span class='ocrx_word' id='word_1_340' title='bbox 215 2810 293 2847; x_wconf 73' lang='lat' dir='ltr'>Sic</span> <span class='ocrx_word' id='word_1_341' title='bbox 308 2811 384 2847; x_wconf 77' lang='lat' dir='ltr'>eod.</span> <span class='ocrx_word' id='word_1_342' title='bbox 400 2821 500 2846; x_wconf 77' lang='lat' dir='ltr'>meus</span> <span class='ocrx_word' id='word_1_343' title='bbox 516 2808 566 2856; x_wconf 87' lang='lat' dir='ltr'>(v.</span> <span class='ocrx_word' id='word_1_344' title='bbox 583 2808 694 2845; x_wconf 61' lang='lat' dir='ltr'>Mate.</span> <span class='ocrx_word' id='word_1_345' title='bbox 712 2818 797 2845; x_wconf 82' lang='lat' dir='ltr'>xxv.</span> <span class='ocrx_word' id='word_1_346' title='bbox 815 2806 902 2855; x_wconf 88' lang='lat'><strong>28):</strong></span> <span class='ocrx_word' id='word_1_347' title='bbox 929 2805 1002 2852; x_wconf 90' lang='lat' dir='ltr'>Qui</span> <span class='ocrx_word' id='word_1_348' title='bbox 1025 2805 1141 2844; x_wconf 88' lang='lat' dir='ltr'>uerbo</span> <span class='ocrx_word' id='word_1_349' title='bbox 1164 2806 1204 2843; x_wconf 84' lang='lat' dir='ltr'>et</span> <span class='ocrx_word' id='word_1_350' title='bbox 1227 2803 1309 2842; x_wconf 78' lang='lat' dir='ltr'>uita</span> <span class='ocrx_word' id='word_1_351' title='bbox 1332 2803 1499 2852; x_wconf 84' lang='lat' dir='ltr'>prodest,</span> <span class='ocrx_word' id='word_1_352' title='bbox 1515 2802 1591 2841; x_wconf 84' lang='lat' dir='ltr'>fert</span> 
     </span>
     <span class='ocr_line' id='line_1_44' title="bbox 232 2867 694 2915; baseline 0.002 -10"><span class='ocrx_word' id='word_1_353' title='bbox 232 2867 340 2906; x_wconf 71' lang='lat' dir='ltr'>lucra</span> <span class='ocrx_word' id='word_1_354' title='bbox 355 2868 515 2906; x_wconf 88' lang='lat' dir='ltr'>duorum</span> <span class='ocrx_word' id='word_1_355' title='bbox 530 2869 609 2915; x_wconf 70' lang='lat' dir='ltr'>Be„</span> <span class='ocrx_word' id='word_1_356' title='bbox 625 2868 694 2906; x_wconf 87' lang='lat' dir='ltr'>Bo.</span> 
     </span>
     <span class='ocr_line' id='line_1_45' title="bbox 174 2926 1480 2974; baseline -0.007 -12"><span class='ocrx_word' id='word_1_357' title='bbox 174 2941 257 2962; x_wconf 72' lang='lat' dir='ltr'>mn</span> <span class='ocrx_word' id='word_1_358' title='bbox 271 2941 292 2961; x_wconf 84' lang='grc' dir='ltr'>ιι</span> <span class='ocrx_word' id='word_1_359' title='bbox 821 2928 844 2966; x_wconf 86' lang='grc'>3</span> <span class='ocrx_word' id='word_1_360' title='bbox 863 2927 896 2956; x_wconf 77' lang='lat' dir='ltr'>K</span> <span class='ocrx_word' id='word_1_361' title='bbox 1415 2926 1480 2974; x_wconf 53' lang='lat'>433</span> 
     </span>
    </p>
   </div>
  </div>
 </body>
</html>
