1846 3262
73 213 158 253 622
178 209 208 251 d
558 207 822 254 IOANNIS
863 204 1386 251 SARESBERIENSIS
1534 203 1646 266 [Lm.
1661 214 1713 249 v1

227 366 334 426 Cap.
359 380 425 421 24.
462 366 592 411 Vitia
621 369 897 424 potestatum
925 363 1126 422 ferenda
1166 367 1275 407 swnt
1311 377 1358 406 eo
1392 362 1515 420 quod
1551 362 1610 406 in
1648 361 1713 406 eis

344 437 559 495 auspicia
582 436 795 494 publicae
824 435 987 480 salutis
1016 437 1239 485 constant,
1264 437 1303 477 et
1328 433 1450 490 quod
1476 431 1711 490 dispensa-

343 513 455 552 tores
481 507 646 552 salutis
664 510 776 552 sunt
803 506 921 550 sicut
949 509 1174 550 stomacus
1197 504 1255 547 in
1281 519 1462 561 corpore
1482 502 1714 547 animalis

343 578 590 623 'nutritiua
605 577 824 634 dispertit,
838 581 876 621 et
888 575 964 620 hoc
979 591 1031 620 ex
1046 575 1271 620 sententia
1285 573 1472 618 domini
1485 573 1712 618 Adriani.

283 678 421 729 Vade,
452 677 602 735 inquit
637 676 858 726 Salomon,
893 675 951 718 ad
982 674 1227 728 formicam,
1264 674 1302 718 O
1344 674 1483 732 piger,
1517 675 1571 717 ut
1609 687 1711 730 pro-
1731 681 1752 718 ⁵

224 748 428 792 uidentia
445 748 676 791 habeatur.
736 746 800 790 At
826 746 1116 804 philosophus
1141 745 1293 788 uirum
1312 744 1546 802 politicum
1566 743 1714 786 mittit

225 818 284 862 ad
324 832 429 875 apes
468 819 522 861 ut
560 817 618 861 ab
658 817 747 860 illis
788 830 918 860 suum
959 815 1102 859 discat
1135 815 1352 869 officium3
1396 815 1468 859 cui
1509 814 1547 858 si
1583 813 1711 872 Tyrii

225 888 571 945 adquieuissent,
587 902 868 945 nequaquam
884 886 1090 929 luxuriae
1110 886 1401 930 indulsissent
1421 889 1468 930 et
1487 885 1543 929 de
1561 884 1712 944 gentis

72 970 158 1017 623
177 978 208 1007 a
224 961 441 1016 perpetua
480 957 787 1002 incolumitate
830 957 1091 1016 gauderent.
1170 957 1270 1008 Sed,
1311 957 1418 1014 quia
1456 957 1622 1000 uitium
1662 956 1712 999 in

223 1029 410 1072 muliere
425 1028 606 1072 domina
620 1027 853 1081 radicauit,
870 1027 1112 1071 effeminati
1127 1028 1247 1071 ciues
1263 1028 1578 1071 subduxerunt
1596 1026 1711 1070 colla
1729 1041 1774 1066 10

223 1099 398 1142 uirtuti.
459 1099 609 1150 Porro,
622 1098 706 1141 etsi
733 1098 782 1140 in
808 1097 951 1141 officio
970 1097 1194 1141 uirtutum
1219 1097 1280 1141 sit
1300 1098 1526 1142 remissior
1544 1097 1709 1155 princi-

223 1172 370 1227 patus,
389 1169 599 1213 colendus
626 1171 778 1212 tamen
806 1170 897 1221 est3
928 1170 985 1219 et,
1006 1168 1122 1211 sicut
1145 1183 1251 1226 apes
1271 1168 1319 1211 in
1339 1169 1538 1212 humeris
1558 1183 1710 1226 regem

224 1254 356 1283 suum
390 1239 618 1290 attollunt,
652 1238 719 1281 ita
753 1238 955 1290 subiecti,
989 1253 1099 1296 quos
1135 1239 1269 1296 pedes
1304 1242 1350 1282 et
1379 1239 1580 1283 membra
1614 1254 1710 1283 esse

222 1309 540 1366 praediximus,
574 1307 815 1351 dummodo
848 1308 974 1351 uitiis
1012 1308 1286 1366 perniciosus
1326 1325 1416 1353 non
1456 1310 1528 1361 sit,·
1566 1309 1708 1354 omni-

219 1379 402 1422 modum
423 1379 464 1423 ei
491 1379 734 1423 exhibeant
762 1377 1046 1423 famulatum.
1105 1378 1236 1431 Nam,
1257 1380 1342 1423 etsi
1369 1380 1543 1424 laboret
1568 1380 1707 1431 uitiis,
1729 1391 1770 1428 15

220 1447 433 1492 ferendus
460 1452 529 1493 est
555 1452 786 1506 tamquam
813 1449 862 1491 in
890 1463 979 1506 quo
1005 1449 1165 1493 salutis
1195 1450 1395 1508 auspicia
1421 1451 1707 1509 prouinciali-

222 1519 307 1562 bus
339 1522 512 1564 extant.

629 1601 751 1659 Rege
781 1600 993 1644 incolumi
1023 1615 1149 1678 mens
1179 1602 1386 1646 omnibus
1417 1617 1531 1656 una;

340 1659 504 1704 amisso
533 1674 694 1718 rupere
723 1659 871 1703 fidem.

222 1753 380 1797 Illirici
407 1756 454 1797 et
473 1754 633 1798 Traces
653 1753 878 1797 cotidiano
899 1754 1112 1798 exercitio
1133 1754 1334 1798 indurati
1361 1754 1505 1813 gloria
1525 1756 1708 1801 bellicae
1728 1771 1772 1796 ²0

223 1823 371 1867 laudis
390 1824 605 1867 finitimos
626 1823 888 1867 Macedones
908 1824 1150 1876 terrebant,
1171 1825 1249 1882 qui
1269 1826 1439 1883 praelio
1458 1826 1590 1884 pulsi,
1604 1842 1709 1886 rege

175 1897 205 1936 b
223 1908 304 1937 suo
324 1894 442 1952 regis
457 1893 660 1938 defuncti
680 1894 773 1937 filio
793 1894 842 1937 in
857 1895 984 1938 cunis
1000 1895 1175 1952 prolato
1193 1899 1239 1939 et
1259 1911 1374 1953 pone
1390 1897 1529 1940 aciem
1549 1898 1707 1956 posito,

223 1964 370 2009 acrius
390 1967 615 2008 certamen
635 1965 852 2022 repetiere
872 1967 1103 2023 tamquam
1124 1965 1224 2010 ideo
1244 1967 1355 2010 uicti
1376 1966 1570 2012 fuissent
1589 1969 1709 2026 quod

223 2035 495 2079 bellantibus
519 2035 758 2079 defuerant
778 2035 978 2093 auspicia
1005 2036 1123 2094 regis
1151 2037 1233 2087 sui,
1254 2037 1447 2081 uictores
1467 2037 1614 2082 futuri
1634 2039 1707 2083 uel

222 2108 460 2164 propterea
481 2106 599 2163 quod
627 2120 684 2149 ex
710 2106 1028 2163 superstitione
1055 2107 1128 2150 uel
1155 2107 1244 2150 fide
1272 2108 1471 2150 animum
1499 2109 1708 2153 uincendi
1727 2124 1771 2160 25

224 2178 444 2233 ceperant.
505 2175 625 2219 Nam
649 2179 695 2219 et
718 2176 947 2220 miseratio
973 2175 1164 2220 infantis
1193 2192 1266 2220 eos
1294 2178 1477 2222 tenebat
1505 2193 1649 2236 quem,
1669 2180 1708 2224 si

224 2245 335 2289 uicti
356 2248 514 2296 essent,
534 2245 764 2303 captiuum
785 2246 840 2289 de
860 2261 964 2304 rege
985 2246 1132 2290 facere
1151 2247 1437 2292 uidebantur.
1490 2247 1708 2295 Conserto

222 2315 376 2374 itaque
405 2317 574 2374 praelio
603 2331 768 2375 magna
794 2317 927 2361 caede
957 2317 1149 2361 Illiricos
1177 2317 1396 2362 fuderunt
1424 2320 1710 2365 ostendentes

223 2476 260 2520 4
269 2470 351 2511 post
367 2463 527 2501 Adriani
544 2467 628 2502 add.
646 2476 745 2511 pape
764 2467 805 2502 et
822 2464 951 2512 quinti
967 2465 1091 2503 sereni
1108 2464 1149 2502 8²
1282 2475 1302 2512 7
1328 2466 1412 2503 tirii
1428 2466 1532 2504 ASM
1666 2477 1706 2517 15

224 2512 263 2550 ei
279 2525 347 2550 om.
365 2512 407 2548 M
551 2523 596 2549 22
622 2512 702 2550 filio
720 2513 894 2551 defuncti
913 2513 1054 2551 (ΣῙΒῙΑι

274 2657 292 2695 5
325 2649 422 2684 Vade
447 2650 540 2685 ete:
575 2660 608 2684 v.
640 2647 747 2685 Prov.
775 2648 823 2684 vi.
855 2649 889 2685 6.
1038 2649 1062 2685 6
1081 2649 1342 2695 philosophus:
1378 2649 1403 2687 i.
1415 2662 1447 2687 e.
1478 2649 1709 2690 Plutarchus

224 2695 268 2732 in
285 2697 518 2733 Institutione
538 2697 719 2740 Traia-ni,·
743 2709 775 2734 v.
797 2708 912 2743 supra
937 2707 969 2732 c.
994 2706 1037 2732 21
1068 2697 1152 2743 (619
1163 2696 1221 2743 D).
1431 2707 1452 2743 7
1482 2700 1609 2745 Tyrii.
1634 2700 1660 2737 i.
1673 2712 1708 2739 e.

224 2743 571 2790 Carthaginienses.
683 2755 784 2791 9,1o
807 2747 849 2780 in
866 2746 1016 2780 muliere
1032 2746 1201 2781 domina:
1227 2744 1253 2782 i.
1268 2757 1298 2782 e.
1317 2744 1359 2781 in
1375 2744 1536 2785 Didone.
1663 2759 1706 2786 12

223 2793 317 2828 sicut
334 2804 420 2838 apes
436 2794 508 2829 etc.
526 2805 534 2828 :
560 2804 592 2828 v.
611 2791 724 2839 Verg.
744 2794 870 2837 Geor-9.
889 2792 935 2828 iv.
949 2802 1029 2838 217.
1180 2803 1223 2838 14
1243 2795 1522 2839 praediscimus:
1546 2807 1580 2833 v.
1594 2808 1709 2843 supra

224 2850 331 2876 c.20.
505 2848 546 2885 17
571 2841 664 2886 Reye
682 2843 776 2877 etc.:
802 2840 916 2887 Verg.
937 2841 1062 2887 Geor-9.
1082 2839 1131 2876 iv.
1150 2850 1230 2885 212,
1250 2851 1330 2887 213.
1498 2854 1548 2880 20
1571 2845 1710 2881 Rlirici

222 2890 319 2925 ote:
345 2900 377 2924 v
404 2886 538 2925 Iustin.
562 2887 627 2924 vii.
653 2898 673 2924 2
701 2888 743 2936 ἕξ
771 2890 877 2925 6—12.
1070 2897 1114 2936 25
1140 2891 1200 2925 uel
1213 2890 1318 2934 fide:
1353 2889 1503 2928 addidit
1531 2892 1709 2930 Ioannes.

332 2959 379 2996 66
