1846 3262
129 225 232 260 οΔΡ.
244 211 298 274 v]
651 209 1093 256 POLICRATICVS
1624 215 1703 257 722
1722 216 1749 246 c

129 335 439 394 phantasticas
468 334 708 378 dumtaxat
742 348 885 376 uanae
915 332 1137 391 opinionis
1169 332 1381 375 secuntur
1415 328 1608 372 umbras.

131 405 365 464 Siquidem
385 406 497 449 alios
516 407 735 462 spernunt
749 419 855 462 prae
871 419 918 447 se
938 406 984 446 et
1004 403 1206 460 aspirant
1226 401 1283 444 ad
1303 399 1610 458 impossibilia,

130 477 187 521 de
218 476 371 520 fallaci
402 490 551 519 rerum
580 477 915 532 praesumentes
944 473 1151 531 imagine.
1211 471 1285 515 Sic
1316 471 1531 514 Narcisus
1561 469 1610 511 in

131 545 310 598 fabulis,
340 546 448 588 dum
478 560 597 588 uana
626 544 697 587 sui
727 543 923 601 imagine
953 543 1140 600 capitur,
1170 542 1267 585 abit
1293 541 1342 583 in
1370 541 1524 583 florem
1552 542 1612 591 et,

93 633 114 667 5
131 616 239 660 dum
261 616 454 674 seipsum
475 615 784 672 imprudenter
802 613 974 670 aspicit,
990 613 1072 656 flos
1092 612 1188 655 sine
1207 611 1359 655 fructu
1379 610 1613 668 pueriliter

132 686 370 730 euanescit.
442 685 689 728 Multorum
714 698 889 741 quoque
910 682 1001 725 fuit
1026 682 1191 740 opinio,
1210 685 1256 725 et
1276 696 1429 724 eorum
1458 681 1537 737 qui
1563 680 1612 722 in

133 755 276 799 ueteri
295 755 579 813 philomphia
598 769 705 811 prae
726 753 884 796 ceteris
899 753 1161 802 floruerunt,
1174 751 1480 794 Alexandrum
1506 750 1609 806 (et)

133 825 414 870 Aristotilem
429 840 458 868 8
472 824 732 867 numinibus
747 838 841 866 esse
855 822 1125 880 progenitos,
1143 836 1193 864 eo
1209 821 1328 878 quod
1341 821 1388 863 in
1404 821 1613 864 omnibus

133 896 360 955 propriam
390 895 663 953 quaerebant
696 894 898 951 gloriam.
958 893 1188 936 Platonem
1224 907 1398 949 quoque
1429 895 1615 949 propter

77 985 120 1013 1ο
135 967 338 1010 (11111118111
358 964 683 1023 quodammodo
698 979 787 1021 qua
802 963 992 1006 eminuit
1007 962 1273 1020 sapientiam
1294 966 1340 1005 et
1355 962 1614 1019 Augustum

134 1039 319 1094 propter
337 1035 585 1093 potentiam
607 1033 924 1089 fortunamque
945 1032 1235 1089 tranquillam
1266 1047 1294 1074 a
1313 1032 1401 1075 diis
1421 1032 1613 1075 traxisse
1632 1032 1663 1073 d

134 1106 356 1163 originem
394 1105 692 1148 tradiderunt.
754 1103 813 1145 Et
845 1102 1025 1159 quidem
1059 1102 1108 1145 in
1142 1102 1417 1145 contrarium
1449 1102 1616 1145 rectius

134 1176 417 1234 collegissent
451 1189 525 1218 eos
556 1177 637 1216 aut
672 1173 819 1216 diuini
850 1187 941 1215 non
980 1187 1075 1215 esse
1105 1172 1282 1229 generis
1317 1175 1398 1215 aut
1430 1172 1615 1215 deorum

135 1247 253 1290 filios
276 1260 370 1289 esse
400 1245 650 1302 degeneres,
677 1243 767 1286 nisi
795 1243 902 1299 quia
931 1242 997 1284 dii
1026 1243 1230 1299 gentium
1261 1242 1469 1285 demonia
1498 1245 1619 1294 sunt,

77 1333 120 1370 ¹5
138 1319 187 1360 et
213 1315 366 1359 incubi
386 1315 595 1358 demones
624 1313 842 1356 uanitatis
868 1316 915 1356 et
934 1313 1135 1355 malitiae
1162 1327 1270 1356 suae
1289 1316 1413 1356 certa
1436 1313 1618 1363 indicia,

137 1386 179 1431 si
218 1401 350 1444 quem
389 1388 541 1428 tamen
575 1384 784 1441 gignunt,
818 1383 1081 1440 relinquunt
1115 1383 1164 1425 in
1198 1382 1358 1426 sobole.
1417 1382 1537 1425 Nam
1572 1385 1620 1426 et

138 1471 272 1500 uerus
291 1455 377 1499 Dei
398 1455 553 1508 Filius,
574 1454 696 1497 Deus
715 1454 859 1504 homo,
874 1453 1101 1511 propriam
1121 1468 1212 1496 non
1233 1453 1409 1510 quaerit
1428 1453 1620 1511 gloriam

138 1527 188 1571 111
226 1526 433 1570 omnibus
467 1540 581 1582 quae
610 1524 801 1582 gloriose
830 1524 947 1566 fiunt
982 1523 1040 1566 ab
1074 1538 1138 1575 eo,
1164 1523 1242 1566 sed
1273 1524 1445 1576 Patris;
1481 1538 1620 1581 eoque

2 1649 6 1651 λ
139 1597 396 1641 illustratur
413 1595 558 1654 gloria
578 1594 784 1652 ampliori
800 1594 919 1651 quod
933 1593 992 1636 ad
1012 1608 1126 1646 eum,
1146 1609 1204 1637 ex
1224 1609 1312 1652 quo
1332 1598 1440 1638 sunt
1459 1595 1622 1647 omnia,

9 1727 13 1730 ι
81 1687 127 1715 ao
141 1667 359 1711 bonorum
379 1681 563 1724 operum
582 1665 771 1723 gloriam
792 1664 943 1708 refert.
990 1664 1065 1708 Sic
1081 1668 1127 1708 et
1142 1680 1247 1708 uere
1267 1665 1444 1723 sapiens
1463 1666 1622 1719 omnis,

141 1751 247 1781 uere
278 1739 449 1794 potens,
469 1738 515 1778 et
546 1750 652 1778 uere
683 1735 839 1787 bonus,
860 1734 918 1777 ad
954 1734 1137 1778 unicum
1168 1735 1367 1778 omnium
1401 1736 1619 1778 bonorum

141 1805 315 1851 fontem
341 1820 424 1848 sua
449 1805 600 1848 omnia
622 1804 868 1847 laudabilia
891 1803 1043 1854 refert,
1063 1819 1283 1847 summam
1308 1805 1476 1848 seilicet
1499 1821 1621 1849 crea-

140 1877 298 1920 tricem
318 1879 365 1919 et
382 1874 665 1917 indiuiduam
685 1874 967 1919 Trinitatem.
1028 1874 1278 1917 Alexandri
1298 1879 1454 1932 pectus
1474 1876 1623 1919 laudis

143 1946 399 1990 insatiabile
415 1945 493 2002 qui
507 1945 735 1988 Anacarso
750 1944 902 1987 comiti
922 1959 1003 1987 suo
1018 1959 1076 1988 ex
1095 1945 1362 1989 auctoritate
1379 1946 1623 1989 Democriti
1640 1952 1721 1993 723
1740 1953 1771 1982 a

84 2031 128 2068 ²5
145 2015 445 2075 praeceptoris
464 2013 811 2057 innumerabiles
830 2014 1019 2057 mundos
1034 2029 1127 2057 esse
1147 2014 1383 2058 referenti:
1415 2015 1519 2058 Heu
1539 2030 1623 2067 me,

146 2085 308 2144 inquit,
326 2085 550 2134 miserum,
571 2084 690 2140 quod
709 2098 790 2127 nec
815 2099 906 2127 uno
930 2084 1110 2140 quidem
1133 2084 1280 2127 adhuc
1303 2085 1475 2142 potitus
1500 2090 1623 2128 sum!

146 2155 284 2199 Plane
332 2154 467 2197 miser
514 2154 763 2211 dignusque
813 2154 1004 2206 miseria,
1052 2154 1178 2197 cuius
1229 2155 1423 2198 uirtutes
1471 2170 1625 2199 omnes

147 2225 438 2269 absorbuerat
482 2223 628 2266 laudis
676 2223 890 2266 insatiata
930 2228 976 2267 et
1020 2224 1289 2267 insatiabilis
1333 2224 1476 2268 fames
1520 2240 1624 2271 una.

146 2334 172 2369 4
196 2322 349 2370 capitur
362 2321 531 2369 imagine
549 2321 594 2355 Α1
722 2321 906 2368 ymagine
922 2321 964 2358 M
1108 2330 1129 2366 7
1154 2322 1409 2370 phylosophia
1425 2323 1466 2359 M
1586 2324 1629 2361 et

147 2373 334 2418 supplevi:
359 2372 453 2405 deest
470 2372 510 2404 in
526 2371 628 2405 codd.
739 2380 782 2416 19
806 2369 947 2416 gloria]
965 2369 1094 2417 gratia
1111 2370 1151 2405 M

198 2475 220 2511 3
245 2465 445 2500 Nerei-eus:
470 2461 655 2498 Fabulam
686 2459 851 2497 Narcissi
882 2463 1015 2498 narrat
1046 2461 1202 2498 Ovidius
1229 2464 1314 2499 Met.
1346 2462 1404 2500 iii.
1438 2474 1509 2510 339
1521 2475 1625 2511 seqq.

151 2521 171 2560 5
196 2514 276 2549 sine
283 2514 439 2558 fructu:
465 2523 496 2546 v.
514 2512 653 2546 Auson.
670 2511 801 2555 Epiqr.
820 2519 879 2554 99.
1055 2520 1077 2555 7
1102 2513 1378 2547 Alexandrum:
1402 2524 1437 2547 v,
1457 2512 1549 2548 lust.
1574 2513 1626 2549 xi.

153 2571 194 2598 11
212 2573 222 2603 ;
247 2559 367 2596 801111.
384 2558 435 2594 ix.
459 2559 512 2595 18.
640 2560 661 2594 8
687 2559 932 2593 Am'stotilem:
959 2569 992 2593 v.
1011 2569 1124 2604 supra
1139 2558 1188 2594 ad
1205 2558 1266 2594 vii.
1284 2561 1308 2595 6
1326 2561 1411 2604 (648
1424 2560 1484 2605 A).
1604 2571 1628 2607 9

143 2609 343 2656 propriam
411 2606 580 2642 uerebant
596 2606 777 2651 ylorae'am:
802 2617 834 2641 v,
858 2605 990 2641 Ioann.
1008 2606 1073 2641 vii.
1096 2608 1150 2644 18.
1200 2607 1460 2654 Cupiditatem
1481 2607 1630 2655 gloriae

150 2657 192 2692 in
208 2655 353 2692 Alexan
383 2666 424 2690 ro
442 2655 482 2690 et
499 2653 703 2690 Aristotele
721 2655 833 2689 notat
849 2652 932 2690 Val.
950 2654 1050 2690 Max.
1068 2653 1146 2690 viii.
1167 2665 1210 2699 14
1228 2658 1303 2692 ext.
1322 2667 1355 2700 2,
1373 2667 1407 2701 3.
1512 2658 1631 2693 Plato-

151 2716 258 2740 nem:
283 2715 315 2738 v.
333 2701 447 2749 Apul.
465 2704 508 2737 de
525 2703 651 2747 Doym.
670 2703 763 2737 Plat.
783 2701 808 2737 i.
834 2712 862 2737 1.
972 2711 1012 2748 15
1039 2704 1162 2738 incubi
1177 2705 1362 2739 demones:
1388 2703 1438 2739 cf.
1454 2715 1566 2750 supra
1580 2704 1630 2741 ad

151 2750 216 2787 vii.
229 2753 254 2788 6
269 2751 354 2796 (648
368 2753 426 2795 Α).
528 2751 579 2791 16,
598 2759 638 2794 17
651 2750 749 2785 Nam
761 2755 915 2786 etum-m
926 2752 998 2786 etc.
1012 2764 1021 2788 :
1047 2763 1082 2788 v.
1095 2751 1228 2787 Ioann.
1247 2751 1327 2788 viii.
1346 2762 1402 2798 50.
1445 2751 1540 2787 Cum
1557 2753 1630 2789 hoc

151 2799 236 2836 loco
253 2799 300 2835 cf.
322 2798 460 2834 Bacon.
479 2799 523 2833 de
538 2799 670 2843 Auqm.
688 2798 758 2833 Sci.
777 2797 832 2833 111.
849 2808 874 2842 4
889 2798 977 2834 init.
1171 2810 1215 2845 19
1238 2811 1285 2835 ex
1298 2812 1367 2846 quo
1382 2805 1470 2835 sunt
1485 2802 1631 2837 omnia:

151 2859 188 2884 v.
209 2857 224 2883 1
240 2846 324 2883 Gor.
341 2845 418 2881 viii.
436 2846 471 2882 6.
593 2855 637 2891 23
667 2846 906 2882 Trinitatem:
933 2845 980 2882 cf.
997 2845 1130 2884 Abael.
1149 2849 1288 2884 Introd.
1307 2850 1356 2884 ad
1375 2849 1496 2885 Theoi.
1513 2848 1538 2885 i.
1555 2850 1631 2890 (ed.

153 2894 306 2937 Cousin,
324 2893 349 2930 i.
372 2904 426 2936 12,
449 2891 520 2938 13),
546 2894 665 2930 Theol.
688 2894 820 2930 Christ.
837 2893 886 2930 iv.
905 2894 943 2934 (i.
963 2903 1042 2941 550,
1062 2904 1080 2940 5
1086 2895 1158 2941 51).
1201 2897 1410 2932 Alexandri
1426 2900 1522 2934 etc.:
1546 2897 1631 2934 Val.

154 2942 258 2980 Max.
270 2941 349 2978 viii.
366 2952 410 2987 14
428 2943 507 2979 ext.
524 2951 558 2978 2.
655 2951 702 2987 24
725 2943 940 2979 Anaoaroo:
969 2945 1191 2980 Anaxarcho
1207 2943 1292 2982 Val.
1307 2944 1411 2982 Max.

1459 3009 1525 3046 ²47
