1846 3262
125 237 227 270 cu».
247 223 352 285 m]
636 222 1038 270 POLICRATICV
1041 222 1074 268 S
1608 221 1689 272 768
1709 220 1737 260 d

121 346 370 398 meruisset,
410 345 581 402 aliquid
626 345 796 389 celebre
846 345 966 388 illius
1012 347 1236 388 manasset
1281 344 1339 387 ad
1381 346 1591 402 posteros

122 416 340 474 Virgilius
360 415 558 458 Marcelli
578 416 692 459 citra
711 430 875 472 magna
894 415 1116 458 uirtutum
1129 414 1290 458 merita
1308 414 1593 472 perpetuauit

122 486 312 544 gloriam
355 488 412 536 et,
451 485 626 542 poetica
672 485 853 528 licentia
892 485 1024 528 fidem
1063 490 1320 542 peruertens
1369 483 1592 534 historiae,

123 555 356 606 Didonem,
376 555 480 598 licet
499 554 784 612 pudicissima
804 554 957 605 fuerit,
978 554 1178 612 hospitis,
1193 568 1324 611 quem
1344 567 1401 596 ex
1420 553 1592 596 ratione

82 639 103 674 5
123 628 374 682 temporum
410 624 562 667 uidere
591 639 681 667 non
711 624 869 682 potuit,
900 625 1068 667 incesto
1097 638 1246 666 amore
1272 623 1461 681 posteris
1492 637 1592 680 per-

122 694 266 738 suasit
294 693 432 737 fuisse
461 696 729 751 corruptam.
787 693 926 736 Nisus
956 696 1001 736 et
1032 693 1239 736 Eurialus
1270 696 1468 736 nostram
1503 707 1593 735 non

126 764 383 822 attigissent
395 766 572 814 etatem,
584 763 671 806 nisi
686 778 759 806 eos
778 763 992 806 obliuioni
1014 763 1168 806 diuina
1181 762 1378 806 Maronis
1396 762 1595 806 carmina

123 833 452 878 subduxissent.
523 833 688 890 Implet
728 833 872 876 adhuc
910 832 1115 890 promissi
1156 832 1289 876 fidem
1329 835 1375 876 et
1413 831 1595 876 nomina

123 917 276 947 eorum
306 903 397 946 situ
426 917 516 946 non
545 902 719 960 patitur
748 902 942 945 aboleri:

64 1003 108 1028 xo
241 983 394 1026 Viuite
424 982 603 1034 felices;
647 982 686 1025 si
717 982 824 1039 quid
855 997 954 1025 mea
982 982 1180 1026 carmina
1209 986 1406 1040 possunt,

240 1042 366 1085 nulla
394 1041 488 1084 dies
516 1055 728 1098 umquam
758 1041 942 1084 memori
972 1055 1053 1084 uos
1083 1041 1250 1084 eximet
1278 1055 1373 1085 euo.

124 1122 242 1178 Quid
264 1125 333 1166 est
352 1136 458 1179 ergo
477 1121 595 1178 quod
615 1121 692 1178 qui
722 1135 974 1164 scurrarum
1003 1121 1249 1178 uiliumque
1272 1122 1594 1179 mancipiorum
1610 1121 1697 1171 769
1716 1130 1747 1159 a

123 1192 394 1251 ignominiae
413 1194 542 1234 tanto
562 1194 745 1247 sumptu
765 1190 1019 1234 conducunt
1041 1191 1247 1248 gratiam,
1267 1191 1465 1235 honestis
1484 1191 1595 1234 uiris

122 1261 365 1320 peritisque
397 1264 442 1304 et
474 1260 668 1303 maxime
703 1259 992 1317 scriptoribus
1021 1260 1192 1318 placere
1222 1275 1312 1305 non
1342 1261 1596 1318 appetunt‘l

63 1347 106 1384 ¹5
125 1331 359 1388 Numquid
402 1345 505 1374 suas
550 1329 741 1387 ineptias
781 1330 1028 1374 transmitti
1068 1331 1229 1374 nolunt
1268 1331 1326 1374 ad
1363 1332 1597 1389 posteros?

124 1401 315 1460 Ignotus
334 1404 450 1444 esset
469 1400 676 1451 Lucilius,
700 1400 787 1443 nisi
808 1415 909 1444 eum
931 1400 1156 1458 Epistolae
1180 1400 1372 1445 Senecae
1398 1401 1594 1444 illustra-

122 1474 237 1516 rent.
281 1471 508 1514 Laudibus
524 1469 724 1515 Cesareis
738 1470 839 1528 plus
853 1470 1070 1528 Virgilius
1086 1474 1132 1514 et
1143 1471 1290 1515 Varus
1302 1471 1594 1528 Lucanusque

122 1540 380 1585 adiecerunt
414 1555 548 1597 quam
582 1540 847 1583 immensum
877 1540 988 1583 illud
1019 1541 1212 1584 erarium
1244 1556 1332 1598 quo
1363 1541 1518 1584 urbem
1549 1544 1596 1584 et

123 1611 275 1655 orbem
314 1610 536 1668 spoliauit.
617 1609 762 1653 Nemo
799 1610 1084 1667 prudentiam
1122 1611 1268 1654 Itachi
1303 1614 1383 1654 aut
1418 1610 1595 1654 Pelidae

64 1697 107 1722 ao
123 1681 246 1724 uires
265 1683 483 1738 agnosset,
496 1679 584 1722 nisi
605 1694 679 1723 eas
700 1679 922 1724 Homerus
941 1679 1097 1724 diuino
1116 1680 1385 1738 publicasset
1403 1680 1596 1738 ingenio.

124 1750 254 1794 Vnde
271 1749 409 1794 nichil
429 1750 564 1793 michi
591 1750 773 1793 uidetur
797 1750 1043 1794 consultius
1065 1751 1164 1794 uiro
1190 1750 1248 1793 ad
1278 1751 1465 1809 gloriam
1492 1765 1594 1808 pro-

123 1819 299 1879 peranti
326 1819 524 1863 fidelium
551 1818 708 1862 fauore
732 1820 1010 1876 scriptorum.
1072 1819 1224 1864 Nichil
1251 1820 1434 1863 stultius
1460 1835 1595 1877 quam

122 1893 303 1948 captare
323 1889 574 1946 Tigellium,
594 1889 671 1945 qui
691 1903 772 1932 nec
791 1903 918 1932 suam
938 1889 1056 1946 potis
1076 1893 1145 1932 est
1170 1890 1386 1933 redimere
1413 1890 1593 1932 famam.

125 1958 245 2003 Sunt
262 1961 412 2002 autem
433 1958 577 2001 multa
603 1958 651 2000 in
674 1958 872 2002 moribus
902 1959 1030 2012 bona,
1050 1959 1105 2002 de
1135 1959 1296 2016 quibus
1322 1960 1454 2002 multi
1483 1960 1594 2002 bene

65 2045 108 2080 ²5
126 2028 338 2078 iudicant,
358 2028 564 2084 quamuis
584 2042 637 2071 ea
663 2028 795 2070 multi
822 2042 912 2071 non
935 2028 1142 2079 habeant,
1165 2031 1211 2072 et
1231 2043 1319 2086 quo
1348 2029 1519 2072 rariora
1544 2043 1596 2072 eo
1611 2031 1642 2070 b

125 2158 148 2186 2
291 2147 413 2184 tlauit
429 2147 526 2184 CBA
614 2157 636 2193 3
660 2147 851 2194 hystoriae
864 2147 905 2184 M
987 2157 1008 2193 7
1034 2147 1283 2195 attingissent
1296 2149 1336 2185 M
1407 2149 1595 2186 marronis

125 2195 168 2234 0¹
203 2195 230 2232 S
384 2206 408 2242 9
432 2194 576 2232 oboleri
594 2195 618 2231 S
739 2197 792 2238 16,
817 2205 856 2239 17
882 2195 1135 2233 illustrassent
1151 2196 1185 2233 A
1298 2197 1342 2234 18
1366 2196 1548 2234 eri-arium
1565 2197 1595 2233 C

129 2254 173 2291 19
195 2242 326 2290 ythaci
344 2243 384 2279 M
520 2253 568 2279 20
590 2245 771 2290 agnoscet
787 2243 869 2280 S¹M
884 2257 893 2279 z
919 2246 1144 2291 agnosceret
1162 2245 1244 2292 Cyr.
1319 2244 1551 2291 puplicasset
1568 2244 1594 2281 S

173 2365 195 2391 2
224 2355 402 2400 Vityiln'us
417 2356 512 2390 eta:
538 2365 571 2390 v.
587 2353 700 2400 Verg.
717 2353 810 2389 Aen.
827 2352 876 2390 vi.
894 2354 964 2390 860
976 2365 1080 2400 seqq.
1226 2364 1248 2400 3
1266 2356 1409 2401 poetica
1425 2357 1592 2392 licentia:

126 2400 580 2447 cfiCic.deOr-.iii.38§
604 2409 693 2447 153;
717 2399 1272 2448 Quinti1.1n⁸t.or.x.1§28.
1365 2413 1389 2446 4
1413 2403 1591 2439 Didonem

125 2453 221 2488 etc.:
238 2462 272 2486 v.
288 2448 452 2486 Macrob.
465 2450 539 2484 Sat.
553 2460 584 2484 v.
599 2457 641 2492 17
657 2447 698 2494 §§
713 2457 745 2494 5,
757 2450 791 2491 6,
803 2451 843 2484 et
860 2459 957 2494 quae
970 2448 1017 2485 de
1034 2448 1216 2496 temporis
1230 2448 1432 2486 intervallo
1448 2449 1593 2487 habent

126 2497 316 2535 nonnulla
332 2495 570 2543 exemplaria
585 2494 704 2532 Servii
720 2496 770 2532 ad
786 2498 878 2531 Aen.
895 2496 942 2531 iv.
960 2506 1042 2542 459.
1162 2498 1187 2533 6
1210 2498 1325 2532 Nisus
1340 2502 1372 2532 et
1392 2498 1590 2534 Eur-'alum

122 2558 158 2582 v.
174 2545 287 2592 Verg.
306 2546 398 2580 Aen.
416 2556 449 2579 v.
467 2553 538 2589 294
546 2555 660 2588 seqq„
676 2542 727 2579 ix.
750 2544 815 2588 176
825 2554 927 2589 seqq.
1043 2553 1087 2580 10
1115 2545 1234 2579 Viuite
1249 2545 1322 2580 etc.
1340 2556 1349 2580 :
1375 2543 1591 2598 Verg.Aen.

124 2593 176 2630 ix.
186 2594 269 2638 446,
283 2602 353 2636 447
365 2592 578 2633 (Fortunati
592 2591 706 2631 ambo,
716 2592 751 2626 si
764 2593 854 2637 quid
869 2593 945 2627 etc.
961 2603 970 2632 ;
1000 2591 1120 2626 Viuite
1127 2592 1253 2633 felices
1264 2602 1310 2628 ex
1318 2593 1409 2627 Aen.
1424 2591 1480 2627 ii1.
1491 2594 1590 2638 493).

127 2650 171 2686 17
203 2641 345 2676 Vana:
372 2638 397 2674 i.
408 2650 441 2675 e.
459 2638 614 2680 Varius;
639 2650 673 2674 ν.
689 2638 780 2673 Hor.
804 2639 876 2684 Ep.
895 2637 920 2674 i.
943 2639 997 2675 16.
1016 2647 1060 2683 27
1074 2650 1175 2684 seqq.
1200 2651 1286 2675 cum
1312 2638 1475 2675 scholiis
1500 2640 1592 2677 Por—⁷

125 2686 322 2736 phyrionis
345 2688 384 2722 et
409 2684 687 2723 Pseudacronis
711 2685 759 2721 ad
784 2685 856 2721 loc.
873 2697 882 2729 ;
913 2685 962 2722 cf.
979 2687 1074 2722 ΑΡ.
1094 2695 1150 2733 55,
1168 2685 1332 2723 Mser-ob.
1348 2688 1422 2723 Sat.
1440 2686 1489 2723 vi.
1509 2697 1525 2724 1
1545 2687 1587 2736 ξς

126 2746 183 2782 39,
200 2746 258 2780 40.
275 2745 296 2771 2
315 2732 357 2781 §§
379 2744 431 2779 19,
449 2743 507 2770 20.
652 2734 695 2769 18
722 2734 814 2768 illud
836 2735 998 2769 erarium
1022 2736 1119 2770 etc.:
1146 2745 1178 2769 v.
1196 2733 1285 2770 Luc.
1301 2735 1429 2771 Phara.
1444 2734 1501 2771 iii.
1521 2745 1590 2780 114

126 2794 231 2830 seqq.
333 2791 376 2827 19
402 2782 545 2816 Itachi:
570 2779 637 2816 i.e.
669 2779 816 2822 Ithaci;
841 2792 890 2817 sc.
908 2780 1040 2817 Vlixis.
1136 2791 1181 2827 23
1210 2782 1425 2827 Tigellium:
1443 2793 1476 2818 v.
1496 2782 1587 2819 Hor.

126 2832 205 2868 Soc.
220 2830 247 2867 i.
264 2840 297 2866 2.
315 2839 349 2874 3,
370 2838 423 2864 10.
442 2829 499 2873 80,
517 2838 575 2874 90.
670 2838 717 2871 24
740 2829 835 2864 Sunt
849 2833 969 2864 andem
984 2830 1055 2864 etc.
1073 2839 1191 2876 usque
1207 2828 1256 2865 ad
1272 2831 1414 2876 iqnotus
1427 2829 1513 2876 (769
1526 2830 1586 2878 n):

126 2877 227 2924 Aug.
243 2879 287 2913 de
306 2877 344 2913 Ο.
359 2877 406 2912 D.
422 2888 454 2915 v.
479 2886 532 2922 19,
548 2874 774 2922 quibusdam
787 2877 920 2912 tamen
935 2875 1092 2913 eminas-

183 2948 300 2969 'mu
824 2943 856 2971 U
876 2943 906 2970 u
1412 2945 1478 2979 329
