1846 3262
165 201 268 234 cAP.
285 187 367 250 111]
692 189 1136 235 POLICRATICVS
1673 193 1751 243 641
1770 191 1800 232 d

165 326 262 356 esse
291 312 528 355 indubium
559 312 803 356 terminum
833 313 969 357 uitae.
1028 312 1112 356 Ille
1141 314 1306 364 autem,
1330 327 1432 356 cum
1455 311 1656 355 discendi

166 382 387 426 auiditate
435 383 646 442 gnauiter
700 398 932 427 accensum
976 383 1166 427 uidisset
1209 383 1447 434 hominem,
1488 382 1655 425 librum

166 450 362 510 Epitecti
384 452 524 497 Stoici
546 453 600 496 de
621 454 819 497 mantica
842 453 1046 511 protulit,
1072 453 1120 495 in
1146 468 1234 510 quo
1260 453 1427 511 scripta
1448 455 1577 496 erant
1602 467 1655 495 ea

165 537 280 580 quae
300 524 608 582 congruebant
628 524 817 567 decretis
838 524 1029 567 Zenonis
1050 527 1095 567 et
1117 523 1325 581 Crisippi‚
1343 523 1420 581 qui
1441 523 1656 566 dicuntur

125 603 145 637 5
166 592 306 638 fuisse
325 594 548 652 principes
573 594 838 638 Stoicorum.
901 593 1017 638 Cum
1048 609 1154 652 ergo
1178 594 1344 637 librum
1372 594 1420 636 in
1446 593 1655 636 manibus

165 663 369 722 Agellius
409 665 639 716 tenuisset,
675 665 853 708 inuenit
888 664 1051 708 Stoicis
1086 664 1305 722 placuisse
1344 679 1436 707 non
1476 679 1570 707 esse
1606 663 1654 705 in

164 737 388 792 potestate
409 735 604 779 hominis
624 738 677 778 ut
698 736 808 788 uisa,
823 750 936 792 quae
952 735 1214 793 phantasias
1231 734 1473 792 appellant,
1489 734 1536 776 in
1558 733 1654 777 ani-

164 819 289 848 mum
302 806 491 849 ueniant
511 809 592 849 aut
607 806 840 859 recedant3
868 809 925 856 et,
945 820 1047 849 cum
1068 805 1278 848 uenerint
1298 820 1355 848 ex
1375 804 1654 848 terribilibus

164 875 298 919 rebus
328 878 409 919 aut
438 879 605 927 contra,
635 891 811 919 necesse
842 878 1048 919 asserunt
1077 876 1249 919 moueri
1284 875 1485 918 animum
1516 875 1654 918 etiam

106 960 148 985 ιο
164 946 380 1003 sapientis
404 949 458 989 ut
487 946 715 1003 paulisper
744 948 869 989 metu
899 946 1107 1004 trepidet,
1127 946 1318 989 tristitia
1347 946 1653 997 contrahatur,
1671 945 1756 994 642
1776 955 1808 985 a

164 1015 384 1059 dilatetur
431 1016 590 1067 letitia,
641 1016 966 1073 cupiditatibus
1007 1019 1254 1067 moueatur,
1300 1018 1532 1072 tamquam
1582 1016 1654 1059 his

163 1086 445 1144 passionibus
465 1086 862 1144 praeuenientibus
883 1086 1072 1130 rationis
1085 1089 1131 1130 et
1146 1086 1311 1129 mentis
1331 1085 1549 1139 officium3
1573 1101 1655 1131 nec

164 1160 316 1200 tamen
337 1156 438 1200 ideo
458 1157 775 1200 conscientiam
795 1157 903 1200 mali
927 1157 976 1199 in
1003 1159 1154 1200 mente
1174 1156 1357 1208 uersari,
1382 1171 1463 1200 nec
1490 1171 1654 1214 appro-

162 1226 262 1270 bari
285 1227 374 1270 ista
401 1229 482 1270 aut
507 1227 569 1270 eis
600 1227 796 1285 aliquem
820 1227 1045 1286 indulgeri
1073 1242 1350 1271 consensum.
1413 1227 1512 1270 Hoc
1533 1227 1653 1270 enim

104 1310 145 1344 15
163 1312 257 1341 esse
277 1297 439 1341 uolunt
468 1297 516 1340 in
546 1300 770 1355 potestate
800 1298 936 1356 idque
965 1298 1180 1341 interesse
1204 1300 1388 1341 censent
1411 1297 1532 1341 inter
1555 1297 1651 1340 ani-

162 1382 286 1411 mum
333 1367 550 1425 sapientis
590 1370 636 1411 et
675 1368 817 1419 stulti,
858 1368 978 1426 quod
1022 1367 1190 1411 stultus
1231 1382 1448 1411 consensu
1487 1367 1652 1411 mentis

161 1438 444 1496 passionibus
464 1438 606 1491 cedit3
627 1438 805 1496 sapiens
826 1441 991 1490 autem,
1006 1438 1111 1482 licet
1132 1453 1206 1482 eas
1226 1431 1491 1482 necessitate
1507 1437 1651 1495 patia-

161 1511 250 1560 tur,
265 1508 431 1552 retinet
450 1511 603 1552 tamen
624 1508 679 1552 de
699 1509 1030 1552 rationabiliter
1044 1508 1309 1567 appetendis
1329 1508 1403 1551 uel
1423 1507 1652 1566 fugiendis

162 1593 318 1622 ueram
358 1581 404 1622 et
442 1579 619 1622 firmam
659 1579 922 1623 inconcussa
971 1582 1121 1622 mente
1168 1579 1451 1622 sententiam.
1526 1578 1652 1623 Haec

101 1665 147 1690 20
164 1649 344 1706 quidem
371 1649 439 1691 illi
462 1652 644 1693 auctore
667 1649 844 1708 Agellio
870 1653 916 1694 et
945 1665 1027 1708 pro
1051 1652 1180 1708 parte
1212 1649 1441 1707 eleganter
1464 1652 1511 1692 et
1533 1663 1652 1692 uere.

163 1719 331 1763 Errant
350 1722 514 1771 tamen,
534 1720 573 1763 si
593 1720 783 1764 istarum
803 1721 1074 1778 passionum,
1096 1735 1209 1778 quae
1234 1719 1508 1764 necessariae
1532 1723 1651 1772 sunt,

161 1790 483 1848 repressionem
519 1794 565 1834 et
597 1791 938 1849 castigationem
970 1791 1085 1835 citra
1117 1791 1312 1849 gratiam
1347 1790 1522 1834 uiribus
1556 1791 1650 1834 suis
1667 1794 1698 1833 b

161 1860 436 1913 adscribunt,
461 1875 513 1904 eo
549 1861 668 1918 quod
699 1861 838 1905 solius
872 1861 1126 1905 miserentis
1151 1861 1237 1904 Dei
1270 1864 1348 1912 est,
1370 1876 1461 1904 non
1493 1860 1652 1918 utique

160 1931 383 1975 currentis
403 1931 598 1974 hominis
618 1934 700 1974 aut
720 1931 925 1982 uolentis,
946 1935 999 1974 ut
1019 1932 1104 1974 hae
1120 1930 1169 1973 in
1181 1945 1314 1974 usum
1330 1930 1532 1974 iustitiae
1548 1945 1650 1974 con-

103 2016 143 2050 25
161 2003 412 2046 uertantur.
473 2001 570 2045 Hoc
596 2006 746 2045 autem
777 2001 969 2045 sufficiat
1000 2001 1307 2045 demonstrare
1337 2000 1457 2058 quod
1489 2000 1651 2044 timore

161 2072 380 2115 modestia
410 2071 697 2129 dispensatur
730 2075 776 2115 et
805 2071 1150 2130 philosophandi
1179 2071 1326 2129 prima
1354 2070 1575 2114 sternitur
1604 2074 1651 2114 et

159 2142 415 2200 disponitur
469 2141 557 2185 uia.
633 2142 866 2199 Siquidem
917 2142 1134 2199 scriptum
1187 2145 1256 2185 est
1311 2141 1418 2199 quia
1467 2140 1651 2184 initium

160 2212 408 2270 sapientiae
438 2214 484 2255 et
514 2212 618 2255 finis
648 2212 890 2256 modestiae
920 2212 1058 2255 timor
1087 2211 1282 2255 Domini.

162 2368 185 2405 3
210 2357 333 2404 stoyci
350 2357 383 2393 A
479 2366 498 2405 5
525 2359 742 2404 stoycorum
759 2356 793 2392 A
888 2358 911 2394 6
929 2355 1070 2404 stoycis
1085 2356 1120 2392 A
1215 2365 1237 2402 7
1254 2354 1432 2403 apellant
1449 2354 1505 2392 OS
1606 2355 1649 2393 18

161 2405 366 2453 apetendis
382 2404 438 2442 CS
581 2416 628 2451 24
651 2404 723 2441 hee
740 2403 864 2441 CBAS

211 2550 233 2586 3
257 2540 439 2585 Epitecti:
466 2537 492 2575 i.
503 2549 535 2574 e.
554 2536 736 2584 Epicteti.
923 2546 968 2582 23
995 2538 1200 2573 miserentis
1215 2538 1313 2574 eta:
1338 2548 1371 2573 v.
1391 2535 1500 2573 Rom.
1522 2535 1572 2573 ix.
1595 2537 1651 2574 16.

162 2596 220 2632 27,
255 2589 300 2623 28
337 2588 490 2622 initium
527 2587 732 2631 sapientiae
767 2586 879 2622 timor
913 2586 1089 2621 Domini:
1139 2585 1197 2621 Ps.
1223 2596 1281 2622 cx.
1306 2595 1370 2631 105
1405 2583 1514 2622 Eccli
1545 2583 1573 2621 i.
1594 2585 1649 2622 16.

164 2639 209 2673 28
225 2636 326 2681 finis
341 2636 535 2672 modestiae
551 2635 663 2670 timor
678 2635 833 2670 Domini
847 2645 856 2670 ε
884 2632 989 2670 Prov.
1007 2631 1099 2670 xxii.
1116 2643 1150 2679 4.

1474 2953 1534 2978 101
