1846 3262
363 564 599 610 INCIPIT
640 563 825 608 LIBER
865 562 1166 609 SEPTIMVS
1209 561 1615 608 POLICRATICI.

84 731 170 781 635
190 731 219 770 b
855 714 1108 748 PROLOGVS.

297 810 532 854 EGREssus
546 808 650 852 aula
662 808 900 853 curialium
908 809 1199 853 declinassem
1212 807 1436 852 consortia
1447 809 1732 866 nugatorum,

236 879 324 923 nisi
346 895 417 923 me
438 880 486 922 in
507 880 605 938 ipso
625 880 781 923 limine
801 880 1044 923 abeuntem
1071 882 1178 922 tuae
1205 878 1533 937 praeceptionis
1553 877 1732 921 detinu-

234 950 343 994 isset
362 950 620 994 auctoritas.
683 949 800 995 Cum
816 950 938 994 enim
959 949 1045 994 tibi
1066 949 1212 994 cordis
1232 950 1320 993 mei
1341 948 1576 1008 angustias
1592 948 1732 992 denu·
1750 957 1770 994 5

234 1021 388 1064 darem
417 1024 463 1064 et
492 1021 548 1065 de
578 1021 794 1079 temporis
819 1036 870 1065 ac
897 1021 1021 1064 uitae
1050 1021 1226 1065 iactura
1253 1034 1559 1078 conquererer,
1579 1018 1732 1063 omnia

234 1106 317 1142 me,
334 1091 480 1148 quoad
497 1090 620 1135 Deus
640 1091 765 1135 aliud
787 1091 1009 1135 reuelaret
1025 1095 1284 1149 statumque
1300 1105 1450 1134 meum
1463 1089 1733 1134 reformaret

233 1162 282 1203 in
303 1161 474 1212 melius,
495 1161 605 1205 forti
627 1162 777 1205 animo
798 1161 998 1219 perferre
1018 1161 1295 1220 praecepisti,
1317 1160 1510 1204 suadens
1529 1162 1584 1203 ut
1607 1173 1731 1202 more

233 1231 550 1283 laborantium,
566 1232 643 1289 qui
665 1232 901 1276 cantilenis
923 1235 968 1276 et
988 1247 1150 1276 uocum
1166 1231 1401 1275 dulcedine
1420 1230 1587 1274 laboris
1606 1229 1731 1274 tedia

233 1302 500 1359 propulsant
519 1305 600 1345 aut
620 1303 846 1354 minuunt,
862 1317 1012 1346 rerum
1033 1302 1336 1360 temporisque
1356 1300 1591 1359 dispendia
1610 1315 1728 1344 com·
1749 1313 1792 1338 10

233 1386 478 1429 pensarem.
551 1372 672 1415 Nam
713 1375 759 1416 et
798 1373 1120 1416 itinerantibus
1152 1373 1229 1416 uia
1260 1372 1437 1416 facilior
1468 1371 1652 1415 uidetur
1681 1373 1729 1415 et

233 1442 424 1493 breuior,
449 1442 488 1485 si
518 1442 735 1487 iocundae
762 1443 1035 1487 narrationis
1067 1443 1271 1487 sensibus
1302 1446 1384 1486 aut
1412 1442 1535 1486 uocis
1565 1441 1728 1486 dulcis-

234 1526 368 1556 sonae
399 1513 592 1556 modulis
624 1517 861 1558 recreetur.
920 1514 995 1558 Sic
1026 1517 1072 1557 et
1102 1529 1173 1557 me
1206 1513 1411 1557 lectionis
1435 1515 1517 1556 aut
1542 1511 1730 1556 alterius

234 1583 366 1626 officii
397 1584 548 1627 studio
578 1584 705 1627 iubes
732 1585 939 1628 insistere
970 1587 1029 1636 et,
1049 1585 1087 1628 si
1117 1584 1242 1627 aliud
1266 1599 1357 1628 non
1381 1583 1651 1635 conceditur,
1673 1582 1729 1626 de

193 1664 218 1693 c
235 1668 306 1696 me
326 1654 423 1711 ipso
448 1657 494 1697 et
515 1655 655 1698 uariis
676 1654 887 1699 fortunae
909 1655 1068 1699 formis
1089 1655 1301 1713 conqueri
1330 1654 1490 1698 saltem
1520 1654 1657 1697 11110111
1683 1657 1730 1698 et
1750 1667 1791 1704 15

235 1725 388 1767 Musis.
450 1724 645 1768 Grandis
666 1725 786 1768 enim
807 1725 1037 1784 profectus
1059 1729 1127 1770 est
1147 1726 1206 1769 ad
1225 1725 1554 1784 philosophiam
1579 1724 1728 1782 adspi-

234 1795 355 1837 ranti
376 1794 563 1838 uirtutis
584 1795 632 1838 in
653 1810 699 1838 se
720 1796 952 1854 deplorare
974 1796 1212 1840 defectum.
1273 1796 1346 1839 Ad
1371 1796 1480 1840 haec
1505 1795 1615 1853 quid
1642 1795 1729 1839 tibi

234 1864 526 1921 respondeam
547 1865 741 1909 comicus
762 1866 979 1924 suggerit,
1001 1866 1108 1924 quia

303 1966 468 2003 omnes,
498 1967 600 1996 cum
630 1953 845 2004 ualemus,
876 1956 999 1997 recta
1028 1953 1213 1997 consilia
1243 1953 1439 2012 aegrotis
1469 1953 1652 2007 damus;

302 2014 355 2053 tu
385 2014 549 2063 autem,
580 2011 618 2055 si
648 2012 722 2056 hic
751 2012 824 2064 sis,
853 2013 987 2056 aliter
1016 2013 1195 2056 sentias.
1747 2025 1791 2050 20

234 2098 308 2141 Sic
339 2098 402 2142 sic
432 2114 459 2142 a
488 2099 742 2157 captiuatis,
771 2115 961 2158 quorum
992 2116 1162 2159 organa
1192 2101 1240 2144 in
1271 2100 1481 2144 salicibus
1511 2115 1728 2159 suspensa

232 2171 352 2220 sunt,
389 2173 670 2226 quaeruntur
709 2171 849 2214 uerba
883 2171 1144 2214 cantionum
1179 2186 1293 2229 quae
1328 2171 1502 2215 cantari
1543 2172 1727 2216 omnino

230 2242 461 2296 nequeunt
481 2243 561 2283 aut
581 2255 672 2283 non
693 2241 838 2285 solent
858 2242 906 2284 in
927 2245 1049 2285 terra
1069 2242 1226 2286 aliena.
1287 2241 1413 2286 Licet
1436 2241 1556 2285 enim
1576 2242 1727 2287 uirtus

230 2309 420 2353 iniurias
459 2310 740 2368 captiuitatis
780 2312 958 2370 ignoret
997 2315 1079 2356 aut
1119 2327 1200 2356 suo
1239 2312 1413 2371 priuari
1454 2327 1546 2356 non
1584 2312 1729 2371 possit

234 2420 249 2446 1
279 2410 481 2457 Incipiunt
510 2410 683 2458 capitula
711 2412 802 2449 libri
830 2412 984 2460 septimi
1010 2413 1065 2450 B:
1100 2412 1300 2461 Incipiunt
1331 2424 1376 2451 ca
1405 2412 1506 2450 itula
1533 2411 1627 2449 libri
1651 2412 1727 2450 VII

230 2457 326 2495 GM:
353 2458 434 2495 Inci
464 2458 552 2496 iunt
569 2460 742 2506 capitula
757 2461 829 2498 VII
849 2461 952 2498 Libri
975 2461 1000 2499 S
1026 2468 1059 2498 et
1077 2468 1161 2509 post
1185 2463 1350 2509 capitula
1408 2461 1600 2508 xpliciunt
1625 2461 1728 2509 capi·

230 2507 315 2543 tula
333 2507 419 2543 CB:
480 2507 675 2554 xpliciunt
688 2509 861 2556 capitula
871 2509 962 2546 libri
975 2510 1049 2547 VII
1061 2510 1114 2547 M.
1157 2510 1302 2557 Incipit
1313 2509 1427 2547 Liber
1436 2509 1725 2595 VH‘Pmbffff

231 2553 279 2590 C:
308 2554 451 2602 Incipit
467 2556 575 2602 prolo
606 2568 649 2593 us
666 2557 757 2593 libri
780 2558 939 2605 septimi
961 2558 1049 2595 BA:
1078 2558 1224 2606 Incipit
1248 2558 1430 2606 prologus
1455 2557 1547 2595 libri
1566 2557 1640 2594 VII

230 2602 373 2649 Incipit
390 2603 572 2651 prologus
624 2604 663 2641 II
679 2605 786 2642 Libri
803 2605 828 2643 S
977 2618 1034 2654 12,
1056 2618 1097 2654 13
1123 2607 1319 2645 dulcisone
1336 2606 1397 2644 BS

252 2737 256 2740 ἡ
280 2701 300 2735 3
327 2692 505 2736 Eyressus
521 2694 593 2729 etc.
610 2706 618 2730 :
643 2693 677 2729 A
694 2697 806 2740 nuqis
821 2697 1006 2732 curalium
1023 2697 1073 2733 ad
1090 2699 1239 2744 vestiyia
1261 2700 1563 2746 philosophorum
1586 2700 1727 2738 transit

232 2736 378 2776 Noster.
535 2752 558 2786 4
582 2747 689 2780 tuae:
731 2754 779 2780 80.
809 2743 977 2781 Thomae
1007 2745 1245 2784 cancellarii.
1396 2756 1450 2794 15,
1471 2749 1516 2786 16
1549 2750 1664 2786 michi
1690 2754 1725 2786 et

231 2787 373 2822 Musis:
399 2800 431 2824 v.
452 2787 530 2825 Cic.
549 2790 658 2826 Brut.
679 2799 725 2836 50
747 2790 765 2839 ξ
789 2793 878 2837 187;
905 2791 954 2828 cf.
974 2792 1131 2830 Hieron.
1148 2795 1221 2841 Ep.
1241 2794 1266 2831 1.
1285 2804 1307 2831 2
1334 2794 1482 2841 (Migne
1506 2797 1548 2833 P.
1568 2798 1612 2833 L.
1628 2796 1724 2835 xxii.

233 2836 330 2915 ἱ14).
431 2846 473 2882 19
498 2849 620 2874 omnes
641 2840 738 2875 etc.:
767 2839 849 2876 Ter.
869 2841 968 2876 And.
986 2840 1043 2876 iii.
1065 2852 1095 2878 1.
1117 2852 1149 2887 9,
1179 2852 1233 2879 10.
1330 2854 1378 2879 20
1401 2849 1545 2881 autem:
1571 2844 1723 2885 addidit

254 2892 409 2920 oanneS.
554 2896 596 2923 21
625 2898 766 2933 orqana
784 2889 857 2926 etc.
874 2898 883 2925 ε
910 2900 942 2925 ν.
962 2888 1023 2926 Ps.
1040 2889 1186 2928 cxxxvi.
1207 2901 1289 2938 2-4.

342 2964 389 2998 90
