<?xml version="1.0" encoding="UTF-8"?>
<!DOCTYPE html PUBLIC "-//W3C//DTD XHTML 1.0 Transitional//EN"
    "http://www.w3.org/TR/xhtml1/DTD/xhtml1-transitional.dtd">
<html xmlns="http://www.w3.org/1999/xhtml" xml:lang="en" lang="en">
 <head>
  <title>
</title>
<meta http-equiv="Content-Type" content="text/html;charset=utf-8" />
  <meta name='ocr-system' content='tesseract 3.04.00' />
  <meta name='ocr-capabilities' content='ocr_page ocr_carea ocr_par ocr_line ocrx_word'/>
</head>
<body>
  <div class='ocr_page' id='page_1' title='image "./ioannissaresberi02johnuoft_0015.png"; bbox 0 0 1846 3262; ppageno 0'>
   <div class='ocr_carea' id='block_1_1' title="bbox 147 210 1794 273">
    <p class='ocr_par' dir='ltr' id='par_1_1' title="bbox 147 210 1794 273">
     <span class='ocr_line' id='line_1_1' title="bbox 147 210 1794 273; baseline -0.001 -17"><span class='ocrx_word' id='word_1_1' title='bbox 147 223 251 256; x_wconf 72' lang='lat' dir='ltr'><strong>cAr.</strong></span> <span class='ocrx_word' id='word_1_2' title='bbox 273 210 315 273; x_wconf 92' lang='lat'><strong>1]</strong></span> <span class='ocrx_word' id='word_1_3' title='bbox 670 211 1116 258; x_wconf 83' lang='lat' dir='ltr'><strong>POLICRATICVS</strong></span> <span class='ocrx_word' id='word_1_4' title='bbox 1657 213 1744 266; x_wconf 83' lang='lat'><strong>⁵89</strong></span> <span class='ocrx_word' id='word_1_5' title='bbox 1764 213 1794 254; x_wconf 85' lang='lat' dir='ltr'><strong>b</strong></span> 
     </span>
    </p>
   </div>
   <div class='ocr_carea' id='block_1_2' title="bbox 71 332 1689 1881">
    <p class='ocr_par' dir='ltr' id='par_1_2' title="bbox 71 332 1689 1881">
     <span class='ocr_line' id='line_1_2' title="bbox 144 332 1689 392; baseline 0 -15"><span class='ocrx_word' id='word_1_6' title='bbox 144 332 266 377; x_wconf 84' lang='lat' dir='ltr'><strong>Vsus</strong></span> <span class='ocrx_word' id='word_1_7' title='bbox 301 347 478 391; x_wconf 91' lang='lat' dir='ltr'><strong>quoque</strong></span> <span class='ocrx_word' id='word_1_8' title='bbox 512 346 729 376; x_wconf 90' lang='lat' dir='ltr'><strong>manuum</strong></span> <span class='ocrx_word' id='word_1_9' title='bbox 764 333 925 391; x_wconf 89' lang='lat' dir='ltr'><strong>capitis</strong></span> <span class='ocrx_word' id='word_1_10' title='bbox 960 333 1030 376; x_wconf 88' lang='lat' dir='ltr'><strong>sui</strong></span> <span class='ocrx_word' id='word_1_11' title='bbox 1070 334 1351 391; x_wconf 73' lang='lat' dir='ltr'><strong>protestatur</strong></span> <span class='ocrx_word' id='word_1_12' title='bbox 1384 333 1640 392; x_wconf 83' lang='lat' dir='ltr'>imaginem,</span> <span class='ocrx_word' id='word_1_13' title='bbox 1686 356 1689 357; x_wconf 40' lang='lat'><em>⁷</em></span> 
     </span>
     <span class='ocr_line' id='line_1_3' title="bbox 144 403 1683 463; baseline 0.001 -15"><span class='ocrx_word' id='word_1_14' title='bbox 144 404 264 463; x_wconf 88' lang='lat' dir='ltr'><strong>quia,</strong></span> <span class='ocrx_word' id='word_1_15' title='bbox 283 407 338 448; x_wconf 93' lang='lat' dir='ltr'><strong>ut</strong></span> <span class='ocrx_word' id='word_1_16' title='bbox 364 404 431 447; x_wconf 90' lang='lat' dir='ltr'><strong>ait</strong></span> <span class='ocrx_word' id='word_1_17' title='bbox 451 403 698 461; x_wconf 73' lang='lat' dir='ltr'><strong>Sapientia,</strong></span> <span class='ocrx_word' id='word_1_18' title='bbox 719 419 801 447; x_wconf 89' lang='lat' dir='ltr'><strong>rex</strong></span> <span class='ocrx_word' id='word_1_19' title='bbox 826 404 1009 462; x_wconf 91' lang='lat' dir='ltr'><strong>iniquus</strong></span> <span class='ocrx_word' id='word_1_20' title='bbox 1039 419 1193 448; x_wconf 91' lang='lat' dir='ltr'><strong>omnes</strong></span> <span class='ocrx_word' id='word_1_21' title='bbox 1220 404 1451 448; x_wconf 89' lang='lat' dir='ltr'><strong>ministros</strong></span> <span class='ocrx_word' id='word_1_22' title='bbox 1478 405 1639 463; x_wconf 90' lang='lat' dir='ltr'><strong>impios</strong></span> <span class='ocrx_word' id='word_1_23' title='bbox 1658 418 1683 449; x_wconf 85' lang='lat' dir='ltr'><strong>c</strong></span> 
     </span>
     <span class='ocr_line' id='line_1_4' title="bbox 142 474 1641 532; baseline 0 -13"><span class='ocrx_word' id='word_1_24' title='bbox 142 475 299 529; x_wconf 89' lang='lat' dir='ltr'><strong>habet;</strong></span> <span class='ocrx_word' id='word_1_25' title='bbox 319 478 366 519; x_wconf 92' lang='lat' dir='ltr'><strong>et</strong></span> <span class='ocrx_word' id='word_1_26' title='bbox 386 474 532 532; x_wconf 87' lang='lat' dir='ltr'><strong>qualis</strong></span> <span class='ocrx_word' id='word_1_27' title='bbox 548 477 695 518; x_wconf 87' lang='lat' dir='ltr'><strong>rector</strong></span> <span class='ocrx_word' id='word_1_28' title='bbox 715 477 783 518; x_wconf 88' lang='lat' dir='ltr'><strong>est</strong></span> <span class='ocrx_word' id='word_1_29' title='bbox 797 474 1010 526; x_wconf 89' lang='lat' dir='ltr'><strong>ciuitatis,</strong></span> <span class='ocrx_word' id='word_1_30' title='bbox 1023 475 1136 518; x_wconf 91' lang='lat' dir='ltr'><strong>tales</strong></span> <span class='ocrx_word' id='word_1_31' title='bbox 1149 478 1257 519; x_wconf 91' lang='lat' dir='ltr'><strong>sunt</strong></span> <span class='ocrx_word' id='word_1_32' title='bbox 1270 478 1316 519; x_wconf 94' lang='lat' dir='ltr'><strong>et</strong></span> <span class='ocrx_word' id='word_1_33' title='bbox 1331 475 1641 520; x_wconf 79' lang='lat' dir='ltr'><strong>inhabitantes</strong></span> 
     </span>
     <span class='ocr_line' id='line_1_5' title="bbox 142 545 1639 605; baseline 0.001 -16"><span class='ocrx_word' id='word_1_34' title='bbox 142 546 193 589; x_wconf 88' lang='lat' dir='ltr'><strong>in</strong></span> <span class='ocrx_word' id='word_1_35' title='bbox 212 561 276 590; x_wconf 89' lang='lat' dir='ltr'><strong>ea.</strong></span> <span class='ocrx_word' id='word_1_36' title='bbox 338 546 541 604; x_wconf 85' lang='lat' dir='ltr'><strong>Oportet,</strong></span> <span class='ocrx_word' id='word_1_37' title='bbox 563 545 713 602; x_wconf 90' lang='lat' dir='ltr'><strong>inquit</strong></span> <span class='ocrx_word' id='word_1_38' title='bbox 733 545 925 596; x_wconf 90' lang='lat' dir='ltr'><strong>Perides,</strong></span> <span class='ocrx_word' id='word_1_39' title='bbox 938 545 1153 604; x_wconf 79' lang='lat' dir='ltr'><strong>collegam</strong></span> <span class='ocrx_word' id='word_1_40' title='bbox 1175 546 1410 590; x_wconf 88' lang='lat' dir='ltr'><strong>Soffoclem</strong></span> <span class='ocrx_word' id='word_1_41' title='bbox 1432 561 1639 605; x_wconf 82' lang='lat' dir='ltr'><strong>arguenS,</strong></span> 
     </span>
     <span class='ocr_line' id='line_1_6' title="bbox 102 616 1636 675; baseline 0 -14"><span class='ocrx_word' id='word_1_42' title='bbox 102 635 124 670; x_wconf 80' lang='lat'>5</span> <span class='ocrx_word' id='word_1_43' title='bbox 142 620 397 675; x_wconf 77' lang='lat' dir='ltr'><strong>praetorem</strong></span> <span class='ocrx_word' id='word_1_44' title='bbox 417 631 508 660; x_wconf 95' lang='lat' dir='ltr'><strong>non</strong></span> <span class='ocrx_word' id='word_1_45' title='bbox 529 616 661 660; x_wconf 92' lang='lat' dir='ltr'><strong>modo</strong></span> <span class='ocrx_word' id='word_1_46' title='bbox 681 631 843 660; x_wconf 86' lang='lat' dir='ltr'><strong>manus</strong></span> <span class='ocrx_word' id='word_1_47' title='bbox 866 616 945 660; x_wconf 89' lang='lat' dir='ltr'><strong>sed</strong></span> <span class='ocrx_word' id='word_1_48' title='bbox 975 617 1125 660; x_wconf 85' lang='lat' dir='ltr'><strong>oculos</strong></span> <span class='ocrx_word' id='word_1_49' title='bbox 1152 617 1318 661; x_wconf 89' lang='lat' dir='ltr'><strong>habere</strong></span> <span class='ocrx_word' id='word_1_50' title='bbox 1341 617 1636 662; x_wconf 83' lang='lat' dir='ltr'><strong>continentes.</strong></span> 
     </span>
     <span class='ocr_line' id='line_1_7' title="bbox 143 687 1639 746; baseline 0 -14"><span class='ocrx_word' id='word_1_51' title='bbox 143 687 227 732; x_wconf 88' lang='lat' dir='ltr'><strong>Est</strong></span> <span class='ocrx_word' id='word_1_52' title='bbox 245 691 398 732; x_wconf 88' lang='lat' dir='ltr'><strong>autem</strong></span> <span class='ocrx_word' id='word_1_53' title='bbox 418 687 772 746; x_wconf 88' lang='lat' dir='ltr'><strong>praesidentium</strong></span> <span class='ocrx_word' id='word_1_54' title='bbox 793 687 1071 731; x_wconf 85' lang='lat' dir='ltr'><strong>continentia</strong></span> <span class='ocrx_word' id='word_1_55' title='bbox 1090 687 1170 731; x_wconf 92' lang='lat' dir='ltr'><strong>illa</strong></span> <span class='ocrx_word' id='word_1_56' title='bbox 1189 687 1440 739; x_wconf 87' lang='lat' dir='ltr'><strong>laudabilis,</strong></span> <span class='ocrx_word' id='word_1_57' title='bbox 1456 703 1559 732; x_wconf 91' lang='lat' dir='ltr'><strong>cum</strong></span> <span class='ocrx_word' id='word_1_58' title='bbox 1580 689 1639 732; x_wconf 91' lang='lat' dir='ltr'><strong>ab</strong></span> 
     </span>
     <span class='ocr_line' id='line_1_8' title="bbox 141 757 1638 803; baseline 0 0"><span class='ocrx_word' id='word_1_59' title='bbox 141 759 452 803; x_wconf 82' lang='lat' dir='ltr'><strong>exactionibus</strong></span> <span class='ocrx_word' id='word_1_60' title='bbox 482 761 528 802; x_wconf 92' lang='lat' dir='ltr'><strong>et</strong></span> <span class='ocrx_word' id='word_1_61' title='bbox 557 757 736 801; x_wconf 87' lang='lat' dir='ltr'><strong>iniuriis</strong></span> <span class='ocrx_word' id='word_1_62' title='bbox 766 758 1001 802; x_wconf 88' lang='lat' dir='ltr'><strong>continent</strong></span> <span class='ocrx_word' id='word_1_63' title='bbox 1030 773 1191 802; x_wconf 89' lang='lat' dir='ltr'><strong>manus</strong></span> <span class='ocrx_word' id='word_1_64' title='bbox 1221 773 1326 803; x_wconf 90' lang='lat' dir='ltr'><strong>suas</strong></span> <span class='ocrx_word' id='word_1_65' title='bbox 1353 761 1400 803; x_wconf 90' lang='lat' dir='ltr'><strong>et</strong></span> <span class='ocrx_word' id='word_1_66' title='bbox 1426 759 1638 803; x_wconf 81' lang='lat' dir='ltr'><strong>cohibent</strong></span> 
     </span>
     <span class='ocr_line' id='line_1_9' title="bbox 139 829 322 883; baseline -0.005 -10"><span class='ocrx_word' id='word_1_67' title='bbox 139 829 322 883; x_wconf 83' lang='lat' dir='ltr'><strong>alienas.</strong></span> 
     </span>
     <span class='ocr_line' id='line_1_10' title="bbox 199 900 1637 959; baseline 0.001 -15"><span class='ocrx_word' id='word_1_68' title='bbox 199 900 364 945; x_wconf 85' lang='lat' dir='ltr'><strong>Manus</strong></span> <span class='ocrx_word' id='word_1_69' title='bbox 398 904 551 945; x_wconf 90' lang='lat' dir='ltr'><strong>tamen</strong></span> <span class='ocrx_word' id='word_1_70' title='bbox 591 901 827 959; x_wconf 86' lang='lat' dir='ltr'><strong>utriusque</strong></span> <span class='ocrx_word' id='word_1_71' title='bbox 865 901 1068 953; x_wconf 89' lang='lat' dir='ltr'><strong>militiae,</strong></span> <span class='ocrx_word' id='word_1_72' title='bbox 1102 904 1304 945; x_wconf 82' lang='lat' dir='ltr'><strong>armatae</strong></span> <span class='ocrx_word' id='word_1_73' title='bbox 1343 901 1555 946; x_wconf 91' lang='lat' dir='ltr'><strong>uidelicet</strong></span> <span class='ocrx_word' id='word_1_74' title='bbox 1589 906 1637 946; x_wconf 91' lang='lat' dir='ltr'><strong>et</strong></span> 
     </span>
     <span class='ocr_line' id='line_1_11' title="bbox 79 971 1635 1030; baseline 0.003 -17"><span class='ocrx_word' id='word_1_75' title='bbox 79 985 124 1013; x_wconf 78' lang='lat' dir='ltr'><strong>xo</strong></span> <span class='ocrx_word' id='word_1_76' title='bbox 139 971 337 1023; x_wconf 88' lang='lat' dir='ltr'><strong>inermis,</strong></span> <span class='ocrx_word' id='word_1_77' title='bbox 367 987 529 1016; x_wconf 87' lang='lat' dir='ltr'><strong>manus</strong></span> <span class='ocrx_word' id='word_1_78' title='bbox 560 972 777 1030; x_wconf 88' lang='lat' dir='ltr'><strong>principis</strong></span> <span class='ocrx_word' id='word_1_79' title='bbox 809 975 901 1024; x_wconf 91' lang='lat' dir='ltr'><strong>est;</strong></span> <span class='ocrx_word' id='word_1_80' title='bbox 943 974 990 1016; x_wconf 90' lang='lat' dir='ltr'><strong>et</strong></span> <span class='ocrx_word' id='word_1_81' title='bbox 1021 972 1110 1015; x_wconf 88' lang='lat' dir='ltr'><strong>nisi</strong></span> <span class='ocrx_word' id='word_1_82' title='bbox 1145 975 1385 1030; x_wconf 87' lang='lat' dir='ltr'><strong>utramque</strong></span> <span class='ocrx_word' id='word_1_83' title='bbox 1417 973 1635 1025; x_wconf 90' lang='lat' dir='ltr'><strong>cohibeat,</strong></span> 
     </span>
     <span class='ocr_line' id='line_1_12' title="bbox 138 1041 1636 1101; baseline 0.001 -16"><span class='ocrx_word' id='word_1_84' title='bbox 138 1057 300 1100; x_wconf 86' lang='lat' dir='ltr'><strong>parum</strong></span> <span class='ocrx_word' id='word_1_85' title='bbox 329 1042 564 1086; x_wconf 88' lang='lat' dir='ltr'><strong>continens</strong></span> <span class='ocrx_word' id='word_1_86' title='bbox 594 1044 676 1086; x_wconf 89' lang='lat' dir='ltr'><strong>est.</strong></span> <span class='ocrx_word' id='word_1_87' title='bbox 737 1041 798 1085; x_wconf 91' lang='lat' dir='ltr'><strong>Et</strong></span> <span class='ocrx_word' id='word_1_88' title='bbox 828 1041 1009 1099; x_wconf 92' lang='lat' dir='ltr'><strong>quidem</strong></span> <span class='ocrx_word' id='word_1_89' title='bbox 1040 1042 1184 1086; x_wconf 86' lang='lat' dir='ltr'><strong>artius</strong></span> <span class='ocrx_word' id='word_1_90' title='bbox 1217 1046 1286 1086; x_wconf 90' lang='lat' dir='ltr'><strong>est</strong></span> <span class='ocrx_word' id='word_1_91' title='bbox 1316 1042 1636 1101; x_wconf 90' lang='lat' dir='ltr'><strong>compescenda</strong></span> 
     </span>
     <span class='ocr_line' id='line_1_13' title="bbox 137 1112 1634 1171; baseline 0.001 -15"><span class='ocrx_word' id='word_1_92' title='bbox 137 1112 334 1164; x_wconf 87' lang='lat' dir='ltr'><strong>inermis,</strong></span> <span class='ocrx_word' id='word_1_93' title='bbox 369 1127 421 1156; x_wconf 90' lang='lat' dir='ltr'><strong>eo</strong></span> <span class='ocrx_word' id='word_1_94' title='bbox 453 1112 574 1170; x_wconf 93' lang='lat' dir='ltr'><strong>quod</strong></span> <span class='ocrx_word' id='word_1_95' title='bbox 608 1127 711 1156; x_wconf 91' lang='lat' dir='ltr'><strong>cum</strong></span> <span class='ocrx_word' id='word_1_96' title='bbox 743 1112 908 1155; x_wconf 85' lang='lat' dir='ltr'><strong>armati</strong></span> <span class='ocrx_word' id='word_1_97' title='bbox 942 1113 1279 1171; x_wconf 88' lang='lat' dir='ltr'><strong>praecipiantur</strong></span> <span class='ocrx_word' id='word_1_98' title='bbox 1313 1113 1539 1157; x_wconf 87' lang='lat' dir='ltr'><strong>abstinere</strong></span> <span class='ocrx_word' id='word_1_99' title='bbox 1575 1113 1634 1157; x_wconf 92' lang='lat' dir='ltr'><strong>ab</strong></span> 
     </span>
     <span class='ocr_line' id='line_1_14' title="bbox 136 1182 1631 1241; baseline -0.001 -13"><span class='ocrx_word' id='word_1_100' title='bbox 136 1183 448 1228; x_wconf 84' lang='lat' dir='ltr'><strong>exactionibus</strong></span> <span class='ocrx_word' id='word_1_101' title='bbox 468 1187 515 1227; x_wconf 91' lang='lat' dir='ltr'><strong>et</strong></span> <span class='ocrx_word' id='word_1_102' title='bbox 535 1183 719 1241; x_wconf 86' lang='lat' dir='ltr'><strong>rapinis,</strong></span> <span class='ocrx_word' id='word_1_103' title='bbox 740 1182 924 1226; x_wconf 88' lang='lat' dir='ltr'><strong>inermis</strong></span> <span class='ocrx_word' id='word_1_104' title='bbox 949 1183 1087 1226; x_wconf 90' lang='lat' dir='ltr'><strong>etiam</strong></span> <span class='ocrx_word' id='word_1_105' title='bbox 1108 1198 1137 1226; x_wconf 89' lang='lat' dir='ltr'><strong>a</strong></span> <span class='ocrx_word' id='word_1_106' title='bbox 1156 1183 1419 1227; x_wconf 84' lang='lat' dir='ltr'><strong>muneribus</strong></span> <span class='ocrx_word' id='word_1_107' title='bbox 1442 1187 1631 1228; x_wconf 89' lang='lat' dir='ltr'><strong>arcetur.</strong></span> 
     </span>
     <span class='ocr_line' id='line_1_15' title="bbox 137 1253 1678 1313; baseline 0.001 -15"><span class='ocrx_word' id='word_1_108' title='bbox 137 1253 189 1298; x_wconf 88' lang='lat' dir='ltr'><strong>Si</strong></span> <span class='ocrx_word' id='word_1_109' title='bbox 223 1256 377 1298; x_wconf 87' lang='lat' dir='ltr'><strong>tamen</strong></span> <span class='ocrx_word' id='word_1_110' title='bbox 408 1269 526 1312; x_wconf 90' lang='lat' dir='ltr'><strong>pena</strong></span> <span class='ocrx_word' id='word_1_111' title='bbox 560 1253 695 1298; x_wconf 90' lang='lat' dir='ltr'><strong>alicui</strong></span> <span class='ocrx_word' id='word_1_112' title='bbox 730 1253 960 1312; x_wconf 87' lang='lat' dir='ltr'><strong>irrogatur</strong></span> <span class='ocrx_word' id='word_1_113' title='bbox 994 1254 1210 1312; x_wconf 87' lang='lat' dir='ltr'><strong>legitima,</strong></span> <span class='ocrx_word' id='word_1_114' title='bbox 1242 1254 1280 1298; x_wconf 87' lang='lat' dir='ltr'><strong>si</strong></span> <span class='ocrx_word' id='word_1_115' title='bbox 1317 1254 1519 1313; x_wconf 84' lang='lat' dir='ltr'><strong>exigitur</strong></span> <span class='ocrx_word' id='word_1_116' title='bbox 1550 1258 1631 1298; x_wconf 89' lang='lat' dir='ltr'><strong>aut</strong></span> <span class='ocrx_word' id='word_1_117' title='bbox 1649 1259 1678 1300; x_wconf 91' lang='lat' dir='ltr'><strong>d</strong></span> 
     </span>
     <span class='ocr_line' id='line_1_16' title="bbox 75 1324 1631 1383; baseline 0.003 -19"><span class='ocrx_word' id='word_1_118' title='bbox 75 1337 120 1374; x_wconf 82' lang='lat'><strong>15</strong></span> <span class='ocrx_word' id='word_1_119' title='bbox 136 1325 357 1383; x_wconf 82' lang='lat' dir='ltr'><strong>accipitur</strong></span> <span class='ocrx_word' id='word_1_120' title='bbox 375 1325 495 1383; x_wconf 92' lang='lat' dir='ltr'><strong>quod</strong></span> <span class='ocrx_word' id='word_1_121' title='bbox 515 1324 614 1368; x_wconf 90' lang='lat' dir='ltr'><strong>iure</strong></span> <span class='ocrx_word' id='word_1_122' title='bbox 633 1327 859 1368; x_wconf 87' lang='lat' dir='ltr'><strong>statutum</strong></span> <span class='ocrx_word' id='word_1_123' title='bbox 879 1330 948 1368; x_wconf 89' lang='lat' dir='ltr'><strong>est</strong></span> <span class='ocrx_word' id='word_1_124' title='bbox 967 1325 1041 1369; x_wconf 89' lang='lat' dir='ltr'><strong>uel</strong></span> <span class='ocrx_word' id='word_1_125' title='bbox 1061 1340 1330 1377; x_wconf 88' lang='lat' dir='ltr'><strong>concessum,</strong></span> <span class='ocrx_word' id='word_1_126' title='bbox 1345 1340 1631 1383; x_wconf 87' lang='lat' dir='ltr'><strong>nequaquam</strong></span> 
     </span>
     <span class='ocr_line' id='line_1_17' title="bbox 133 1395 1630 1454; baseline 0.001 -15"><span class='ocrx_word' id='word_1_127' title='bbox 133 1396 326 1454; x_wconf 88' lang='lat' dir='ltr'><strong>punitur</strong></span> <span class='ocrx_word' id='word_1_128' title='bbox 354 1398 436 1439; x_wconf 87' lang='lat' dir='ltr'><strong>aut</strong></span> <span class='ocrx_word' id='word_1_129' title='bbox 465 1395 821 1454; x_wconf 88' lang='lat' dir='ltr'><strong>reprehenditur.</strong></span> <span class='ocrx_word' id='word_1_130' title='bbox 894 1395 994 1440; x_wconf 92' lang='lat' dir='ltr'><strong>Hoc</strong></span> <span class='ocrx_word' id='word_1_131' title='bbox 1028 1396 1148 1440; x_wconf 92' lang='lat' dir='ltr'><strong>enim</strong></span> <span class='ocrx_word' id='word_1_132' title='bbox 1183 1395 1398 1454; x_wconf 85' lang='lat' dir='ltr'><strong>quicquid</strong></span> <span class='ocrx_word' id='word_1_133' title='bbox 1428 1396 1501 1448; x_wconf 85' lang='lat' dir='ltr'><strong>sit,</strong></span> <span class='ocrx_word' id='word_1_134' title='bbox 1525 1411 1630 1440; x_wconf 87' lang='lat' dir='ltr'><strong>exa-</strong></span> 
     </span>
     <span class='ocr_line' id='line_1_18' title="bbox 132 1466 1629 1525; baseline -0.001 -13"><span class='ocrx_word' id='word_1_135' title='bbox 132 1466 296 1512; x_wconf 86' lang='lat' dir='ltr'><strong>ctionis</strong></span> <span class='ocrx_word' id='word_1_136' title='bbox 315 1481 478 1511; x_wconf 91' lang='lat' dir='ltr'><strong>nomen</strong></span> <span class='ocrx_word' id='word_1_137' title='bbox 498 1482 590 1510; x_wconf 93' lang='lat' dir='ltr'><strong>non</strong></span> <span class='ocrx_word' id='word_1_138' title='bbox 610 1466 792 1525; x_wconf 84' lang='lat' dir='ltr'><strong>recipit3</strong></span> <span class='ocrx_word' id='word_1_139' title='bbox 822 1481 967 1525; x_wconf 91' lang='lat' dir='ltr'><strong>neque</strong></span> <span class='ocrx_word' id='word_1_140' title='bbox 986 1467 1109 1512; x_wconf 88' lang='lat' dir='ltr'><strong>cadit</strong></span> <span class='ocrx_word' id='word_1_141' title='bbox 1128 1467 1178 1511; x_wconf 91' lang='lat' dir='ltr'><strong>in</strong></span> <span class='ocrx_word' id='word_1_142' title='bbox 1192 1467 1392 1511; x_wconf 87' lang='lat' dir='ltr'><strong>muneris</strong></span> <span class='ocrx_word' id='word_1_143' title='bbox 1407 1467 1629 1511; x_wconf 89' lang='lat' dir='ltr'><strong>rationem</strong></span> 
     </span>
     <span class='ocr_line' id='line_1_19' title="bbox 133 1537 1026 1596; baseline -0.001 -14"><span class='ocrx_word' id='word_1_144' title='bbox 133 1537 254 1596; x_wconf 91' lang='lat' dir='ltr'><strong>quod</strong></span> <span class='ocrx_word' id='word_1_145' title='bbox 273 1537 482 1581; x_wconf 87' lang='lat' dir='ltr'><strong>officiales</strong></span> <span class='ocrx_word' id='word_1_146' title='bbox 501 1537 699 1595; x_wconf 87' lang='lat' dir='ltr'><strong>accipere</strong></span> <span class='ocrx_word' id='word_1_147' title='bbox 718 1537 1026 1596; x_wconf 90' lang='lat' dir='ltr'><strong>prohibentur.</strong></span> 
     </span>
     <span class='ocr_line' id='line_1_20' title="bbox 194 1607 1626 1668; baseline 0 -16"><span class='ocrx_word' id='word_1_148' title='bbox 194 1607 314 1662; x_wconf 82' lang='lat' dir='ltr'><strong>Quia</strong></span> <span class='ocrx_word' id='word_1_149' title='bbox 338 1622 448 1652; x_wconf 89' lang='lat' dir='ltr'><strong>uero</strong></span> <span class='ocrx_word' id='word_1_150' title='bbox 476 1607 734 1652; x_wconf 89' lang='lat' dir='ltr'><strong>officialium</strong></span> <span class='ocrx_word' id='word_1_151' title='bbox 763 1608 946 1652; x_wconf 90' lang='lat' dir='ltr'><strong>licentia</strong></span> <span class='ocrx_word' id='word_1_152' title='bbox 975 1609 1119 1652; x_wconf 90' lang='lat' dir='ltr'><strong>maior</strong></span> <span class='ocrx_word' id='word_1_153' title='bbox 1148 1612 1228 1660; x_wconf 87' lang='lat' dir='ltr'><strong>est,</strong></span> <span class='ocrx_word' id='word_1_154' title='bbox 1247 1608 1357 1652; x_wconf 91' lang='lat' dir='ltr'><strong>dum</strong></span> <span class='ocrx_word' id='word_1_155' title='bbox 1384 1608 1469 1652; x_wconf 90' lang='lat' dir='ltr'><strong>sub</strong></span> <span class='ocrx_word' id='word_1_156' title='bbox 1498 1623 1626 1668; x_wconf 89' lang='lat' dir='ltr'><strong>prae·</strong></span> 
     </span>
     <span class='ocr_line' id='line_1_21' title="bbox 71 1678 1627 1738; baseline 0.001 -15"><span class='ocrx_word' id='word_1_157' title='bbox 71 1691 119 1718; x_wconf 63' lang='grc' dir='ltr'><strong>ὀ</strong></span> <span class='ocrx_word' id='word_1_158' title='bbox 133 1681 268 1723; x_wconf 89' lang='lat' dir='ltr'><strong>textu</strong></span> <span class='ocrx_word' id='word_1_159' title='bbox 282 1678 414 1723; x_wconf 90' lang='lat' dir='ltr'><strong>officii</strong></span> <span class='ocrx_word' id='word_1_160' title='bbox 426 1678 619 1737; x_wconf 88' lang='lat' dir='ltr'><strong>spoliare</strong></span> <span class='ocrx_word' id='word_1_161' title='bbox 630 1682 820 1737; x_wconf 83' lang='lat' dir='ltr'><strong>possunt</strong></span> <span class='ocrx_word' id='word_1_162' title='bbox 831 1683 913 1723; x_wconf 90' lang='lat' dir='ltr'><strong>aut</strong></span> <span class='ocrx_word' id='word_1_163' title='bbox 927 1694 1094 1723; x_wconf 88' lang='lat' dir='ltr'><strong>uexare</strong></span> <span class='ocrx_word' id='word_1_164' title='bbox 1109 1679 1324 1738; x_wconf 84' lang='lat' dir='ltr'><strong>priuatos,</strong></span> <span class='ocrx_word' id='word_1_165' title='bbox 1336 1679 1456 1738; x_wconf 85' lang='lat' dir='ltr'><strong>quod</strong></span> <span class='ocrx_word' id='word_1_166' title='bbox 1469 1683 1627 1724; x_wconf 87' lang='lat' dir='ltr'><strong>contra</strong></span> 
     </span>
     <span class='ocr_line' id='line_1_22' title="bbox 132 1749 1626 1808; baseline 0 -14"><span class='ocrx_word' id='word_1_167' title='bbox 132 1749 327 1794; x_wconf 89' lang='lat' dir='ltr'><strong>officium</strong></span> <span class='ocrx_word' id='word_1_168' title='bbox 343 1752 638 1808; x_wconf 89' lang='lat' dir='ltr'><strong>praesumunt</strong></span> <span class='ocrx_word' id='word_1_169' title='bbox 652 1764 770 1808; x_wconf 90' lang='lat' dir='ltr'><strong>pena</strong></span> <span class='ocrx_word' id='word_1_170' title='bbox 782 1749 1036 1794; x_wconf 85' lang='lat' dir='ltr'><strong>feriendum</strong></span> <span class='ocrx_word' id='word_1_171' title='bbox 1053 1753 1122 1794; x_wconf 87' lang='lat' dir='ltr'><strong>est</strong></span> <span class='ocrx_word' id='word_1_172' title='bbox 1136 1750 1348 1808; x_wconf 81' lang='lat' dir='ltr'><strong>grauiori.</strong></span> <span class='ocrx_word' id='word_1_173' title='bbox 1408 1749 1490 1794; x_wconf 89' lang='lat' dir='ltr'><strong>Ait</strong></span> <span class='ocrx_word' id='word_1_174' title='bbox 1505 1750 1626 1794; x_wconf 90' lang='lat' dir='ltr'><strong>enim</strong></span> 
     </span>
     <span class='ocr_line' id='line_1_23' title="bbox 130 1820 1624 1881; baseline 0 -16"><span class='ocrx_word' id='word_1_175' title='bbox 130 1820 291 1865; x_wconf 88' lang='lat' dir='ltr'><strong>beatus</strong></span> <span class='ocrx_word' id='word_1_176' title='bbox 311 1820 584 1864; x_wconf 86' lang='lat' dir='ltr'><strong>Laurentius</strong></span> <span class='ocrx_word' id='word_1_177' title='bbox 604 1821 950 1866; x_wconf 87' lang='lat' dir='ltr'><strong>Mediolanensis</strong></span> <span class='ocrx_word' id='word_1_178' title='bbox 971 1821 1226 1881; x_wconf 84' lang='lat' dir='ltr'><strong>episcopus:</strong></span> <span class='ocrx_word' id='word_1_179' title='bbox 1257 1820 1379 1875; x_wconf 84' lang='lat' dir='ltr'><strong>Quid</strong></span> <span class='ocrx_word' id='word_1_180' title='bbox 1394 1824 1463 1865; x_wconf 88' lang='lat' dir='ltr'><strong>est</strong></span> <span class='ocrx_word' id='word_1_181' title='bbox 1476 1821 1624 1879; x_wconf 92' lang='lat' dir='ltr'><strong>publi-</strong></span> 
     </span>
    </p>
   </div>
   <div class='ocr_carea' id='block_1_3' title="bbox 127 1937 1626 2182">
    <p class='ocr_par' dir='ltr' id='par_1_3' title="bbox 131 1937 1626 2035">
     <span class='ocr_line' id='line_1_24' title="bbox 132 1937 1626 1995; baseline -0.003 -17"><span class='ocrx_word' id='word_1_182' title='bbox 132 1948 150 1978; x_wconf 87' lang='lat'>1</span> <span class='ocrx_word' id='word_1_183' title='bbox 176 1938 400 1995; x_wconf 74' lang='lat' dir='ltr'><strong>ymaginem</strong></span> <span class='ocrx_word' id='word_1_184' title='bbox 418 1938 460 1975; x_wconf 79' lang='lat' dir='ltr'>M</span> <span class='ocrx_word' id='word_1_185' title='bbox 599 1948 645 1976; x_wconf 93' lang='lat'><strong>10</strong></span> <span class='ocrx_word' id='word_1_186' title='bbox 670 1942 729 1976; x_wconf 86' lang='lat' dir='ltr'><strong>est</strong></span> <span class='ocrx_word' id='word_1_187' title='bbox 746 1937 938 1987; x_wconf 80' lang='lat' dir='ltr'><strong>principis</strong></span> <span class='ocrx_word' id='word_1_188' title='bbox 955 1938 996 1976; x_wconf 82' lang='lat' dir='ltr'>M</span> <span class='ocrx_word' id='word_1_189' title='bbox 1133 1947 1174 1976; x_wconf 88' lang='lat'><strong>11</strong></span> <span class='ocrx_word' id='word_1_190' title='bbox 1202 1938 1484 1986; x_wconf 82' lang='lat' dir='ltr'><strong>compescenda</strong></span> <span class='ocrx_word' id='word_1_191' title='bbox 1501 1940 1559 1976; x_wconf 87' lang='lat' dir='ltr'><strong>est</strong></span> <span class='ocrx_word' id='word_1_192' title='bbox 1575 1937 1626 1974; x_wconf 67' lang='lat' dir='ltr'><strong>A*</strong></span> 
     </span>
     <span class='ocr_line' id='line_1_25' title="bbox 131 1985 518 2035; baseline -0.008 -9"><span class='ocrx_word' id='word_1_193' title='bbox 131 1997 177 2034; x_wconf 83' lang='lat'><strong>14</strong></span> <span class='ocrx_word' id='word_1_194' title='bbox 201 1987 400 2035; x_wconf 77' lang='lat' dir='ltr'><strong>legittima</strong></span> <span class='ocrx_word' id='word_1_195' title='bbox 416 1985 518 2024; x_wconf 85' lang='lat' dir='ltr'><strong>BSM</strong></span> 
     </span>
    </p>

    <p class='ocr_par' dir='ltr' id='par_1_4' title="bbox 127 2084 1622 2182">
     <span class='ocr_line' id='line_1_26' title="bbox 178 2084 1622 2135; baseline -0.001 -11"><span class='ocrx_word' id='word_1_196' title='bbox 178 2098 200 2124; x_wconf 94' lang='lat'>2</span> <span class='ocrx_word' id='word_1_197' title='bbox 225 2099 294 2123; x_wconf 77' lang='lat' dir='ltr'><strong>rex</strong></span> <span class='ocrx_word' id='word_1_198' title='bbox 307 2089 459 2135; x_wconf 58' lang='lat' dir='ltr'><strong>{umus</strong></span> <span class='ocrx_word' id='word_1_199' title='bbox 474 2088 548 2124; x_wconf 88' lang='lat' dir='ltr'><strong>etc.</strong></span> <span class='ocrx_word' id='word_1_200' title='bbox 564 2099 573 2123; x_wconf 73' lang='grc' dir='ltr'><strong><em>ε</em></strong></span> <span class='ocrx_word' id='word_1_201' title='bbox 597 2098 631 2123; x_wconf 84' lang='lat' dir='ltr'><strong>v.</strong></span> <span class='ocrx_word' id='word_1_202' title='bbox 650 2084 758 2123; x_wconf 88' lang='lat' dir='ltr'><strong>Prov.</strong></span> <span class='ocrx_word' id='word_1_203' title='bbox 776 2085 881 2123; x_wconf 84' lang='lat' dir='ltr'><strong>xxix.</strong></span> <span class='ocrx_word' id='word_1_204' title='bbox 902 2096 959 2123; x_wconf 87' lang='lat'><strong>12.</strong></span> <span class='ocrx_word' id='word_1_205' title='bbox 1074 2096 1094 2133; x_wconf 88' lang='lat'>3</span> <span class='ocrx_word' id='word_1_206' title='bbox 1119 2087 1242 2134; x_wconf 73' lang='lat' dir='ltr'><strong>qualis</strong></span> <span class='ocrx_word' id='word_1_207' title='bbox 1256 2091 1374 2123; x_wconf 78' lang='lat' dir='ltr'><strong>rector</strong></span> <span class='ocrx_word' id='word_1_208' title='bbox 1389 2088 1489 2123; x_wconf 84' lang='lat' dir='ltr'><strong>etc.:</strong></span> <span class='ocrx_word' id='word_1_209' title='bbox 1514 2084 1622 2123; x_wconf 81' lang='lat' dir='ltr'><strong>Ecoli</strong></span> 
     </span>
     <span class='ocr_line' id='line_1_27' title="bbox 127 2133 1620 2182; baseline -0.001 -9"><span class='ocrx_word' id='word_1_210' title='bbox 127 2147 165 2173; x_wconf 88' lang='lat' dir='ltr'><strong>x.</strong></span> <span class='ocrx_word' id='word_1_211' title='bbox 183 2146 217 2172; x_wconf 85' lang='lat'><strong>2.</strong></span> <span class='ocrx_word' id='word_1_212' title='bbox 343 2146 368 2181; x_wconf 87' lang='lat'>4</span> <span class='ocrx_word' id='word_1_213' title='bbox 392 2136 566 2171; x_wconf 67' lang='lat' dir='ltr'><strong>Per-ides:</strong></span> <span class='ocrx_word' id='word_1_214' title='bbox 593 2134 619 2171; x_wconf 85' lang='lat' dir='ltr'><strong>i.</strong></span> <span class='ocrx_word' id='word_1_215' title='bbox 632 2146 667 2172; x_wconf 89' lang='lat' dir='ltr'><strong>e.</strong></span> <span class='ocrx_word' id='word_1_216' title='bbox 684 2134 875 2180; x_wconf 81' lang='lat' dir='ltr'><strong>Pericles3</strong></span> <span class='ocrx_word' id='word_1_217' title='bbox 901 2147 935 2172; x_wconf 84' lang='lat' dir='ltr'><strong>v.</strong></span> <span class='ocrx_word' id='word_1_218' title='bbox 953 2133 1031 2171; x_wconf 85' lang='lat' dir='ltr'><strong>Cic.</strong></span> <span class='ocrx_word' id='word_1_219' title='bbox 1048 2136 1092 2170; x_wconf 85' lang='lat' dir='ltr'><strong>de</strong></span> <span class='ocrx_word' id='word_1_220' title='bbox 1111 2137 1179 2180; x_wconf 88' lang='lat' dir='ltr'><strong>Off.</strong></span> <span class='ocrx_word' id='word_1_221' title='bbox 1196 2134 1222 2170; x_wconf 93' lang='lat' dir='ltr'><strong>i.</strong></span> <span class='ocrx_word' id='word_1_222' title='bbox 1241 2145 1290 2179; x_wconf 82' lang='lat'><strong>40</strong></span> <span class='ocrx_word' id='word_1_223' title='bbox 1307 2133 1325 2182; x_wconf 69' lang='grc' dir='ltr'><strong>ξ</strong></span> <span class='ocrx_word' id='word_1_224' title='bbox 1349 2145 1428 2180; x_wconf 87' lang='lat'><strong>144.</strong></span> <span class='ocrx_word' id='word_1_225' title='bbox 1574 2146 1620 2172; x_wconf 90' lang='lat'><strong>22</strong></span> 
     </span>
    </p>
   </div>
   <div class='ocr_carea' id='block_1_4' title="bbox 120 2182 1622 2953">
    <p class='ocr_par' dir='ltr' id='par_1_5' title="bbox 121 2182 1622 2472">
     <span class='ocr_line' id='line_1_28' title="bbox 129 2182 1621 2231; baseline -0.001 -11"><span class='ocrx_word' id='word_1_226' title='bbox 129 2185 229 2230; x_wconf 76' lang='lat' dir='ltr'><strong>Quid</strong></span> <span class='ocrx_word' id='word_1_227' title='bbox 275 2188 328 2220; x_wconf 70' lang='lat' dir='ltr'><strong>est</strong></span> <span class='ocrx_word' id='word_1_228' title='bbox 367 2184 594 2231; x_wconf 70' lang='lat' dir='ltr'><strong>publicanus</strong></span> <span class='ocrx_word' id='word_1_229' title='bbox 607 2185 626 2219; x_wconf 69' lang='grc' dir='ltr'><strong><em>ἓ</em></strong></span> <span class='ocrx_word' id='word_1_230' title='bbox 685 2186 780 2220; x_wconf 68' lang='lat' dir='ltr'><strong>etc:</strong></span> <span class='ocrx_word' id='word_1_231' title='bbox 835 2195 883 2220; x_wconf 91' lang='lat' dir='ltr'><strong>ex</strong></span> <span class='ocrx_word' id='word_1_232' title='bbox 928 2182 1131 2220; x_wconf 87' lang='lat' dir='ltr'><strong>Laurentii</strong></span> <span class='ocrx_word' id='word_1_233' title='bbox 1175 2184 1343 2219; x_wconf 75' lang='lat' dir='ltr'><strong>Homilia</strong></span> <span class='ocrx_word' id='word_1_234' title='bbox 1387 2185 1432 2218; x_wconf 87' lang='lat' dir='ltr'><strong>de</strong></span> <span class='ocrx_word' id='word_1_235' title='bbox 1463 2184 1621 2220; x_wconf 78' lang='lat' dir='ltr'><strong>Muliere</strong></span> 
     </span>
     <span class='ocr_line' id='line_1_29' title="bbox 131 2230 1622 2279; baseline -0.001 -10"><span class='ocrx_word' id='word_1_236' title='bbox 131 2233 334 2269; x_wconf 71' lang='lat' dir='ltr'><strong>chananeo</strong></span> <span class='ocrx_word' id='word_1_237' title='bbox 358 2231 507 2277; x_wconf 83' lang='lat' dir='ltr'><strong>(Migne</strong></span> <span class='ocrx_word' id='word_1_238' title='bbox 524 2233 565 2267; x_wconf 90' lang='lat' dir='ltr'><strong>P.</strong></span> <span class='ocrx_word' id='word_1_239' title='bbox 583 2233 626 2267; x_wconf 89' lang='lat' dir='ltr'><strong>L.</strong></span> <span class='ocrx_word' id='word_1_240' title='bbox 644 2230 734 2268; x_wconf 84' lang='lat' dir='ltr'><strong>lxvi.</strong></span> <span class='ocrx_word' id='word_1_241' title='bbox 752 2232 848 2273; x_wconf 77' lang='lat'><strong>118).</strong></span> <span class='ocrx_word' id='word_1_242' title='bbox 900 2230 1125 2279; x_wconf 83' lang='lat' dir='ltr'><strong>Sigebertus</strong></span> <span class='ocrx_word' id='word_1_243' title='bbox 1147 2230 1434 2268; x_wconf 82' lang='lat' dir='ltr'><strong>Gemblacensis</strong></span> <span class='ocrx_word' id='word_1_244' title='bbox 1459 2233 1503 2267; x_wconf 85' lang='lat' dir='ltr'><strong>de</strong></span> <span class='ocrx_word' id='word_1_245' title='bbox 1526 2233 1622 2268; x_wconf 77' lang='lat' dir='ltr'><strong>Scm&#39;-</strong></span> 
     </span>
     <span class='ocr_line' id='line_1_30' title="bbox 121 2279 1620 2328; baseline -0.001 -11"><span class='ocrx_word' id='word_1_246' title='bbox 121 2282 293 2328; x_wconf 72' lang='lat' dir='ltr'><strong>peoribus</strong></span> <span class='ocrx_word' id='word_1_247' title='bbox 316 2281 579 2317; x_wconf 69' lang='lat' dir='ltr'><strong>Ecclesiasticis</strong></span> <span class='ocrx_word' id='word_1_248' title='bbox 603 2291 635 2316; x_wconf 90' lang='lat' dir='ltr'><strong>c.</strong></span> <span class='ocrx_word' id='word_1_249' title='bbox 665 2290 733 2316; x_wconf 89' lang='lat'><strong>120</strong></span> <span class='ocrx_word' id='word_1_250' title='bbox 761 2279 910 2327; x_wconf 87' lang='lat' dir='ltr'><strong>(Migne</strong></span> <span class='ocrx_word' id='word_1_251' title='bbox 934 2281 976 2317; x_wconf 90' lang='lat' dir='ltr'><strong>P.</strong></span> <span class='ocrx_word' id='word_1_252' title='bbox 994 2281 1038 2316; x_wconf 91' lang='lat' dir='ltr'><strong>L.</strong></span> <span class='ocrx_word' id='word_1_253' title='bbox 1056 2279 1130 2317; x_wconf 75' lang='lat' dir='ltr'><strong>clx.</strong></span> <span class='ocrx_word' id='word_1_254' title='bbox 1149 2285 1230 2326; x_wconf 83' lang='lat'><strong>572,</strong></span> <span class='ocrx_word' id='word_1_255' title='bbox 1258 2282 1340 2326; x_wconf 86' lang='lat'><strong>573)</strong></span> <span class='ocrx_word' id='word_1_256' title='bbox 1368 2279 1620 2316; x_wconf 87' lang='lat' dir='ltr'><strong>Laurentium</strong></span> 
     </span>
     <span class='ocr_line' id='line_1_31' title="bbox 127 2327 1620 2376; baseline -0.001 -11"><span class='ocrx_word' id='word_1_257' title='bbox 127 2328 322 2376; x_wconf 81' lang='lat' dir='ltr'><strong>quendam</strong></span> <span class='ocrx_word' id='word_1_258' title='bbox 354 2327 585 2376; x_wconf 86' lang='lat' dir='ltr'><strong>cognomine</strong></span> <span class='ocrx_word' id='word_1_259' title='bbox 618 2327 850 2365; x_wconf 74' lang='lat' dir='ltr'><strong>Meuianum</strong></span> <span class='ocrx_word' id='word_1_260' title='bbox 883 2330 1082 2372; x_wconf 83' lang='lat' dir='ltr'><strong>memorat,</strong></span> <span class='ocrx_word' id='word_1_261' title='bbox 1117 2327 1184 2375; x_wconf 88' lang='lat' dir='ltr'><strong>qui</strong></span> <span class='ocrx_word' id='word_1_262' title='bbox 1216 2328 1364 2374; x_wconf 71' lang='lat' dir='ltr'><strong>scripsit</strong></span> <span class='ocrx_word' id='word_1_263' title='bbox 1395 2329 1530 2363; x_wconf 80' lang='lat' dir='ltr'><strong>librum</strong></span> <span class='ocrx_word' id='word_1_264' title='bbox 1563 2330 1620 2364; x_wconf 84' lang='lat' dir='ltr'><strong>De</strong></span> 
     </span>
     <span class='ocr_line' id='line_1_32' title="bbox 127 2376 1620 2423; baseline -0.001 -9"><span class='ocrx_word' id='word_1_265' title='bbox 127 2378 271 2414; x_wconf 76' lang='lat' dir='ltr'><strong>duobus</strong></span> <span class='ocrx_word' id='word_1_266' title='bbox 292 2377 524 2423; x_wconf 73' lang='lat' dir='ltr'><strong>temporibus,</strong></span> <span class='ocrx_word' id='word_1_267' title='bbox 550 2378 591 2412; x_wconf 80' lang='lat' dir='ltr'><strong>id</strong></span> <span class='ocrx_word' id='word_1_268' title='bbox 615 2381 676 2419; x_wconf 78' lang='lat' dir='ltr'><strong>est,</strong></span> <span class='ocrx_word' id='word_1_269' title='bbox 702 2388 778 2412; x_wconf 87' lang='lat' dir='ltr'><strong>uno</strong></span> <span class='ocrx_word' id='word_1_270' title='bbox 802 2378 848 2412; x_wconf 84' lang='lat' dir='ltr'><strong>ab</strong></span> <span class='ocrx_word' id='word_1_271' title='bbox 871 2378 995 2412; x_wconf 82' lang='lat' dir='ltr'><strong>Adam</strong></span> <span class='ocrx_word' id='word_1_272' title='bbox 1019 2388 1131 2423; x_wconf 77' lang='lat' dir='ltr'><strong>usque</strong></span> <span class='ocrx_word' id='word_1_273' title='bbox 1155 2377 1205 2412; x_wconf 82' lang='lat' dir='ltr'><strong>ad</strong></span> <span class='ocrx_word' id='word_1_274' title='bbox 1232 2376 1427 2418; x_wconf 80' lang='lat' dir='ltr'><strong>Christum,</strong></span> <span class='ocrx_word' id='word_1_275' title='bbox 1455 2377 1569 2413; x_wconf 79' lang='lat' dir='ltr'><strong>altero</strong></span> <span class='ocrx_word' id='word_1_276' title='bbox 1595 2389 1620 2412; x_wconf 82' lang='lat' dir='ltr'><strong>a</strong></span> 
     </span>
     <span class='ocr_line' id='line_1_33' title="bbox 130 2423 1619 2472; baseline 0 -10"><span class='ocrx_word' id='word_1_277' title='bbox 130 2427 274 2462; x_wconf 75' lang='lat' dir='ltr'><strong>Christo</strong></span> <span class='ocrx_word' id='word_1_278' title='bbox 289 2437 401 2472; x_wconf 72' lang='lat' dir='ltr'><strong>usque</strong></span> <span class='ocrx_word' id='word_1_279' title='bbox 418 2426 467 2460; x_wconf 81' lang='lat' dir='ltr'><strong>ad</strong></span> <span class='ocrx_word' id='word_1_280' title='bbox 479 2427 599 2470; x_wconf 85' lang='lat' dir='ltr'><strong>finem</strong></span> <span class='ocrx_word' id='word_1_281' title='bbox 615 2425 763 2460; x_wconf 77' lang='lat' dir='ltr'><strong>saeculi.</strong></span> <span class='ocrx_word' id='word_1_282' title='bbox 814 2424 927 2461; x_wconf 88' lang='lat' dir='ltr'><strong>Hunc</strong></span> <span class='ocrx_word' id='word_1_283' title='bbox 952 2423 1094 2460; x_wconf 87' lang='lat' dir='ltr'><strong>librum</strong></span> <span class='ocrx_word' id='word_1_284' title='bbox 1116 2423 1361 2470; x_wconf 83' lang='lat' dir='ltr'><strong>Margarinus</strong></span> <span class='ocrx_word' id='word_1_285' title='bbox 1383 2423 1533 2466; x_wconf 86' lang='lat' dir='ltr'><strong>Binius,</strong></span> <span class='ocrx_word' id='word_1_286' title='bbox 1552 2424 1619 2471; x_wconf 91' lang='lat' dir='ltr'><strong>qui</strong></span> 
     </span>
    </p>

    <p class='ocr_par' dir='ltr' id='par_1_6' title="bbox 120 2471 1616 2953">
     <span class='ocr_line' id='line_1_34' title="bbox 156 2471 1616 2519; baseline -0.001 -9"><span class='ocrx_word' id='word_1_287' title='bbox 156 2473 277 2510; x_wconf 83' lang='lat' dir='ltr'><strong>rimus</strong></span> <span class='ocrx_word' id='word_1_288' title='bbox 301 2473 344 2509; x_wconf 91' lang='lat' dir='ltr'><strong>in</strong></span> <span class='ocrx_word' id='word_1_289' title='bbox 370 2473 468 2508; x_wconf 78' lang='lat' dir='ltr'><strong>Bibl.</strong></span> <span class='ocrx_word' id='word_1_290' title='bbox 490 2473 646 2508; x_wconf 72' lang='lat' dir='ltr'><strong>Patr-um</strong></span> <span class='ocrx_word' id='word_1_291' title='bbox 669 2474 841 2508; x_wconf 70' lang='lat' dir='ltr'><strong>Maxima</strong></span> <span class='ocrx_word' id='word_1_292' title='bbox 862 2471 967 2519; x_wconf 81' lang='lat' dir='ltr'><strong>typis</strong></span> <span class='ocrx_word' id='word_1_293' title='bbox 991 2471 1192 2513; x_wconf 80' lang='lat' dir='ltr'><strong>commisit,</strong></span> <span class='ocrx_word' id='word_1_294' title='bbox 1218 2471 1416 2508; x_wconf 87' lang='lat' dir='ltr'><strong>Laurentii</strong></span> <span class='ocrx_word' id='word_1_295' title='bbox 1442 2472 1616 2519; x_wconf 86' lang='lat' dir='ltr'><strong>episcopi</strong></span> 
     </span>
     <span class='ocr_line' id='line_1_35' title="bbox 126 2484 1616 2566; baseline 0 -8"><span class='ocrx_word' id='word_1_296' title='bbox 126 2484 428 2558; x_wconf 57' lang='lat' dir='ltr'><strong>Eiediolanensis</strong></span> <span class='ocrx_word' id='word_1_297' title='bbox 437 2519 610 2566; x_wconf 82' lang='lat' dir='ltr'><strong>vigesimi</strong></span> <span class='ocrx_word' id='word_1_298' title='bbox 622 2519 759 2566; x_wconf 86' lang='lat' dir='ltr'><strong>quinti,</strong></span> <span class='ocrx_word' id='word_1_299' title='bbox 772 2520 819 2557; x_wconf 88' lang='lat' dir='ltr'><strong>de</strong></span> <span class='ocrx_word' id='word_1_300' title='bbox 833 2532 908 2566; x_wconf 86' lang='lat' dir='ltr'><strong>quo</strong></span> <span class='ocrx_word' id='word_1_301' title='bbox 920 2520 963 2555; x_wconf 91' lang='lat' dir='ltr'><strong>in</strong></span> <span class='ocrx_word' id='word_1_302' title='bbox 977 2519 1148 2556; x_wconf 85' lang='lat' dir='ltr'><strong>Ennodii</strong></span> <span class='ocrx_word' id='word_1_303' title='bbox 1159 2519 1373 2556; x_wconf 81' lang='lat' dir='ltr'><strong>Ticinensis</strong></span> <span class='ocrx_word' id='word_1_304' title='bbox 1385 2521 1616 2558; x_wconf 71' lang='lat' dir='ltr'><strong>motionibus</strong></span> 
     </span>
     <span class='ocr_line' id='line_1_36' title="bbox 126 2567 1612 2617; baseline -0.001 -12"><span class='ocrx_word' id='word_1_305' title='bbox 126 2569 276 2617; x_wconf 83' lang='lat' dir='ltr'><strong>(Migne</strong></span> <span class='ocrx_word' id='word_1_306' title='bbox 298 2571 340 2606; x_wconf 84' lang='lat' dir='ltr'><strong>P.</strong></span> <span class='ocrx_word' id='word_1_307' title='bbox 365 2571 409 2605; x_wconf 86' lang='lat' dir='ltr'><strong>L.</strong></span> <span class='ocrx_word' id='word_1_308' title='bbox 433 2567 530 2604; x_wconf 88' lang='lat' dir='ltr'><strong>lxiii.</strong></span> <span class='ocrx_word' id='word_1_309' title='bbox 549 2569 617 2614; x_wconf 87' lang='lat'><strong>263</strong></span> <span class='ocrx_word' id='word_1_310' title='bbox 632 2579 760 2614; x_wconf 85' lang='lat' dir='ltr'><strong>seqq.;</strong></span> <span class='ocrx_word' id='word_1_311' title='bbox 786 2570 838 2604; x_wconf 82' lang='lat' dir='ltr'><strong>M.</strong></span> <span class='ocrx_word' id='word_1_312' title='bbox 862 2569 906 2604; x_wconf 83' lang='lat' dir='ltr'><strong>G.</strong></span> <span class='ocrx_word' id='word_1_313' title='bbox 925 2569 987 2612; x_wconf 66' lang='lat' dir='ltr'><strong>H„</strong></span> <span class='ocrx_word' id='word_1_314' title='bbox 1011 2570 1118 2604; x_wconf 76' lang='lat' dir='ltr'><strong>Auct.</strong></span> <span class='ocrx_word' id='word_1_315' title='bbox 1142 2569 1346 2615; x_wconf 69' lang='lat' dir='ltr'><strong>Antiquiss.</strong></span> <span class='ocrx_word' id='word_1_316' title='bbox 1365 2567 1429 2604; x_wconf 86' lang='lat' dir='ltr'><strong>vii.</strong></span> <span class='ocrx_word' id='word_1_317' title='bbox 1455 2578 1469 2604; x_wconf 87' lang='lat'>1</span> <span class='ocrx_word' id='word_1_318' title='bbox 1490 2575 1612 2616; x_wconf 78' lang='lat' dir='ltr'><strong>seqq.)</strong></span> 
     </span>
     <span class='ocr_line' id='line_1_37' title="bbox 123 2615 1614 2665; baseline -0.001 -11"><span class='ocrx_word' id='word_1_319' title='bbox 123 2617 266 2665; x_wconf 78' lang='lat' dir='ltr'><strong>agitur,</strong></span> <span class='ocrx_word' id='word_1_320' title='bbox 291 2629 386 2665; x_wconf 78' lang='lat' dir='ltr'><strong>opus</strong></span> <span class='ocrx_word' id='word_1_321' title='bbox 408 2627 487 2653; x_wconf 85' lang='lat' dir='ltr'><strong>esse</strong></span> <span class='ocrx_word' id='word_1_322' title='bbox 512 2616 697 2653; x_wconf 88' lang='lat' dir='ltr'><strong>coniecit:</strong></span> <span class='ocrx_word' id='word_1_323' title='bbox 723 2627 837 2662; x_wconf 89' lang='lat' dir='ltr'><strong>quem</strong></span> <span class='ocrx_word' id='word_1_324' title='bbox 858 2618 1010 2653; x_wconf 84' lang='lat' dir='ltr'><strong>secutus</strong></span> <span class='ocrx_word' id='word_1_325' title='bbox 1032 2618 1090 2653; x_wconf 85' lang='lat' dir='ltr'><strong>est</strong></span> <span class='ocrx_word' id='word_1_326' title='bbox 1112 2615 1373 2659; x_wconf 83' lang='lat' dir='ltr'><strong>Mabillonius,</strong></span> <span class='ocrx_word' id='word_1_327' title='bbox 1393 2615 1459 2663; x_wconf 89' lang='lat' dir='ltr'><strong>qui</strong></span> <span class='ocrx_word' id='word_1_328' title='bbox 1475 2617 1614 2653; x_wconf 82' lang='lat' dir='ltr'><strong>librum</strong></span> 
     </span>
     <span class='ocr_line' id='line_1_38' title="bbox 120 2665 1612 2714; baseline 0 -12"><span class='ocrx_word' id='word_1_329' title='bbox 120 2668 287 2714; x_wconf 74' lang='lat' dir='ltr'><strong>primum</strong></span> <span class='ocrx_word' id='word_1_330' title='bbox 306 2667 343 2702; x_wconf 90' lang='lat' dir='ltr'><strong>S.</strong></span> <span class='ocrx_word' id='word_1_331' title='bbox 361 2666 560 2701; x_wconf 79' lang='lat' dir='ltr'><strong>Laurentii</strong></span> <span class='ocrx_word' id='word_1_332' title='bbox 575 2666 732 2711; x_wconf 78' lang='lat' dir='ltr'><strong>episcopi</strong></span> <span class='ocrx_word' id='word_1_333' title='bbox 752 2666 796 2700; x_wconf 80' lang='lat' dir='ltr'><strong>de</strong></span> <span class='ocrx_word' id='word_1_334' title='bbox 812 2665 968 2700; x_wconf 81' lang='lat' dir='ltr'><strong>Muliere</strong></span> <span class='ocrx_word' id='word_1_335' title='bbox 986 2665 1199 2707; x_wconf 57' lang='lat' dir='ltr'><strong>Chananeffi</strong></span> <span class='ocrx_word' id='word_1_336' title='bbox 1218 2676 1333 2710; x_wconf 90' lang='lat' dir='ltr'><strong>quem</strong></span> <span class='ocrx_word' id='word_1_337' title='bbox 1349 2666 1443 2701; x_wconf 79' lang='lat' dir='ltr'><strong>libro</strong></span> <span class='ocrx_word' id='word_1_338' title='bbox 1457 2668 1612 2703; x_wconf 78' lang='lat' dir='ltr'><strong>oecundo</strong></span> 
     </span>
     <span class='ocr_line' id='line_1_39' title="bbox 121 2711 1611 2759; baseline -0.001 -8"><span class='ocrx_word' id='word_1_339' title='bbox 121 2716 162 2751; x_wconf 81' lang='lat' dir='ltr'><strong>S.</strong></span> <span class='ocrx_word' id='word_1_340' title='bbox 182 2715 380 2750; x_wconf 72' lang='lat' dir='ltr'><strong>Laurentii</strong></span> <span class='ocrx_word' id='word_1_341' title='bbox 400 2715 445 2748; x_wconf 83' lang='lat' dir='ltr'><strong>de</strong></span> <span class='ocrx_word' id='word_1_342' title='bbox 468 2714 608 2748; x_wconf 71' lang='lat' dir='ltr'><strong>duobus</strong></span> <span class='ocrx_word' id='word_1_343' title='bbox 628 2714 849 2759; x_wconf 72' lang='lat' dir='ltr'><strong>temporibus</strong></span> <span class='ocrx_word' id='word_1_344' title='bbox 869 2711 911 2748; x_wconf 90' lang='lat' dir='ltr'><strong>in</strong></span> <span class='ocrx_word' id='word_1_345' title='bbox 934 2711 1065 2749; x_wconf 89' lang='lat' dir='ltr'><strong>codice</strong></span> <span class='ocrx_word' id='word_1_346' title='bbox 1087 2713 1254 2758; x_wconf 84' lang='lat' dir='ltr'><strong>quodam</strong></span> <span class='ocrx_word' id='word_1_347' title='bbox 1275 2711 1492 2750; x_wconf 79' lang='lat' dir='ltr'><strong>subiectum</strong></span> <span class='ocrx_word' id='word_1_348' title='bbox 1511 2713 1611 2751; x_wconf 84' lang='lat' dir='ltr'><strong>inve-</strong></span> 
     </span>
     <span class='ocr_line' id='line_1_40' title="bbox 121 2759 1610 2807; baseline 0 -8"><span class='ocrx_word' id='word_1_349' title='bbox 121 2763 246 2805; x_wconf 85' lang='lat' dir='ltr'><strong>nerat,</strong></span> <span class='ocrx_word' id='word_1_350' title='bbox 269 2761 375 2799; x_wconf 86' lang='lat' dir='ltr'><strong>inter</strong></span> <span class='ocrx_word' id='word_1_351' title='bbox 404 2762 532 2797; x_wconf 78' lang='lat' dir='ltr'><strong>Vetera</strong></span> <span class='ocrx_word' id='word_1_352' title='bbox 549 2762 728 2797; x_wconf 80' lang='lat' dir='ltr'><strong>Analecta</strong></span> <span class='ocrx_word' id='word_1_353' title='bbox 745 2760 786 2796; x_wconf 91' lang='lat' dir='ltr'><strong>in</strong></span> <span class='ocrx_word' id='word_1_354' title='bbox 808 2759 934 2797; x_wconf 88' lang='lat' dir='ltr'><strong>lucem</strong></span> <span class='ocrx_word' id='word_1_355' title='bbox 956 2760 1142 2807; x_wconf 85' lang='lat' dir='ltr'><strong>protulit:</strong></span> <span class='ocrx_word' id='word_1_356' title='bbox 1167 2773 1202 2796; x_wconf 85' lang='lat' dir='ltr'><strong>v.</strong></span> <span class='ocrx_word' id='word_1_357' title='bbox 1226 2760 1375 2797; x_wconf 88' lang='lat' dir='ltr'><strong>Mabill.</strong></span> <span class='ocrx_word' id='word_1_358' title='bbox 1400 2763 1474 2798; x_wconf 81' lang='lat' dir='ltr'><strong>Vet.</strong></span> <span class='ocrx_word' id='word_1_359' title='bbox 1495 2764 1610 2799; x_wconf 74' lang='lat' dir='ltr'><strong>Anal.</strong></span> 
     </span>
     <span class='ocr_line' id='line_1_41' title="bbox 122 2808 1610 2863; baseline 0 -16"><span class='ocrx_word' id='word_1_360' title='bbox 122 2811 185 2848; x_wconf 85' lang='lat' dir='ltr'><strong>ed.</strong></span> <span class='ocrx_word' id='word_1_361' title='bbox 197 2809 315 2847; x_wconf 77' lang='lat' dir='ltr'><strong>Paris.</strong></span> <span class='ocrx_word' id='word_1_362' title='bbox 332 2819 436 2856; x_wconf 88' lang='lat'><strong>1723,</strong></span> <span class='ocrx_word' id='word_1_363' title='bbox 447 2822 487 2856; x_wconf 93' lang='lat' dir='ltr'><strong>p.</strong></span> <span class='ocrx_word' id='word_1_364' title='bbox 503 2810 565 2863; x_wconf 74' lang='lat'><strong>583</strong></span> <span class='ocrx_word' id='word_1_365' title='bbox 584 2808 631 2846; x_wconf 82' lang='lat' dir='ltr'><strong>cf.</strong></span> <span class='ocrx_word' id='word_1_366' title='bbox 646 2810 742 2846; x_wconf 67' lang='lat' dir='ltr'><strong>Dice.</strong></span> <span class='ocrx_word' id='word_1_367' title='bbox 756 2810 1110 2855; x_wconf 71' lang='lat' dir='ltr'><strong>othm&#39;stt&#39;anBioy.</strong></span> <span class='ocrx_word' id='word_1_368' title='bbox 1122 2820 1151 2845; x_wconf 78' lang='lat' dir='ltr'><strong>s.</strong></span> <span class='ocrx_word' id='word_1_369' title='bbox 1163 2821 1198 2844; x_wconf 90' lang='lat' dir='ltr'><strong>v.</strong></span> <span class='ocrx_word' id='word_1_370' title='bbox 1211 2810 1440 2845; x_wconf 72' lang='lat' dir='ltr'><strong>Laurentius</strong></span> <span class='ocrx_word' id='word_1_371' title='bbox 1452 2810 1506 2857; x_wconf 87' lang='lat'><strong>(8)</strong></span> <span class='ocrx_word' id='word_1_372' title='bbox 1519 2811 1610 2857; x_wconf 85' lang='lat'><strong>(15).</strong></span> 
     </span>
     <span class='ocr_line' id='line_1_42' title="bbox 121 2855 1610 2895; baseline 0 0"><span class='ocrx_word' id='word_1_373' title='bbox 121 2857 392 2895; x_wconf 85' lang='lat' dir='ltr'><strong>Coniecturam</strong></span> <span class='ocrx_word' id='word_1_374' title='bbox 426 2856 533 2892; x_wconf 81' lang='lat' dir='ltr'><strong>Bimi</strong></span> <span class='ocrx_word' id='word_1_375' title='bbox 565 2858 606 2894; x_wconf 89' lang='lat' dir='ltr'><strong>et</strong></span> <span class='ocrx_word' id='word_1_376' title='bbox 638 2855 859 2894; x_wconf 83' lang='lat' dir='ltr'><strong>Mabillonii</strong></span> <span class='ocrx_word' id='word_1_377' title='bbox 891 2857 1122 2894; x_wconf 82' lang='lat' dir='ltr'><strong>confirmant</strong></span> <span class='ocrx_word' id='word_1_378' title='bbox 1152 2856 1268 2893; x_wconf 87' lang='lat' dir='ltr'><strong>verba</strong></span> <span class='ocrx_word' id='word_1_379' title='bbox 1299 2857 1457 2895; x_wconf 81' lang='lat' dir='ltr'><strong>Ioannis</strong></span> <span class='ocrx_word' id='word_1_380' title='bbox 1488 2858 1610 2895; x_wconf 85' lang='lat' dir='ltr'><strong>nostri</strong></span> 
     </span>
     <span class='ocr_line' id='line_1_43' title="bbox 121 2904 1287 2953; baseline 0 -10"><span class='ocrx_word' id='word_1_381' title='bbox 121 2907 262 2943; x_wconf 76' lang='lat' dir='ltr'><strong>beatum</strong></span> <span class='ocrx_word' id='word_1_382' title='bbox 279 2908 525 2943; x_wconf 80' lang='lat' dir='ltr'><strong>Laurentium</strong></span> <span class='ocrx_word' id='word_1_383' title='bbox 539 2906 850 2942; x_wconf 75' lang='lat' dir='ltr'><strong>Mediolanensem</strong></span> <span class='ocrx_word' id='word_1_384' title='bbox 864 2908 1070 2953; x_wconf 74' lang='lat' dir='ltr'><strong>episcopum</strong></span> <span class='ocrx_word' id='word_1_385' title='bbox 1083 2904 1287 2943; x_wconf 76' lang='lat' dir='ltr'><strong>laudantis.</strong></span> 
     </span>
    </p>
   </div>
   <div class='ocr_carea' id='block_1_5' title="bbox 1475 2987 1497 3023">
    <p class='ocr_par' dir='ltr' id='par_1_7' title="bbox 1475 2987 1497 3023">
     <span class='ocr_line' id='line_1_44' title="bbox 1475 2987 1497 3023; baseline 0 0"><span class='ocrx_word' id='word_1_386' title='bbox 1475 2987 1497 3023; x_wconf 79' lang='grc'><strong><em>3</em></strong></span> 
     </span>
    </p>
   </div>
  </div>
 </body>
</html>
