<?xml version="1.0" encoding="UTF-8"?>
<!DOCTYPE html PUBLIC "-//W3C//DTD XHTML 1.0 Transitional//EN"
    "http://www.w3.org/TR/xhtml1/DTD/xhtml1-transitional.dtd">
<html xmlns="http://www.w3.org/1999/xhtml" xml:lang="en" lang="en">
 <head>
  <title>
</title>
<meta http-equiv="Content-Type" content="text/html;charset=utf-8" />
  <meta name='ocr-system' content='tesseract 3.04.00' />
  <meta name='ocr-capabilities' content='ocr_page ocr_carea ocr_par ocr_line ocrx_word'/>
</head>
<body>
  <div class='ocr_page' id='page_1' title='image "./ioannissaresberi02johnuoft_0292.png"; bbox 0 0 1846 3262; ppageno 0'>
   <div class='ocr_carea' id='block_1_1' title="bbox 85 256 1708 319">
    <p class='ocr_par' dir='ltr' id='par_1_1' title="bbox 85 256 1708 319">
     <span class='ocr_line' id='line_1_1' title="bbox 85 256 1708 319; baseline 0.001 -17"><span class='ocrx_word' id='word_1_1' title='bbox 85 270 169 311; x_wconf 86' lang='lat'>740</span> <span class='ocrx_word' id='word_1_2' title='bbox 190 270 216 303; x_wconf 81' lang='lat' dir='ltr'>c</span> <span class='ocrx_word' id='word_1_3' title='bbox 563 257 827 303; x_wconf 89' lang='lat' dir='ltr'>IOANNIS</span> <span class='ocrx_word' id='word_1_4' title='bbox 868 257 1386 302; x_wconf 86' lang='lat' dir='ltr'><strong>SARESBERIENSIS</strong></span> <span class='ocrx_word' id='word_1_5' title='bbox 1486 256 1598 319; x_wconf 74' lang='grc' dir='ltr'><strong>[ΜΒ.</strong></span> <span class='ocrx_word' id='word_1_6' title='bbox 1614 268 1708 303; x_wconf 80' lang='lat' dir='ltr'>VI11</span> 
     </span>
    </p>
   </div>
   <div class='ocr_carea' id='block_1_2' title="bbox 94 378 1771 2409">
    <p class='ocr_par' dir='ltr' id='par_1_2' title="bbox 229 378 1708 576">
     <span class='ocr_line' id='line_1_2' title="bbox 230 378 1708 437; baseline -0.001 -13"><span class='ocrx_word' id='word_1_7' title='bbox 230 381 385 424; x_wconf 86' lang='lat' dir='ltr'><strong>Amice</strong></span> <span class='ocrx_word' id='word_1_8' title='bbox 415 381 601 424; x_wconf 81' lang='lat' dir='ltr'>ascende</span> <span class='ocrx_word' id='word_1_9' title='bbox 632 379 861 437; x_wconf 88' lang='lat' dir='ltr'>superius;</span> <span class='ocrx_word' id='word_1_10' title='bbox 900 381 947 423; x_wconf 93' lang='lat' dir='ltr'>et</span> <span class='ocrx_word' id='word_1_11' title='bbox 982 379 1069 422; x_wconf 89' lang='lat' dir='ltr'>erit</span> <span class='ocrx_word' id='word_1_12' title='bbox 1099 379 1184 421; x_wconf 90' lang='lat' dir='ltr'>tibi</span> <span class='ocrx_word' id='word_1_13' title='bbox 1218 378 1362 437; x_wconf 87' lang='lat' dir='ltr'>gloria</span> <span class='ocrx_word' id='word_1_14' title='bbox 1395 394 1543 423; x_wconf 90' lang='lat' dir='ltr'>coram</span> <span class='ocrx_word' id='word_1_15' title='bbox 1574 379 1708 423; x_wconf 91' lang='lat' dir='ltr'>simul</span> 
     </span>
     <span class='ocr_line' id='line_1_3' title="bbox 229 449 1708 507; baseline -0.001 -13"><span class='ocrx_word' id='word_1_16' title='bbox 229 451 624 495; x_wconf 86' lang='lat' dir='ltr'>discumbentibus.</span> <span class='ocrx_word' id='word_1_17' title='bbox 691 449 864 492; x_wconf 83' lang='lat' dir='ltr'>Deinde</span> <span class='ocrx_word' id='word_1_18' title='bbox 905 449 1024 492; x_wconf 92' lang='lat' dir='ltr'>hunc</span> <span class='ocrx_word' id='word_1_19' title='bbox 1063 449 1303 492; x_wconf 88' lang='lat' dir='ltr'>articulum</span> <span class='ocrx_word' id='word_1_20' title='bbox 1344 449 1471 506; x_wconf 90' lang='lat' dir='ltr'>quasi</span> <span class='ocrx_word' id='word_1_21' title='bbox 1510 449 1708 507; x_wconf 88' lang='lat' dir='ltr'>generali</span> 
     </span>
     <span class='ocr_line' id='line_1_4' title="bbox 230 519 1707 576; baseline -0.001 -12"><span class='ocrx_word' id='word_1_22' title='bbox 230 521 324 564; x_wconf 90' lang='lat' dir='ltr'>loco</span> <span class='ocrx_word' id='word_1_23' title='bbox 344 521 611 564; x_wconf 82' lang='lat' dir='ltr'>confirmans</span> <span class='ocrx_word' id='word_1_24' title='bbox 631 520 719 562; x_wconf 87' lang='lat' dir='ltr'>ait:</span> <span class='ocrx_word' id='word_1_25' title='bbox 753 519 910 562; x_wconf 91' lang='lat' dir='ltr'>Omnis</span> <span class='ocrx_word' id='word_1_26' title='bbox 931 519 1049 562; x_wconf 89' lang='lat' dir='ltr'>enim</span> <span class='ocrx_word' id='word_1_27' title='bbox 1071 519 1148 576; x_wconf 89' lang='lat' dir='ltr'>qui</span> <span class='ocrx_word' id='word_1_28' title='bbox 1173 533 1219 562; x_wconf 84' lang='lat' dir='ltr'>se</span> <span class='ocrx_word' id='word_1_29' title='bbox 1247 519 1420 562; x_wconf 88' lang='lat' dir='ltr'>exaltat</span> <span class='ocrx_word' id='word_1_30' title='bbox 1449 519 1707 563; x_wconf 82' lang='lat' dir='ltr'>humiliabi-</span> 
     </span>
    </p>

    <p class='ocr_par' dir='ltr' id='par_1_3' title="bbox 183 588 1771 1487">
     <span class='ocr_line' id='line_1_5' title="bbox 183 588 1709 647; baseline -0.001 -12"><span class='ocrx_word' id='word_1_31' title='bbox 183 595 213 637; x_wconf 86' lang='lat' dir='ltr'>d</span> <span class='ocrx_word' id='word_1_32' title='bbox 230 593 318 643; x_wconf 89' lang='lat' dir='ltr'>tur,</span> <span class='ocrx_word' id='word_1_33' title='bbox 351 593 397 633; x_wconf 92' lang='lat' dir='ltr'>et</span> <span class='ocrx_word' id='word_1_34' title='bbox 437 590 514 647; x_wconf 93' lang='lat' dir='ltr'>qui</span> <span class='ocrx_word' id='word_1_35' title='bbox 553 604 600 632; x_wconf 91' lang='lat' dir='ltr'>se</span> <span class='ocrx_word' id='word_1_36' title='bbox 635 589 846 632; x_wconf 88' lang='lat' dir='ltr'>humiliat</span> <span class='ocrx_word' id='word_1_37' title='bbox 886 589 1171 632; x_wconf 84' lang='lat' dir='ltr'>exaltabitur.</span> <span class='ocrx_word' id='word_1_38' title='bbox 1233 588 1303 639; x_wconf 91' lang='lat' dir='ltr'>Et,</span> <span class='ocrx_word' id='word_1_39' title='bbox 1337 588 1442 632; x_wconf 91' lang='lat' dir='ltr'>licet</span> <span class='ocrx_word' id='word_1_40' title='bbox 1481 589 1709 647; x_wconf 80' lang='lat' dir='ltr'>religionis</span> 
     </span>
     <span class='ocr_line' id='line_1_6' title="bbox 227 658 1746 717; baseline 0 -15"><span class='ocrx_word' id='word_1_41' title='bbox 227 660 378 717; x_wconf 90' lang='lat' dir='ltr'>potius</span> <span class='ocrx_word' id='word_1_42' title='bbox 417 674 551 716; x_wconf 87' lang='lat' dir='ltr'>quam</span> <span class='ocrx_word' id='word_1_43' title='bbox 590 659 824 702; x_wconf 88' lang='lat' dir='ltr'>ciuilitatis</span> <span class='ocrx_word' id='word_1_44' title='bbox 863 659 1074 701; x_wconf 91' lang='lat' dir='ltr'>uideatur</span> <span class='ocrx_word' id='word_1_45' title='bbox 1117 658 1323 710; x_wconf 87' lang='lat' dir='ltr'>edictum,</span> <span class='ocrx_word' id='word_1_46' title='bbox 1360 673 1442 716; x_wconf 89' lang='lat' dir='ltr'>ego</span> <span class='ocrx_word' id='word_1_47' title='bbox 1481 658 1708 716; x_wconf 79' lang='lat' dir='ltr'>religionis</span> <span class='ocrx_word' id='word_1_48' title='bbox 1726 675 1746 710; x_wconf 79' lang='lat'>5</span> 
     </span>
     <span class='ocr_line' id='line_1_7' title="bbox 227 728 1709 786; baseline 0 -14"><span class='ocrx_word' id='word_1_49' title='bbox 227 729 417 773; x_wconf 85' lang='lat' dir='ltr'>formam</span> <span class='ocrx_word' id='word_1_50' title='bbox 439 745 466 772; x_wconf 94' lang='lat' dir='ltr'>a</span> <span class='ocrx_word' id='word_1_51' title='bbox 485 730 704 773; x_wconf 88' lang='lat' dir='ltr'>ciuilitate</span> <span class='ocrx_word' id='word_1_52' title='bbox 725 744 815 772; x_wconf 89' lang='lat' dir='ltr'>non</span> <span class='ocrx_word' id='word_1_53' title='bbox 836 729 1002 780; x_wconf 91' lang='lat' dir='ltr'>diuido,</span> <span class='ocrx_word' id='word_1_54' title='bbox 1017 743 1118 772; x_wconf 91' lang='lat' dir='ltr'>cum</span> <span class='ocrx_word' id='word_1_55' title='bbox 1138 728 1276 772; x_wconf 86' lang='lat' dir='ltr'>nichil</span> <span class='ocrx_word' id='word_1_56' title='bbox 1296 728 1473 771; x_wconf 90' lang='lat' dir='ltr'>ciuilius</span> <span class='ocrx_word' id='word_1_57' title='bbox 1493 728 1553 771; x_wconf 88' lang='lat' dir='ltr'>sit</span> <span class='ocrx_word' id='word_1_58' title='bbox 1573 743 1709 786; x_wconf 90' lang='lat' dir='ltr'>quam</span> 
     </span>
     <span class='ocr_line' id='line_1_8' title="bbox 225 797 1710 856; baseline 0 -14"><span class='ocrx_word' id='word_1_59' title='bbox 225 799 367 842; x_wconf 91' lang='lat' dir='ltr'>cultui</span> <span class='ocrx_word' id='word_1_60' title='bbox 383 799 568 842; x_wconf 88' lang='lat' dir='ltr'>uirtutis</span> <span class='ocrx_word' id='word_1_61' title='bbox 583 799 801 843; x_wconf 73' lang='lat' dir='ltr'>insistere.</span> <span class='ocrx_word' id='word_1_62' title='bbox 863 798 1073 843; x_wconf 87' lang='lat' dir='ltr'>Ceterum</span> <span class='ocrx_word' id='word_1_63' title='bbox 1089 813 1169 842; x_wconf 90' lang='lat' dir='ltr'>nec</span> <span class='ocrx_word' id='word_1_64' title='bbox 1184 797 1485 856; x_wconf 82' lang='lat' dir='ltr'>ualuifragam</span> <span class='ocrx_word' id='word_1_65' title='bbox 1507 798 1710 842; x_wconf 91' lang='lat' dir='ltr'>admittit</span> 
     </span>
     <span class='ocr_line' id='line_1_9' title="bbox 227 867 1708 927; baseline -0.001 -15"><span class='ocrx_word' id='word_1_66' title='bbox 227 870 371 927; x_wconf 86' lang='lat' dir='ltr'>legem</span> <span class='ocrx_word' id='word_1_67' title='bbox 397 884 478 912; x_wconf 91' lang='lat' dir='ltr'>nec</span> <span class='ocrx_word' id='word_1_68' title='bbox 505 869 698 912; x_wconf 88' lang='lat' dir='ltr'>letitiam</span> <span class='ocrx_word' id='word_1_69' title='bbox 728 868 927 913; x_wconf 83' lang='lat' dir='ltr'>excludit</span> <span class='ocrx_word' id='word_1_70' title='bbox 955 883 1035 912; x_wconf 91' lang='lat' dir='ltr'>nec</span> <span class='ocrx_word' id='word_1_71' title='bbox 1062 868 1299 911; x_wconf 71' lang='lat' dir='ltr'>lautiorem</span> <span class='ocrx_word' id='word_1_72' title='bbox 1319 867 1490 925; x_wconf 85' lang='lat' dir='ltr'>refugit</span> <span class='ocrx_word' id='word_1_73' title='bbox 1520 882 1708 926; x_wconf 84' lang='lat' dir='ltr'>appara-</span> 
     </span>
     <span class='ocr_line' id='line_1_10' title="bbox 227 937 1710 997; baseline -0.001 -15"><span class='ocrx_word' id='word_1_74' title='bbox 227 942 338 990; x_wconf 92' lang='lat' dir='ltr'>tum,</span> <span class='ocrx_word' id='word_1_75' title='bbox 354 939 485 997; x_wconf 90' lang='lat' dir='ltr'>gulae</span> <span class='ocrx_word' id='word_1_76' title='bbox 506 942 657 982; x_wconf 89' lang='lat' dir='ltr'>tamen</span> <span class='ocrx_word' id='word_1_77' title='bbox 678 939 961 982; x_wconf 86' lang='lat' dir='ltr'>irritamenta</span> <span class='ocrx_word' id='word_1_78' title='bbox 976 953 1066 982; x_wconf 92' lang='lat' dir='ltr'>non</span> <span class='ocrx_word' id='word_1_79' title='bbox 1083 938 1282 995; x_wconf 90' lang='lat' dir='ltr'>quaerit;</span> <span class='ocrx_word' id='word_1_80' title='bbox 1313 938 1378 981; x_wconf 89' lang='lat' dir='ltr'>ait</span> <span class='ocrx_word' id='word_1_81' title='bbox 1399 938 1541 983; x_wconf 89' lang='lat' dir='ltr'>enim:</span> <span class='ocrx_word' id='word_1_82' title='bbox 1572 937 1710 981; x_wconf 83' lang='lat' dir='ltr'>Tauri</span> 
     </span>
     <span class='ocr_line' id='line_1_11' title="bbox 227 1008 1771 1066; baseline -0.002 -14"><span class='ocrx_word' id='word_1_83' title='bbox 227 1009 315 1052; x_wconf 91' lang='lat' dir='ltr'>mei</span> <span class='ocrx_word' id='word_1_84' title='bbox 346 1011 392 1052; x_wconf 85' lang='lat' dir='ltr'>et</span> <span class='ocrx_word' id='word_1_85' title='bbox 418 1009 562 1052; x_wconf 84' lang='lat' dir='ltr'>altilia</span> <span class='ocrx_word' id='word_1_86' title='bbox 589 1009 731 1053; x_wconf 89' lang='lat' dir='ltr'>occisa</span> <span class='ocrx_word' id='word_1_87' title='bbox 758 1011 875 1053; x_wconf 90' lang='lat' dir='ltr'>sunt.</span> <span class='ocrx_word' id='word_1_88' title='bbox 942 1009 1002 1052; x_wconf 90' lang='lat' dir='ltr'>Et</span> <span class='ocrx_word' id='word_1_89' title='bbox 1026 1009 1104 1051; x_wconf 91' lang='lat' dir='ltr'>ubi</span> <span class='ocrx_word' id='word_1_90' title='bbox 1132 1008 1337 1051; x_wconf 90' lang='lat' dir='ltr'>redeunti</span> <span class='ocrx_word' id='word_1_91' title='bbox 1366 1008 1554 1066; x_wconf 87' lang='lat' dir='ltr'>prodigo</span> <span class='ocrx_word' id='word_1_92' title='bbox 1579 1011 1710 1066; x_wconf 89' lang='lat' dir='ltr'>pater</span> <span class='ocrx_word' id='word_1_93' title='bbox 1727 1024 1771 1049; x_wconf 82' lang='lat'>10</span> 
     </span>
     <span class='ocr_line' id='line_1_12' title="bbox 227 1078 1708 1136; baseline 0 -15"><span class='ocrx_word' id='word_1_94' title='bbox 227 1079 329 1136; x_wconf 88' lang='lat' dir='ltr'>pius</span> <span class='ocrx_word' id='word_1_95' title='bbox 359 1079 599 1123; x_wconf 89' lang='lat' dir='ltr'>iocundum</span> <span class='ocrx_word' id='word_1_96' title='bbox 629 1079 848 1122; x_wconf 88' lang='lat' dir='ltr'>instruxit</span> <span class='ocrx_word' id='word_1_97' title='bbox 874 1078 1144 1130; x_wconf 84' lang='lat' dir='ltr'>conuiuium,</span> <span class='ocrx_word' id='word_1_98' title='bbox 1172 1078 1230 1121; x_wconf 91' lang='lat' dir='ltr'>ad</span> <span class='ocrx_word' id='word_1_99' title='bbox 1257 1078 1579 1122; x_wconf 82' lang='lat' dir='ltr'>conciliandam</span> <span class='ocrx_word' id='word_1_100' title='bbox 1609 1078 1708 1122; x_wconf 91' lang='lat' dir='ltr'>leti-</span> 
     </span>
     <span class='ocr_line' id='line_1_13' title="bbox 230 1148 1708 1206; baseline 0 -14"><span class='ocrx_word' id='word_1_101' title='bbox 230 1149 342 1192; x_wconf 87' lang='lat' dir='ltr'>tiam</span> <span class='ocrx_word' id='word_1_102' title='bbox 374 1149 689 1206; x_wconf 88' lang='lat' dir='ltr'>symphoniam</span> <span class='ocrx_word' id='word_1_103' title='bbox 722 1149 906 1193; x_wconf 87' lang='lat' dir='ltr'>admisit</span> <span class='ocrx_word' id='word_1_104' title='bbox 938 1152 984 1192; x_wconf 93' lang='lat' dir='ltr'>et</span> <span class='ocrx_word' id='word_1_105' title='bbox 1010 1149 1206 1200; x_wconf 93' lang='lat' dir='ltr'>chorum,</span> <span class='ocrx_word' id='word_1_106' title='bbox 1237 1148 1406 1192; x_wconf 90' lang='lat' dir='ltr'>occisus</span> <span class='ocrx_word' id='word_1_107' title='bbox 1437 1150 1505 1192; x_wconf 90' lang='lat' dir='ltr'>est</span> <span class='ocrx_word' id='word_1_108' title='bbox 1534 1148 1708 1192; x_wconf 88' lang='lat' dir='ltr'>uitulus</span> 
     </span>
     <span class='ocr_line' id='line_1_14' title="bbox 229 1218 1709 1276; baseline 0 -14"><span class='ocrx_word' id='word_1_109' title='bbox 229 1219 473 1276; x_wconf 84' lang='lat' dir='ltr'>saginatus,</span> <span class='ocrx_word' id='word_1_110' title='bbox 487 1222 544 1270; x_wconf 89' lang='lat' dir='ltr'>et,</span> <span class='ocrx_word' id='word_1_111' title='bbox 557 1234 613 1262; x_wconf 92' lang='lat' dir='ltr'>ne</span> <span class='ocrx_word' id='word_1_112' title='bbox 633 1219 773 1262; x_wconf 87' lang='lat' dir='ltr'>uestis</span> <span class='ocrx_word' id='word_1_113' title='bbox 789 1219 962 1263; x_wconf 91' lang='lat' dir='ltr'>abiecta</span> <span class='ocrx_word' id='word_1_114' title='bbox 981 1218 1238 1262; x_wconf 91' lang='lat' dir='ltr'>conuiuium</span> <span class='ocrx_word' id='word_1_115' title='bbox 1255 1218 1531 1270; x_wconf 89' lang='lat' dir='ltr'>deuenustet,</span> <span class='ocrx_word' id='word_1_116' title='bbox 1546 1218 1709 1262; x_wconf 84' lang='lat' dir='ltr'>anulus</span> 
     </span>
     <span class='ocr_line' id='line_1_15' title="bbox 229 1288 1708 1346; baseline -0.001 -13"><span class='ocrx_word' id='word_1_117' title='bbox 229 1293 275 1333; x_wconf 88' lang='lat' dir='ltr'>et</span> <span class='ocrx_word' id='word_1_118' title='bbox 295 1289 411 1332; x_wconf 87' lang='lat' dir='ltr'>stola</span> <span class='ocrx_word' id='word_1_119' title='bbox 430 1289 737 1332; x_wconf 88' lang='lat' dir='ltr'>ministrorum</span> <span class='ocrx_word' id='word_1_120' title='bbox 758 1289 900 1332; x_wconf 87' lang='lat' dir='ltr'>officio</span> <span class='ocrx_word' id='word_1_121' title='bbox 929 1289 978 1331; x_wconf 91' lang='lat' dir='ltr'>in</span> <span class='ocrx_word' id='word_1_122' title='bbox 1007 1303 1138 1332; x_wconf 90' lang='lat' dir='ltr'>usum</span> <span class='ocrx_word' id='word_1_123' title='bbox 1162 1288 1273 1331; x_wconf 91' lang='lat' dir='ltr'>nudi</span> <span class='ocrx_word' id='word_1_124' title='bbox 1299 1291 1344 1331; x_wconf 93' lang='lat' dir='ltr'>et</span> <span class='ocrx_word' id='word_1_125' title='bbox 1374 1291 1583 1332; x_wconf 89' lang='lat' dir='ltr'>ornatum</span> <span class='ocrx_word' id='word_1_126' title='bbox 1606 1303 1708 1346; x_wconf 93' lang='lat' dir='ltr'>pro-</span> 
     </span>
     <span class='ocr_line' id='line_1_16' title="bbox 228 1357 1768 1416; baseline 0 -15"><span class='ocrx_word' id='word_1_127' title='bbox 228 1359 370 1402; x_wconf 89' lang='lat' dir='ltr'>mitur</span> <span class='ocrx_word' id='word_1_128' title='bbox 401 1358 456 1401; x_wconf 88' lang='lat' dir='ltr'>de</span> <span class='ocrx_word' id='word_1_129' title='bbox 487 1358 698 1402; x_wconf 90' lang='lat' dir='ltr'>conclaui.</span> <span class='ocrx_word' id='word_1_130' title='bbox 758 1358 886 1402; x_wconf 88' lang='lat' dir='ltr'>Sicut</span> <span class='ocrx_word' id='word_1_131' title='bbox 919 1361 1071 1401; x_wconf 90' lang='lat' dir='ltr'>autem</span> <span class='ocrx_word' id='word_1_132' title='bbox 1099 1358 1247 1416; x_wconf 87' lang='lat' dir='ltr'>dignis</span> <span class='ocrx_word' id='word_1_133' title='bbox 1274 1357 1558 1401; x_wconf 64' lang='lat' dir='ltr'>liberalitatis</span> <span class='ocrx_word' id='word_1_134' title='bbox 1592 1358 1708 1401; x_wconf 90' lang='lat' dir='ltr'>ostia</span> <span class='ocrx_word' id='word_1_135' title='bbox 1728 1372 1768 1408; x_wconf 84' lang='lat'>15</span> 
     </span>
     <span class='ocr_line' id='line_1_17' title="bbox 230 1427 1708 1487; baseline 0 -16"><span class='ocrx_word' id='word_1_136' title='bbox 230 1431 400 1487; x_wconf 90' lang='lat' dir='ltr'>patent,</span> <span class='ocrx_word' id='word_1_137' title='bbox 431 1428 498 1471; x_wconf 90' lang='lat' dir='ltr'>ita</span> <span class='ocrx_word' id='word_1_138' title='bbox 526 1430 633 1471; x_wconf 91' lang='lat' dir='ltr'>sunt</span> <span class='ocrx_word' id='word_1_139' title='bbox 667 1429 876 1486; x_wconf 87' lang='lat' dir='ltr'>turpibus</span> <span class='ocrx_word' id='word_1_140' title='bbox 909 1428 1247 1486; x_wconf 86' lang='lat' dir='ltr'>praecludenda.</span> <span class='ocrx_word' id='word_1_141' title='bbox 1320 1428 1439 1470; x_wconf 89' lang='lat' dir='ltr'>Nam</span> <span class='ocrx_word' id='word_1_142' title='bbox 1472 1431 1518 1471; x_wconf 87' lang='lat' dir='ltr'>et</span> <span class='ocrx_word' id='word_1_143' title='bbox 1554 1427 1708 1472; x_wconf 82' lang='lat' dir='ltr'>fatuae</span> 
     </span>
    </p>

    <p class='ocr_par' dir='ltr' id='par_1_4' title="bbox 94 1498 1708 1694">
     <span class='ocr_line' id='line_1_18' title="bbox 94 1498 1708 1556; baseline 0 -15"><span class='ocrx_word' id='word_1_144' title='bbox 94 1504 168 1545; x_wconf 87' lang='lat'>741</span> <span class='ocrx_word' id='word_1_145' title='bbox 187 1505 218 1535; x_wconf 77' lang='lat' dir='ltr'>a</span> <span class='ocrx_word' id='word_1_146' title='bbox 232 1498 442 1556; x_wconf 88' lang='lat' dir='ltr'>uirgines,</span> <span class='ocrx_word' id='word_1_147' title='bbox 462 1498 566 1542; x_wconf 91' lang='lat' dir='ltr'>licet</span> <span class='ocrx_word' id='word_1_148' title='bbox 585 1498 764 1556; x_wconf 88' lang='lat' dir='ltr'>pulsent</span> <span class='ocrx_word' id='word_1_149' title='bbox 784 1499 842 1541; x_wconf 89' lang='lat' dir='ltr'>ad</span> <span class='ocrx_word' id='word_1_150' title='bbox 861 1498 1053 1549; x_wconf 89' lang='lat' dir='ltr'>ianuam,</span> <span class='ocrx_word' id='word_1_151' title='bbox 1069 1499 1126 1541; x_wconf 92' lang='lat' dir='ltr'>ob</span> <span class='ocrx_word' id='word_1_152' title='bbox 1146 1498 1366 1541; x_wconf 87' lang='lat' dir='ltr'>stultitiae</span> <span class='ocrx_word' id='word_1_153' title='bbox 1387 1500 1540 1541; x_wconf 89' lang='lat' dir='ltr'>notam</span> <span class='ocrx_word' id='word_1_154' title='bbox 1561 1498 1708 1556; x_wconf 90' lang='lat' dir='ltr'>repul-</span> 
     </span>
     <span class='ocr_line' id='line_1_19' title="bbox 230 1567 1707 1625; baseline 0.002 -16"><span class='ocrx_word' id='word_1_155' title='bbox 230 1582 325 1610; x_wconf 86' lang='lat' dir='ltr'>sam</span> <span class='ocrx_word' id='word_1_156' title='bbox 345 1568 582 1625; x_wconf 91' lang='lat' dir='ltr'>patiuntur</span> <span class='ocrx_word' id='word_1_157' title='bbox 607 1583 664 1612; x_wconf 88' lang='lat' dir='ltr'>ne</span> <span class='ocrx_word' id='word_1_158' title='bbox 691 1568 809 1612; x_wconf 80' lang='lat' dir='ltr'>forte</span> <span class='ocrx_word' id='word_1_159' title='bbox 836 1568 1056 1612; x_wconf 84' lang='lat' dir='ltr'>eiciantur</span> <span class='ocrx_word' id='word_1_160' title='bbox 1081 1568 1312 1613; x_wconf 89' lang='lat' dir='ltr'>admissae.</span> <span class='ocrx_word' id='word_1_161' title='bbox 1371 1567 1561 1612; x_wconf 87' lang='lat' dir='ltr'>Constat</span> <span class='ocrx_word' id='word_1_162' title='bbox 1587 1568 1707 1612; x_wconf 90' lang='lat' dir='ltr'>enim</span> 
     </span>
     <span class='ocr_line' id='line_1_20' title="bbox 229 1652 337 1694; baseline 0 -14"><span class='ocrx_word' id='word_1_163' title='bbox 229 1652 337 1694; x_wconf 84' lang='lat' dir='ltr'>qma</span> 
     </span>
    </p>

    <p class='ocr_par' dir='ltr' id='par_1_5' title="bbox 225 1706 1769 2409">
     <span class='ocr_line' id='line_1_21' title="bbox 389 1706 1769 1765; baseline -0.001 -15"><span class='ocrx_word' id='word_1_164' title='bbox 389 1707 567 1765; x_wconf 89' lang='lat' dir='ltr'>turpius</span> <span class='ocrx_word' id='word_1_165' title='bbox 597 1707 756 1751; x_wconf 90' lang='lat' dir='ltr'>eicitur</span> <span class='ocrx_word' id='word_1_166' title='bbox 786 1722 921 1764; x_wconf 90' lang='lat' dir='ltr'>quam</span> <span class='ocrx_word' id='word_1_167' title='bbox 949 1721 1041 1750; x_wconf 92' lang='lat' dir='ltr'>non</span> <span class='ocrx_word' id='word_1_168' title='bbox 1070 1706 1328 1750; x_wconf 83' lang='lat' dir='ltr'>admittitur</span> <span class='ocrx_word' id='word_1_169' title='bbox 1357 1706 1544 1765; x_wconf 88' lang='lat' dir='ltr'>hospes;</span> <span class='ocrx_word' id='word_1_170' title='bbox 1725 1723 1769 1749; x_wconf 84' lang='lat'>20</span> 
     </span>
     <span class='ocr_line' id='line_1_22' title="bbox 227 1806 1704 1863; baseline 0.001 -13"><span class='ocrx_word' id='word_1_171' title='bbox 227 1808 274 1850; x_wconf 87' lang='lat' dir='ltr'>et</span> <span class='ocrx_word' id='word_1_172' title='bbox 292 1808 445 1849; x_wconf 89' lang='lat' dir='ltr'>tamen</span> <span class='ocrx_word' id='word_1_173' title='bbox 465 1806 560 1849; x_wconf 90' lang='lat' dir='ltr'>sine</span> <span class='ocrx_word' id='word_1_174' title='bbox 580 1808 689 1849; x_wconf 89' lang='lat' dir='ltr'>nota</span> <span class='ocrx_word' id='word_1_175' title='bbox 709 1806 879 1857; x_wconf 90' lang='lat' dir='ltr'>eicitur,</span> <span class='ocrx_word' id='word_1_176' title='bbox 900 1806 938 1849; x_wconf 91' lang='lat' dir='ltr'>si</span> <span class='ocrx_word' id='word_1_177' title='bbox 958 1820 1040 1850; x_wconf 89' lang='lat' dir='ltr'>sua</span> <span class='ocrx_word' id='word_1_178' title='bbox 1061 1806 1342 1863; x_wconf 88' lang='lat' dir='ltr'>turpitudine</span> <span class='ocrx_word' id='word_1_179' title='bbox 1363 1806 1583 1850; x_wconf 84' lang='lat' dir='ltr'>deformet</span> <span class='ocrx_word' id='word_1_180' title='bbox 1602 1821 1704 1851; x_wconf 87' lang='lat' dir='ltr'>con-</span> 
     </span>
     <span class='ocr_line' id='line_1_23' title="bbox 226 1875 1707 1933; baseline 0.001 -14"><span class='ocrx_word' id='word_1_181' title='bbox 226 1876 415 1920; x_wconf 92' lang='lat' dir='ltr'>uiuium.</span> <span class='ocrx_word' id='word_1_182' title='bbox 477 1876 708 1933; x_wconf 89' lang='lat' dir='ltr'>Siquidem</span> <span class='ocrx_word' id='word_1_183' title='bbox 730 1878 775 1919; x_wconf 91' lang='lat' dir='ltr'>et</span> <span class='ocrx_word' id='word_1_184' title='bbox 794 1876 870 1918; x_wconf 91' lang='lat' dir='ltr'>ille</span> <span class='ocrx_word' id='word_1_185' title='bbox 886 1876 1052 1919; x_wconf 88' lang='lat' dir='ltr'>eiectus</span> <span class='ocrx_word' id='word_1_186' title='bbox 1068 1878 1136 1919; x_wconf 90' lang='lat' dir='ltr'>est</span> <span class='ocrx_word' id='word_1_187' title='bbox 1152 1875 1228 1932; x_wconf 90' lang='lat' dir='ltr'>qui</span> <span class='ocrx_word' id='word_1_188' title='bbox 1244 1879 1416 1918; x_wconf 89' lang='lat' dir='ltr'>uestem</span> <span class='ocrx_word' id='word_1_189' title='bbox 1436 1891 1526 1919; x_wconf 90' lang='lat' dir='ltr'>non</span> <span class='ocrx_word' id='word_1_190' title='bbox 1546 1876 1707 1921; x_wconf 88' lang='lat' dir='ltr'>habuit</span> 
     </span>
     <span class='ocr_line' id='line_1_24' title="bbox 226 1946 1706 2003; baseline 0.001 -15"><span class='ocrx_word' id='word_1_191' title='bbox 226 1946 486 2003; x_wconf 89' lang='lat' dir='ltr'>nuptialem.</span> <span class='ocrx_word' id='word_1_192' title='bbox 533 1946 655 1989; x_wconf 86' lang='lat' dir='ltr'>Haec</span> <span class='ocrx_word' id='word_1_193' title='bbox 670 1949 834 1999; x_wconf 91' lang='lat' dir='ltr'>autem,</span> <span class='ocrx_word' id='word_1_194' title='bbox 847 1946 951 1989; x_wconf 90' lang='lat' dir='ltr'>licet</span> <span class='ocrx_word' id='word_1_195' title='bbox 966 1946 1191 1989; x_wconf 86' lang='lat' dir='ltr'>misticum</span> <span class='ocrx_word' id='word_1_196' title='bbox 1207 1946 1402 1989; x_wconf 88' lang='lat' dir='ltr'>habeant</span> <span class='ocrx_word' id='word_1_197' title='bbox 1417 1946 1706 1999; x_wconf 87' lang='lat' dir='ltr'>intellectum,</span> 
     </span>
     <span class='ocr_line' id='line_1_25' title="bbox 226 2015 1704 2073; baseline 0.002 -16"><span class='ocrx_word' id='word_1_198' title='bbox 226 2015 541 2059; x_wconf 91' lang='lat' dir='ltr'>nichilominus</span> <span class='ocrx_word' id='word_1_199' title='bbox 571 2016 619 2058; x_wconf 92' lang='lat' dir='ltr'>in</span> <span class='ocrx_word' id='word_1_200' title='bbox 648 2015 746 2073; x_wconf 86' lang='lat' dir='ltr'>ipsa</span> <span class='ocrx_word' id='word_1_201' title='bbox 773 2015 1004 2073; x_wconf 88' lang='lat' dir='ltr'>superficie</span> <span class='ocrx_word' id='word_1_202' title='bbox 1031 2015 1264 2059; x_wconf 89' lang='lat' dir='ltr'>ciuilitatis</span> <span class='ocrx_word' id='word_1_203' title='bbox 1292 2015 1554 2072; x_wconf 85' lang='lat' dir='ltr'>praeferunt</span> <span class='ocrx_word' id='word_1_204' title='bbox 1583 2016 1704 2060; x_wconf 86' lang='lat' dir='ltr'>rudi-</span> 
     </span>
     <span class='ocr_line' id='line_1_26' title="bbox 226 2085 1767 2142; baseline -0.001 -15"><span class='ocrx_word' id='word_1_205' title='bbox 226 2088 391 2128; x_wconf 89' lang='lat' dir='ltr'>menta.</span> <span class='ocrx_word' id='word_1_206' title='bbox 451 2085 570 2128; x_wconf 90' lang='lat' dir='ltr'>Nam</span> <span class='ocrx_word' id='word_1_207' title='bbox 600 2087 646 2128; x_wconf 91' lang='lat' dir='ltr'>et</span> <span class='ocrx_word' id='word_1_208' title='bbox 675 2085 788 2128; x_wconf 92' lang='lat' dir='ltr'>illud</span> <span class='ocrx_word' id='word_1_209' title='bbox 818 2085 998 2142; x_wconf 90' lang='lat' dir='ltr'>quidem</span> <span class='ocrx_word' id='word_1_210' title='bbox 1028 2085 1221 2128; x_wconf 88' lang='lat' dir='ltr'>fideliter</span> <span class='ocrx_word' id='word_1_211' title='bbox 1252 2087 1382 2128; x_wconf 86' lang='lat' dir='ltr'>sonat</span> <span class='ocrx_word' id='word_1_212' title='bbox 1414 2085 1471 2128; x_wconf 91' lang='lat' dir='ltr'>ad</span> <span class='ocrx_word' id='word_1_213' title='bbox 1506 2085 1705 2129; x_wconf 86' lang='lat' dir='ltr'>litteram</span> <span class='ocrx_word' id='word_1_214' title='bbox 1725 2101 1741 2125; x_wconf 78' lang='lat'>2</span> <span class='ocrx_word' id='word_1_215' title='bbox 1747 2101 1767 2136; x_wconf 88' lang='lat'>5</span> 
     </span>
     <span class='ocr_line' id='line_1_27' title="bbox 227 2153 1705 2212; baseline 0.001 -15"><span class='ocrx_word' id='word_1_216' title='bbox 227 2155 346 2211; x_wconf 91' lang='lat' dir='ltr'>quod</span> <span class='ocrx_word' id='word_1_217' title='bbox 376 2154 617 2212; x_wconf 91' lang='lat' dir='ltr'>Apostolus</span> <span class='ocrx_word' id='word_1_218' title='bbox 642 2154 881 2212; x_wconf 88' lang='lat' dir='ltr'>praecipit:</span> <span class='ocrx_word' id='word_1_219' title='bbox 912 2154 962 2198; x_wconf 82' lang='lat' dir='ltr'>Si</span> <span class='ocrx_word' id='word_1_220' title='bbox 990 2154 1090 2211; x_wconf 90' lang='lat' dir='ltr'>quis</span> <span class='ocrx_word' id='word_1_221' title='bbox 1114 2154 1257 2198; x_wconf 77' lang='lat' dir='ltr'>frater</span> <span class='ocrx_word' id='word_1_222' title='bbox 1284 2154 1544 2197; x_wconf 90' lang='lat' dir='ltr'>nominatur</span> <span class='ocrx_word' id='word_1_223' title='bbox 1566 2153 1705 2198; x_wconf 85' lang='lat' dir='ltr'>forni-</span> 
     </span>
     <span class='ocr_line' id='line_1_28' title="bbox 225 2224 1707 2275; baseline 0 -7"><span class='ocrx_word' id='word_1_224' title='bbox 225 2228 350 2269; x_wconf 88' lang='lat' dir='ltr'>cator</span> <span class='ocrx_word' id='word_1_225' title='bbox 365 2228 446 2268; x_wconf 91' lang='lat' dir='ltr'>aut</span> <span class='ocrx_word' id='word_1_226' title='bbox 460 2240 625 2268; x_wconf 87' lang='lat' dir='ltr'>auarus</span> <span class='ocrx_word' id='word_1_227' title='bbox 640 2228 722 2268; x_wconf 89' lang='lat' dir='ltr'>aut</span> <span class='ocrx_word' id='word_1_228' title='bbox 736 2225 867 2268; x_wconf 87' lang='lat' dir='ltr'>idolis</span> <span class='ocrx_word' id='word_1_229' title='bbox 882 2225 1092 2275; x_wconf 86' lang='lat' dir='ltr'>seruiens,</span> <span class='ocrx_word' id='word_1_230' title='bbox 1108 2239 1209 2268; x_wconf 91' lang='lat' dir='ltr'>cum</span> <span class='ocrx_word' id='word_1_231' title='bbox 1230 2224 1446 2268; x_wconf 90' lang='lat' dir='ltr'>eiusmodi</span> <span class='ocrx_word' id='word_1_232' title='bbox 1462 2239 1542 2268; x_wconf 91' lang='lat' dir='ltr'>nec</span> <span class='ocrx_word' id='word_1_233' title='bbox 1557 2224 1707 2268; x_wconf 91' lang='lat' dir='ltr'>cibum</span> 
     </span>
     <span class='ocr_line' id='line_1_29' title="bbox 226 2294 1707 2352; baseline 0.001 -16"><span class='ocrx_word' id='word_1_234' title='bbox 226 2308 412 2338; x_wconf 90' lang='lat' dir='ltr'>sumere.</span> <span class='ocrx_word' id='word_1_235' title='bbox 470 2294 544 2337; x_wconf 91' lang='lat' dir='ltr'>Ad</span> <span class='ocrx_word' id='word_1_236' title='bbox 564 2295 646 2338; x_wconf 92' lang='lat' dir='ltr'>hoc</span> <span class='ocrx_word' id='word_1_237' title='bbox 674 2309 780 2352; x_wconf 87' lang='lat' dir='ltr'>ergo</span> <span class='ocrx_word' id='word_1_238' title='bbox 807 2297 875 2337; x_wconf 89' lang='lat' dir='ltr'>est</span> <span class='ocrx_word' id='word_1_239' title='bbox 900 2294 1074 2337; x_wconf 88' lang='lat' dir='ltr'>liberali</span> <span class='ocrx_word' id='word_1_240' title='bbox 1102 2294 1254 2337; x_wconf 93' lang='lat' dir='ltr'>domui</span> <span class='ocrx_word' id='word_1_241' title='bbox 1278 2294 1413 2338; x_wconf 88' lang='lat' dir='ltr'>ianua</span> <span class='ocrx_word' id='word_1_242' title='bbox 1440 2297 1494 2338; x_wconf 94' lang='lat' dir='ltr'>ut</span> <span class='ocrx_word' id='word_1_243' title='bbox 1518 2294 1707 2338; x_wconf 87' lang='lat' dir='ltr'>lasciuos</span> 
     </span>
     <span class='ocr_line' id='line_1_30' title="bbox 226 2363 1706 2409; baseline 0.001 -3"><span class='ocrx_word' id='word_1_244' title='bbox 226 2363 485 2407; x_wconf 87' lang='lat' dir='ltr'>criminosos</span> <span class='ocrx_word' id='word_1_245' title='bbox 511 2367 558 2407; x_wconf 89' lang='lat' dir='ltr'>et</span> <span class='ocrx_word' id='word_1_246' title='bbox 583 2363 775 2408; x_wconf 87' lang='lat' dir='ltr'>infames</span> <span class='ocrx_word' id='word_1_247' title='bbox 800 2364 1020 2409; x_wconf 84' lang='lat' dir='ltr'>excludat.</span> <span class='ocrx_word' id='word_1_248' title='bbox 1092 2364 1166 2408; x_wconf 89' lang='lat' dir='ltr'>Ad</span> <span class='ocrx_word' id='word_1_249' title='bbox 1193 2364 1276 2408; x_wconf 90' lang='lat' dir='ltr'>hoc</span> <span class='ocrx_word' id='word_1_250' title='bbox 1304 2364 1541 2408; x_wconf 89' lang='lat' dir='ltr'>ianitorem</span> <span class='ocrx_word' id='word_1_251' title='bbox 1567 2364 1706 2408; x_wconf 89' lang='lat' dir='ltr'>habet</span> 
     </span>
    </p>
   </div>
   <div class='ocr_carea' id='block_1_3' title="bbox 225 2483 1704 2579">
    <p class='ocr_par' dir='ltr' id='par_1_6' title="bbox 225 2483 1704 2579">
     <span class='ocr_line' id='line_1_31' title="bbox 228 2483 1704 2534; baseline 0.003 -15"><span class='ocrx_word' id='word_1_252' title='bbox 228 2493 248 2529; x_wconf 95' lang='lat'><em>7</em></span> <span class='ocrx_word' id='word_1_253' title='bbox 275 2483 534 2532; x_wconf 84' lang='lat' dir='ltr'>ualnifragam</span> <span class='ocrx_word' id='word_1_254' title='bbox 551 2484 600 2519; x_wconf 73' lang='lat' dir='ltr'>A&#39;</span> <span class='ocrx_word' id='word_1_255' title='bbox 735 2493 776 2532; x_wconf 85' lang='lat'>15</span> <span class='ocrx_word' id='word_1_256' title='bbox 802 2484 928 2522; x_wconf 85' lang='lat' dir='ltr'>hostia</span> <span class='ocrx_word' id='word_1_257' title='bbox 943 2484 1047 2522; x_wconf 81' lang='lat' dir='ltr'>CA¹S</span> <span class='ocrx_word' id='word_1_258' title='bbox 1181 2496 1224 2533; x_wconf 90' lang='lat'>19</span> <span class='ocrx_word' id='word_1_259' title='bbox 1250 2484 1356 2533; x_wconf 89' lang='lat' dir='ltr'>quia]</span> <span class='ocrx_word' id='word_1_260' title='bbox 1375 2486 1476 2532; x_wconf 88' lang='lat' dir='ltr'>quod</span> <span class='ocrx_word' id='word_1_261' title='bbox 1489 2485 1530 2522; x_wconf 84' lang='lat' dir='ltr'>M</span> <span class='ocrx_word' id='word_1_262' title='bbox 1658 2495 1704 2534; x_wconf 81' lang='lat'>27</span> 
     </span>
     <span class='ocr_line' id='line_1_32' title="bbox 225 2531 740 2579; baseline 0.002 -12"><span class='ocrx_word' id='word_1_263' title='bbox 225 2531 347 2578; x_wconf 81' lang='lat' dir='ltr'>ydolis</span> <span class='ocrx_word' id='word_1_264' title='bbox 364 2532 404 2567; x_wconf 90' lang='lat' dir='ltr'>M</span> <span class='ocrx_word' id='word_1_265' title='bbox 548 2542 594 2579; x_wconf 87' lang='lat'>29</span> <span class='ocrx_word' id='word_1_266' title='bbox 618 2531 689 2569; x_wconf 88' lang='lat' dir='ltr'>hec</span> <span class='ocrx_word' id='word_1_267' title='bbox 706 2532 740 2568; x_wconf 92' lang='lat' dir='ltr'>A</span> 
     </span>
    </p>
   </div>
   <div class='ocr_carea' id='block_1_4' title="bbox 222 2641 1705 3014">
    <p class='ocr_par' dir='ltr' id='par_1_7' title="bbox 222 2641 1705 2972">
     <span class='ocr_line' id='line_1_33' title="bbox 275 2641 1704 2690; baseline 0.002 -13"><span class='ocrx_word' id='word_1_268' title='bbox 275 2652 296 2687; x_wconf 91' lang='lat'>3</span> <span class='ocrx_word' id='word_1_269' title='bbox 325 2643 450 2678; x_wconf 73' lang='lat' dir='ltr'>Omnis</span> <span class='ocrx_word' id='word_1_270' title='bbox 467 2643 537 2679; x_wconf 90' lang='lat' dir='ltr'>etc.</span> <span class='ocrx_word' id='word_1_271' title='bbox 553 2654 562 2679; x_wconf 91' lang='lat'><strong>:</strong></span> <span class='ocrx_word' id='word_1_272' title='bbox 590 2642 676 2679; x_wconf 89' lang='lat' dir='ltr'>Luc.</span> <span class='ocrx_word' id='word_1_273' title='bbox 692 2641 769 2681; x_wconf 84' lang='lat' dir='ltr'>xiv.</span> <span class='ocrx_word' id='word_1_274' title='bbox 791 2652 845 2678; x_wconf 89' lang='lat'>11.</span> <span class='ocrx_word' id='word_1_275' title='bbox 1031 2651 1052 2687; x_wconf 95' lang='lat'><strong><em>7</em></strong></span> <span class='ocrx_word' id='word_1_276' title='bbox 1078 2644 1356 2690; x_wconf 60' lang='lat' dir='ltr'>ualuifrayam:</span> <span class='ocrx_word' id='word_1_277' title='bbox 1382 2656 1413 2679; x_wconf 93' lang='lat' dir='ltr'>v.</span> <span class='ocrx_word' id='word_1_278' title='bbox 1433 2655 1548 2690; x_wconf 85' lang='lat' dir='ltr'>supra</span> <span class='ocrx_word' id='word_1_279' title='bbox 1564 2643 1614 2680; x_wconf 87' lang='lat' dir='ltr'>ad</span> <span class='ocrx_word' id='word_1_280' title='bbox 1630 2654 1664 2680; x_wconf 91' lang='lat' dir='ltr'>c.</span> <span class='ocrx_word' id='word_1_281' title='bbox 1682 2650 1704 2688; x_wconf 89' lang='grc'><strong><em>7</em></strong></span> 
     </span>
     <span class='ocr_line' id='line_1_34' title="bbox 228 2689 1705 2738; baseline 0.001 -13"><span class='ocrx_word' id='word_1_282' title='bbox 228 2689 310 2735; x_wconf 90' lang='lat'>(731</span> <span class='ocrx_word' id='word_1_283' title='bbox 325 2689 382 2736; x_wconf 85' lang='lat' dir='ltr'>D).</span> <span class='ocrx_word' id='word_1_284' title='bbox 526 2692 711 2726; x_wconf 79' lang='lat' dir='ltr'>admittit:</span> <span class='ocrx_word' id='word_1_285' title='bbox 736 2701 785 2726; x_wconf 81' lang='lat' dir='ltr'>sc.</span> <span class='ocrx_word' id='word_1_286' title='bbox 806 2689 977 2726; x_wconf 85' lang='lat' dir='ltr'>Christus</span> <span class='ocrx_word' id='word_1_287' title='bbox 993 2690 1060 2726; x_wconf 88' lang='lat' dir='ltr'>sub</span> <span class='ocrx_word' id='word_1_288' title='bbox 1077 2702 1237 2738; x_wconf 86' lang='lat' dir='ltr'>persona</span> <span class='ocrx_word' id='word_1_289' title='bbox 1259 2691 1423 2738; x_wconf 86' lang='lat' dir='ltr'>hospitis</span> <span class='ocrx_word' id='word_1_290' title='bbox 1445 2690 1487 2727; x_wconf 92' lang='lat' dir='ltr'>in</span> <span class='ocrx_word' id='word_1_291' title='bbox 1512 2689 1705 2737; x_wconf 80' lang='lat' dir='ltr'>parabolis</span> 
     </span>
     <span class='ocr_line' id='line_1_35' title="bbox 227 2736 1704 2786; baseline 0.001 -13"><span class='ocrx_word' id='word_1_292' title='bbox 227 2736 314 2773; x_wconf 77' lang='lat' dir='ltr'>suis.</span> <span class='ocrx_word' id='word_1_293' title='bbox 459 2747 482 2783; x_wconf 91' lang='lat'>9</span> <span class='ocrx_word' id='word_1_294' title='bbox 510 2739 628 2773; x_wconf 77' lang='lat' dir='ltr'>Tauri</span> <span class='ocrx_word' id='word_1_295' title='bbox 643 2739 714 2775; x_wconf 85' lang='lat' dir='ltr'>etc.</span> <span class='ocrx_word' id='word_1_296' title='bbox 731 2751 740 2774; x_wconf 89' lang='lat'>:</span> <span class='ocrx_word' id='word_1_297' title='bbox 767 2737 877 2774; x_wconf 82' lang='lat' dir='ltr'>Matt.</span> <span class='ocrx_word' id='word_1_298' title='bbox 894 2737 985 2774; x_wconf 85' lang='lat' dir='ltr'>xxii.</span> <span class='ocrx_word' id='word_1_299' title='bbox 1003 2749 1039 2783; x_wconf 90' lang='lat'>4.</span> <span class='ocrx_word' id='word_1_300' title='bbox 1188 2749 1232 2775; x_wconf 92' lang='lat'>10</span> <span class='ocrx_word' id='word_1_301' title='bbox 1255 2741 1422 2775; x_wconf 78' lang='lat' dir='ltr'>redeunti</span> <span class='ocrx_word' id='word_1_302' title='bbox 1433 2741 1588 2786; x_wconf 75' lang='lat' dir='ltr'>prodiyo</span> <span class='ocrx_word' id='word_1_303' title='bbox 1604 2741 1677 2776; x_wconf 85' lang='lat' dir='ltr'>etc.</span> <span class='ocrx_word' id='word_1_304' title='bbox 1693 2750 1704 2775; x_wconf 76' lang='lat' dir='ltr'><strong><em>z</em></strong></span> 
     </span>
     <span class='ocr_line' id='line_1_36' title="bbox 225 2784 1702 2832; baseline 0.002 -12"><span class='ocrx_word' id='word_1_305' title='bbox 225 2797 262 2820; x_wconf 86' lang='lat' dir='ltr'>v.</span> <span class='ocrx_word' id='word_1_306' title='bbox 280 2784 367 2820; x_wconf 88' lang='lat' dir='ltr'>Luc.</span> <span class='ocrx_word' id='word_1_307' title='bbox 387 2796 445 2820; x_wconf 78' lang='lat' dir='ltr'>xv,</span> <span class='ocrx_word' id='word_1_308' title='bbox 463 2795 508 2820; x_wconf 85' lang='lat'>22</span> <span class='ocrx_word' id='word_1_309' title='bbox 527 2797 629 2831; x_wconf 85' lang='lat' dir='ltr'>seqq.</span> <span class='ocrx_word' id='word_1_310' title='bbox 766 2786 808 2821; x_wconf 92' lang='lat'>16</span> <span class='ocrx_word' id='word_1_311' title='bbox 824 2787 958 2831; x_wconf 81' lang='lat' dir='ltr'>fatuae</span> <span class='ocrx_word' id='word_1_312' title='bbox 975 2787 1071 2822; x_wconf 86' lang='lat' dir='ltr'>etc.:</span> <span class='ocrx_word' id='word_1_313' title='bbox 1097 2797 1131 2823; x_wconf 90' lang='lat' dir='ltr'>v.</span> <span class='ocrx_word' id='word_1_314' title='bbox 1149 2786 1259 2823; x_wconf 85' lang='lat' dir='ltr'>Matt.</span> <span class='ocrx_word' id='word_1_315' title='bbox 1279 2798 1360 2823; x_wconf 85' lang='lat' dir='ltr'>xxv.</span> <span class='ocrx_word' id='word_1_316' title='bbox 1384 2798 1511 2832; x_wconf 81' lang='lat' dir='ltr'>lseqq.</span> <span class='ocrx_word' id='word_1_317' title='bbox 1659 2794 1702 2830; x_wconf 92' lang='lat'>17</span> 
     </span>
     <span class='ocr_line' id='line_1_37' title="bbox 222 2832 1702 2880; baseline 0.003 -14"><span class='ocrx_word' id='word_1_318' title='bbox 222 2833 371 2878; x_wconf 82' lang='lat' dir='ltr'>pulsent</span> <span class='ocrx_word' id='word_1_319' title='bbox 386 2833 435 2867; x_wconf 89' lang='lat' dir='ltr'>ad</span> <span class='ocrx_word' id='word_1_320' title='bbox 450 2834 626 2870; x_wconf 80' lang='lat' dir='ltr'>ianuam:</span> <span class='ocrx_word' id='word_1_321' title='bbox 651 2845 687 2870; x_wconf 89' lang='lat' dir='ltr'>v.</span> <span class='ocrx_word' id='word_1_322' title='bbox 706 2844 821 2879; x_wconf 84' lang='lat' dir='ltr'>supra</span> <span class='ocrx_word' id='word_1_323' title='bbox 838 2833 887 2869; x_wconf 84' lang='lat' dir='ltr'>ad</span> <span class='ocrx_word' id='word_1_324' title='bbox 906 2845 936 2870; x_wconf 90' lang='lat' dir='ltr'>v.</span> <span class='ocrx_word' id='word_1_325' title='bbox 956 2844 979 2878; x_wconf 94' lang='lat'><strong>9</strong></span> <span class='ocrx_word' id='word_1_326' title='bbox 995 2833 1139 2879; x_wconf 79' lang='lat' dir='ltr'><strong>(561A).</strong></span> <span class='ocrx_word' id='word_1_327' title='bbox 1283 2845 1330 2870; x_wconf 92' lang='lat'>20</span> <span class='ocrx_word' id='word_1_328' title='bbox 1354 2836 1501 2880; x_wconf 69' lang='lat' dir='ltr'>turpius</span> <span class='ocrx_word' id='word_1_329' title='bbox 1516 2835 1610 2871; x_wconf 64' lang='lat' dir='ltr'>eta:</span> <span class='ocrx_word' id='word_1_330' title='bbox 1635 2832 1702 2870; x_wconf 86' lang='lat' dir='ltr'>Ov.</span> 
     </span>
     <span class='ocr_line' id='line_1_38' title="bbox 230 2880 1702 2928; baseline 0.003 -15"><span class='ocrx_word' id='word_1_331' title='bbox 230 2880 341 2914; x_wconf 80' lang='lat' dir='ltr'>Trist.</span> <span class='ocrx_word' id='word_1_332' title='bbox 360 2891 393 2914; x_wconf 87' lang='lat' dir='ltr'>v.</span> <span class='ocrx_word' id='word_1_333' title='bbox 412 2880 447 2915; x_wconf 89' lang='lat'>6.</span> <span class='ocrx_word' id='word_1_334' title='bbox 469 2890 521 2925; x_wconf 91' lang='lat'>13.</span> <span class='ocrx_word' id='word_1_335' title='bbox 762 2891 806 2916; x_wconf 89' lang='lat'>22</span> <span class='ocrx_word' id='word_1_336' title='bbox 832 2881 1017 2928; x_wconf 76' lang='lat' dir='ltr'>Siquidem</span> <span class='ocrx_word' id='word_1_337' title='bbox 1032 2887 1065 2918; x_wconf 81' lang='lat' dir='ltr'>et</span> <span class='ocrx_word' id='word_1_338' title='bbox 1082 2883 1145 2917; x_wconf 85' lang='lat' dir='ltr'>ille</span> <span class='ocrx_word' id='word_1_339' title='bbox 1162 2883 1254 2919; x_wconf 86' lang='lat' dir='ltr'>etc.:</span> <span class='ocrx_word' id='word_1_340' title='bbox 1281 2894 1313 2919; x_wconf 88' lang='lat' dir='ltr'>v.</span> <span class='ocrx_word' id='word_1_341' title='bbox 1333 2881 1446 2921; x_wconf 83' lang='lat' dir='ltr'>Matt.</span> <span class='ocrx_word' id='word_1_342' title='bbox 1462 2880 1554 2918; x_wconf 85' lang='lat' dir='ltr'>xxii.</span> <span class='ocrx_word' id='word_1_343' title='bbox 1574 2890 1702 2927; x_wconf 85' lang='lat'>11-13.</span> 
     </span>
     <span class='ocr_line' id='line_1_39' title="bbox 227 2927 953 2972; baseline 0.006 -10"><span class='ocrx_word' id='word_1_344' title='bbox 227 2927 274 2963; x_wconf 88' lang='lat'>26</span> <span class='ocrx_word' id='word_1_345' title='bbox 299 2927 341 2962; x_wconf 79' lang='lat' dir='ltr'>Si</span> <span class='ocrx_word' id='word_1_346' title='bbox 356 2927 437 2971; x_wconf 81' lang='lat' dir='ltr'>quis</span> <span class='ocrx_word' id='word_1_347' title='bbox 443 2929 570 2972; x_wconf 84' lang='lat' dir='ltr'>frater</span> <span class='ocrx_word' id='word_1_348' title='bbox 583 2930 654 2965; x_wconf 86' lang='lat' dir='ltr'>etc.</span> <span class='ocrx_word' id='word_1_349' title='bbox 670 2940 679 2964; x_wconf 75' lang='lat' dir='ltr'><strong><em>z</em></strong></span> <span class='ocrx_word' id='word_1_350' title='bbox 708 2938 723 2966; x_wconf 94' lang='lat'>1</span> <span class='ocrx_word' id='word_1_351' title='bbox 744 2928 829 2966; x_wconf 83' lang='lat' dir='ltr'>Cor.</span> <span class='ocrx_word' id='word_1_352' title='bbox 846 2940 878 2966; x_wconf 86' lang='lat' dir='ltr'>v.</span> <span class='ocrx_word' id='word_1_353' title='bbox 898 2938 953 2966; x_wconf 87' lang='lat'>11.</span> 
     </span>
    </p>

    <p class='ocr_par' dir='ltr' id='par_1_8' title="bbox 339 2981 405 3014">
     <span class='ocr_line' id='line_1_40' title="bbox 339 2981 405 3014; baseline 0 0"><span class='ocrx_word' id='word_1_354' title='bbox 339 2981 405 3014; x_wconf 84' lang='lat'>280</span> 
     </span>
    </p>
   </div>
  </div>
 </body>
</html>
