1846 3262
117 250 219 286 ou.
233 238 287 302 x]
628 242 1031 290 POLICRATIGV
1032 244 1066 289 S
1604 248 1687 299 748
1706 258 1737 288 a

116 361 270 404 tamen
289 361 433 405 tutius
452 362 513 406 sit
532 361 689 421 fugere
708 366 755 407 et
780 363 902 407 illius
927 363 1147 408 declinare
1166 364 1431 408 conflictum.
1491 364 1587 409 Nee

117 429 300 474 memini
330 446 596 489 quemquam
626 447 695 476 me
725 433 947 477 inuenisse
977 433 1032 477 de
1061 434 1425 491 prouocatoribus
1452 434 1584 478 uolu-

116 503 295 557 ptatum
334 516 466 558 quem
498 517 587 545 non
621 502 804 560 legerim
840 503 1057 547 cecidisse.
1118 503 1183 547 Eo
1222 503 1340 548 forte
1380 507 1585 562 spectant

115 569 331 627 figmenta
366 572 551 628 poetica,
591 587 703 629 quae
742 573 868 631 orgia
907 574 1001 616 sine
1040 573 1191 617 furore
1230 577 1456 618 transacta
1494 589 1584 617 non
1599 577 1630 616 b

78 658 98 692 5
115 640 318 684 recolunt
346 655 428 686 nee
458 642 723 686 erubeseunt
752 657 878 686 sacra
907 643 1046 686 Baehi
1074 658 1229 687 eruore
1258 644 1508 701 parricidiis
1540 647 1587 687 et

115 709 438 767 multiplicibus
455 712 638 769 flagitiis
657 712 888 756 maculare.
949 713 1030 756 Est
1053 717 1282 770 praeterea
1301 714 1349 756 in
1369 714 1588 758 conuiuiis

115 778 442 823 obseruandum
471 784 526 824 ut
552 781 839 825 instruendae
871 781 1068 826 familiae
1100 786 1147 826 et
1180 783 1338 827 domus
1368 783 1588 841 regendae

114 862 222 893 eura
247 852 296 893 et
316 850 492 894 seruilis
517 851 716 908 obsequii
742 852 986 895 moderatio
1015 852 1094 895 uni
1122 852 1255 896 alicui
1283 853 1587 905 demandetur,

116 932 173 962 ne
202 919 312 976 quid
340 919 544 977 ineptum
573 924 620 964 et
648 921 918 978 imparatum
944 925 1170 978 appareat,
1190 937 1246 965 ne
1272 923 1381 979 quid
1408 926 1587 980 stupen-

56 1007 99 1033 ιο
115 987 225 1032 dum
252 992 335 1032 aut
355 990 702 1034 erubeseendum
725 994 934 1048 emergat,
959 1006 1017 1034 ne
1043 991 1271 1034 dominum
1302 995 1506 1049 oporteat
1527 993 1587 1036 ad

115 1070 164 1102 se
193 1058 488 1116 gerendorum
522 1073 730 1103 reuocare
768 1059 1111 1103 sollicitudinem
1150 1062 1208 1110 et,
1243 1063 1296 1103 ut
1334 1061 1422 1104 diei
1461 1062 1587 1115 solet,

115 1127 243 1206 quasi
271 1128 319 1170 in
347 1129 545 1171 humeris
572 1131 750 1186 portare
773 1129 996 1172 conuiuas.
1055 1129 1182 1173 Vitet
1211 1130 1348 1173 etiam
1377 1131 1455 1188 qui
1484 1146 1585 1175 eon-

113 1197 223 1241 uiua
236 1198 372 1242 comis
390 1213 484 1242 esse
499 1198 693 1241 uoluerit
710 1198 973 1242 consiliandi
988 1199 1352 1243 consuetudinem
1371 1201 1587 1279 uerbique

112 1267 270 1311 sem-eti
308 1266 502 1311 faciendi
545 1282 726 1319 morem,
755 1283 808 1312 eo
846 1268 966 1325 quod
996 1268 1045 1311 in
1077 1269 1308 1320 conuiuiis,
1342 1269 1390 1312 id
1430 1273 1500 1313 est
1536 1271 1586 1314 in

54 1355 96 1390 ¹⁵
113 1336 302 1381 iocando
330 1339 573 1382 amicorum
608 1338 945 1382 conuiuantium
974 1341 1088 1389 eetu,
1117 1338 1283 1382 debent
1310 1339 1471 1382 omnia·
1491 1354 1586 1383 esse

114 1406 249 1458 nuda,
260 1410 307 1451 et
325 1407 374 1450 in
393 1422 544 1450 amore
561 1410 609 1450 et
629 1407 717 1451 fide
741 1407 881 1451 nichil
900 1407 1034 1451 debet
1053 1422 1146 1451 esse
1165 1408 1475 1452 absconditum
1494 1410 1584 1462 sed,

112 1476 152 1520 si
177 1477 275 1520 fieri
303 1480 463 1534 posset,
481 1477 631 1521 oeulos
659 1477 708 1520 in
730 1480 910 1535 pectora
937 1492 1021 1521 sua
1048 1477 1241 1521 inuicem
1263 1481 1422 1521 mutuo
1441 1482 1584 1522 trans-
1601 1491 1627 1521 c

110 1545 230 1590 ferre
248 1550 496 1604 eonspeetu.
554 1547 720 1591 Nullus
738 1547 857 1590 enim
876 1547 998 1591 loeus
1024 1548 1264 1592 actitandis
1282 1548 1478 1592 consiliis
1503 1552 1586 1593 aut

111 1615 193 1660 uix
221 1616 341 1660 ullus
368 1617 563 1674 ineptior
589 1621 669 1670 est,
691 1618 911 1675 siquidem
940 1618 1079 1661 uerba
1107 1621 1276 1662 secreta
1303 1618 1449 1662 solent
1476 1619 1584 1662 assi-

51 1706 96 1731 20
112 1686 323 1730 dentibus
352 1688 544 1731 exclusis
571 1703 666 1732 esse
703 1688 890 1732 molesta
902 1702 913 1741 ;
951 1703 1056 1731 nam
1090 1688 1188 1745 ipsa
1217 1688 1412 1732 exclusio
1446 1689 1584 1733 habet

112 1756 355 1815 imaginem
372 1757 660 1803 diffidentiae.
716 1757 806 1802 Sed
835 1762 881 1802 et
909 1758 959 1801 in
976 1758 1048 1801 his
1068 1772 1182 1815 quae
1208 1757 1357 1815 palam
1377 1758 1584 1802 dicentur

109 1826 303 1871 fideliter
320 1828 629 1884 exequendum
654 1828 742 1872 erit
764 1828 884 1885 quod
906 1828 955 1871 in
983 1828 1128 1885 primo
1146 1828 1261 1871 libro
1288 1828 1344 1871 de
1364 1828 1585 1886 Analogia

94 1896 294 1954 scripsit
324 1897 464 1941 Gaius
489 1897 705 1942 Claudius
726 1897 901 1948 Caesar,
919 1897 994 1940 uir
1015 1897 1272 1940 excellentis
1292 1897 1462 1955 ingenii
1489 1913 1584 1941 ma-

112 1980 314 2024 gnaeque
325 1967 599 2024 prudentiae.
647 1967 730 2010 Ait
747 1967 890 2011 enim:
909 1966 1155 2023 Tamquam
1174 1967 1403 2023 scopulum
1418 1971 1584 2012 nautae

52 2051 96 2086 ²5
113 2035 311 2095 fugiunt,
325 2037 388 2080 sie
399 2036 664 2095 fugiendum
678 2039 748 2080 est
758 2035 1018 2093 infrequens
1030 2039 1164 2093 atque
1175 2036 1369 2079 insolens
1381 2037 1582 2083 uerbum.

112 2105 173 2149 Et
202 2106 380 2163 quidem
403 2121 639 2150 numerum
664 2106 955 2150 conuiuarum
986 2109 1299 2163 expresserunt
1326 2107 1502 2163 antiqui
1529 2110 1585 2151 ut

109 2190 192 2219 nee
204 2175 433 2233 pauciores
447 2178 594 2219 essent
607 2190 742 2232 quam
755 2175 948 2226 Gratiae,
961 2189 1074 2232 quae
1087 2174 1359 2218 clauduntur
1373 2176 1582 2227 ternario,

109 2259 191 2288 nee
228 2245 379 2303 plures
417 2259 552 2302 quam
594 2245 761 2297 Musae,
798 2244 846 2288 id
885 2248 953 2288 est
995 2259 1167 2294 nouem,
1201 2247 1282 2287 aut
1319 2244 1368 2286 in
1406 2259 1581 2288 summa

109 2313 368 2359 Gratiarum
382 2317 431 2358 et
442 2314 673 2358 Musarum
688 2314 918 2372 explerent
928 2328 1174 2367 numerum,
1188 2313 1246 2356 ad
1257 2313 1579 2358 duodenarium
1594 2319 1624 2361 <1

49 2403 95 2437 ³0
110 2383 408 2427 ascendentes.
466 2383 678 2441 Optinuit
702 2386 854 2427 tamen
879 2383 999 2441 apud
1026 2397 1099 2426 eos
1119 2383 1196 2440 qui
1219 2383 1383 2426 rectius
1402 2383 1580 2428 intuen-

110 2455 189 2497 tur
207 2457 261 2497 ut
279 2453 328 2496 in
347 2453 419 2496 his
437 2453 629 2497 officium
649 2453 986 2511 patrisfamilias
1004 2453 1221 2497 latissime
1239 2456 1405 2511 pateat.

109 2554 157 2591 26
181 2551 402 2589 eonium-um
418 2550 444 2588 S
587 2562 636 2600 30
658 2549 838 2588 Obtinuit
854 2549 944 2588 GBS

156 2636 558 2680 4fiymentapoetn'oa:
582 2632 632 2671 ef.
656 2633 1044 2716 vaeMetviwqup
1063 2631 1579 2686 xi.1oeqq.,xii..21o·eqq

110 2691 151 2720 11
170 2686 214 2718 ut
229 2683 303 2718 dici
317 2683 423 2718 oola:
448 2681 494 2717 In
508 2681 581 2718 hoc
626 2680 859 2776 fovet-bium2
854 2692 928 2717 non
943 2680 997 2716 ah
1022 2692 1037 2716 1
1052 2679 1195 2725 incidi3
1216 2681 1264 2717 cf.
1274 2680 1432 2727 Cic-pro
1447 2681 1580 2719 Flam

108 2729 571 2785 37ῧ94νΡΝΠῑῙθΜ9
861 2729 1328 2830 §qmdnpnmoetc
1353 2728 1576 2767 thiam-ob.

107 2777 327 2825 Sat.i.5§
308 2738 879 2870 §‚237§12(exGell.(i.12o
1090 2774 1232 2823 1152)
1389 2785 1433 2821 23
1462 2777 1580 2814 Gaiae

112 2826 293 2862 Claudius
326 2827 482 2863 Gaesar-
521 2824 561 2861 C.
593 2825 730 2860 eamr
760 2822 800 2870 (i.
813 2834 845 2860 e.
877 2787 1013 2869 Iuhus)
1046 2822 1145 2860 Gen.
1178 2822 1372 2867 Mat-,roba
1413 2823 1579 2862 Ioannes

109 2875 243 2910 antem
266 2873 314 2910 de
338 2871 498 2909 Claudio
523 2871 717 2918 cogitavit,
735 2882 848 2918 quem
873 2882 921 2910 ex
945 2870 1050 2909 Suet.
1075 2872 1205 2908 claud.
1230 2883 1263 2908 e.
1278 2881 1322 2918 41
1350 2882 1429 2908 non
1453 2871 1578 2910 nullos

109 2920 225 2958 libros
242 2920 494 2968 composuisse
510 2922 677 2957 noverat.

1399 2983 1467 3019 ²93
