1846 3262
79 223 166 272 796
185 222 216 263 b

192 710 218 741 c

188 1470 218 1510 d

85 2316 167 2358 797
186 2318 216 2348 a

566 222 829 267 IOANNIS
870 222 1389 269 SARESBERIENSIS
1496 224 1604 287 [ΜΒ.
1619 237 1714 270 VIII

234 344 395 389 docent
414 344 638 396 historiae,
658 359 715 387 ne
742 344 843 402 quis
870 344 991 388 illius
1017 344 1232 388 moliatur
1256 345 1492 389 interitum
1512 347 1584 390 cui
1611 347 1716 391 fidei

234 417 315 458 aut
335 416 601 459 sacramenti
628 415 843 474 religione
866 418 1048 458 tenetur
1075 415 1299 460 astrictus
1359 415 1478 459 Nam
1507 419 1553 460 et
1583 417 1716 460 Sede·

234 486 358 530 chias
384 486 441 529 ob
470 486 718 543 neglectam
743 485 847 529 fidei
871 485 1131 543 religionem
1159 485 1325 544 legitur
1351 487 1629 544 captiuatus3
1659 490 1717 539 et,

235 556 354 613 quod
388 555 436 598 in
470 555 559 598 alio
594 570 750 613 regum
789 555 928 599 Iudae
959 571 1051 599 non
1081 555 1278 609 memini,
1309 556 1427 599 eruti
1463 558 1570 600 sunt
1600 557 1717 600 oculi

235 627 342 677 eius,
378 626 484 683 quia
516 625 672 676 Deum,
705 626 777 669 cui
809 626 998 677 iuratur,
1034 627 1170 669 etiam
1204 641 1306 670 cum
1342 641 1399 670 ex
1429 626 1550 670 iusta
1584 641 1717 670 causa
1737 646 1755 680 5

235 699 421 740 cauetur
450 697 641 747 tiranno,
675 696 827 754 lapsus
862 697 910 739 in
949 697 1182 755 perfidiam
1220 713 1311 741 non
1342 697 1575 755 proposuit
1613 700 1718 741 ante

233 769 517 824 conspectum
550 780 693 809 suum.
754 766 843 810 Sed
873 781 953 810 nec
983 767 1157 818 ueneni,
1188 767 1293 810 licet
1323 767 1501 811 uideam
1530 767 1588 810 ab
1618 767 1717 810 infi-

233 836 408 880 delibus
438 836 679 893 aliquando
709 840 986 894 usurpatam,
1006 837 1099 880 ullo
1123 852 1337 895 umquam
1367 838 1464 881 iure
1493 837 1718 880 indultam

233 906 333 964 lego
354 906 593 951 licentiam.
651 905 757 950 Non
777 907 896 965 quod
916 907 1120 950 tirannos
1140 907 1195 951 de
1218 908 1364 951 medio
1384 907 1603 951 tollendos
1623 921 1718 950 esse

233 991 324 1019 non
359 976 536 1020 credam
572 977 649 1020 sed
689 977 784 1020 sine
825 977 1053 1036 religionis
1093 978 1428 1035 honestatisque
1468 977 1714 1036 dispendio.
1738 998 1779 1022 ιο

233 1045 353 1090 Nam
375 1050 420 1091 et
441 1047 603 1101 Dauid,
625 1062 781 1106 regum
802 1062 912 1105 quos
932 1047 1116 1106 legerim
1136 1049 1344 1106 optimus,
1365 1051 1411 1092 et
1431 1049 1509 1107 qui
1529 1050 1715 1106 excepto

233 1131 434 1161 sermone
460 1117 594 1160 Vriae
625 1117 758 1161 Ethei
787 1118 836 1161 in
866 1118 1074 1161 omnibus
1102 1118 1358 1176 inculpatus
1387 1118 1580 1170 incessit,
1609 1118 1714 1162 licet

232 1187 463 1230 tirannum
498 1187 815 1244 grauissimum
847 1188 1089 1231 sustineret
1121 1190 1167 1231 et
1198 1202 1301 1230 eum
1336 1188 1550 1245 perdendi
1585 1202 1716 1246 saepe

233 1260 392 1301 nactus
417 1257 557 1300 fuerit
585 1258 870 1309 occasionem,
891 1258 931 1301 ei
959 1261 1111 1302 tamen
1131 1273 1311 1316 parcere
1331 1258 1503 1310 maluit,
1524 1259 1716 1302 confisus

234 1327 290 1371 de
316 1327 619 1371 misericordia
645 1328 741 1378 Dei,
763 1329 840 1385 qui
861 1343 963 1371 eum
983 1329 1078 1372 sine
1105 1332 1285 1385 peccato
1312 1332 1489 1386 poterat
1515 1329 1715 1373 liberare.
1738 1346 1777 1380 15

236 1397 448 1441 Decreuit
474 1413 579 1456 ergo
607 1402 840 1456 expectare
868 1399 1093 1456 patienter
1112 1401 1165 1441 ut
1185 1398 1260 1442 ille
1284 1398 1547 1442 uisitaretur
1569 1414 1597 1443 a
1625 1399 1715 1443 Do-

237 1468 358 1511 mino
379 1467 555 1511 reddita
575 1468 762 1511 caritate
789 1471 870 1511 aut
889 1468 937 1510 in
964 1468 1133 1525 praelio
1157 1468 1335 1511 caderet
1354 1471 1436 1511 aut
1464 1468 1576 1512 alias
1595 1468 1716 1513 iusto

235 1539 320 1582 Dei
341 1539 505 1582 iudicio
525 1542 785 1582 moreretur.
846 1538 1077 1595 Siquidem
1099 1538 1171 1581 uel
1192 1553 1248 1581 ex
1265 1553 1317 1581 eo
1337 1541 1485 1595 potest
1508 1538 1717 1597 insigniri

233 1609 455 1666 patientia
484 1608 579 1651 eius
606 1608 737 1665 quod,
757 1623 859 1652 cum
886 1608 1042 1651 horam
1072 1608 1273 1651 clamidis
1304 1608 1399 1651 eius
1428 1608 1717 1666 praecidisset

233 1679 282 1722 in
317 1679 527 1736 spelunca
559 1682 604 1722 et
638 1679 747 1722 alibi
779 1679 834 1722 de
868 1681 1004 1722 noctu
1039 1682 1187 1722 castra
1216 1678 1443 1736 ingressus
1478 1679 1714 1722 custodum
1735 1697 1778 1721 ιο

232 1750 553 1807 negligentiam
574 1749 856 1807 increpasset,
876 1749 1023 1807 ipsum
1048 1764 1198 1807 regem
1219 1749 1366 1807 coegit
1385 1749 1587 1806 profiteri
1608 1749 1714 1806 quia

233 1819 384 1863 Dauid
416 1834 595 1862 causam
634 1819 797 1877 agebat
828 1819 1070 1863 iustiorem.
1146 1818 1205 1862 Et
1237 1818 1309 1862 hic
1342 1818 1523 1876 quidem
1556 1818 1715 1862 modus

233 1890 410 1934 delendi
440 1890 642 1933 tirannos
671 1890 937 1933 utilissimus
967 1892 1014 1933 et
1048 1889 1301 1932 tutissimus
1331 1892 1411 1941 est,
1440 1889 1479 1933 si
1509 1889 1587 1947 qui
1616 1903 1715 1946 pre·

233 1963 421 2004 muntur
441 1960 498 2003 ad
519 1960 816 2018 patrocinium
832 1960 1092 2004 clementiae
1108 1959 1192 2003 Dei
1208 1959 1435 2003 humiliati
1450 1959 1716 2017 confugiant

234 2035 281 2075 et
315 2046 452 2089 puras
482 2045 642 2073 manus
677 2030 878 2074 leuantes
914 2030 971 2073 ad
1011 2030 1255 2074 Dominum
1295 2029 1471 2074 deuotis
1509 2029 1715 2088 precibus
1735 2049 1776 2083 ²5

233 2101 460 2159 flagellum
488 2116 576 2158 quo
602 2100 865 2158 affliguntur
891 2103 1113 2143 auertant.
1173 2100 1360 2144 Peccata
1384 2099 1551 2143 etenim
1575 2099 1716 2144 delin—

235 2172 469 2230 quentium
525 2171 646 2214 uires
698 2174 805 2214 sunt
855 2171 1149 2214 tirannorum.
1228 2170 1367 2223 Vnde,
1406 2170 1574 2214 Achior
1622 2169 1718 2213 dux

234 2242 434 2286 omnium
461 2241 655 2284 filiorum
683 2241 830 2284 Amon
858 2240 1200 2284 saluberrimum
1227 2240 1311 2284 hoc
1338 2239 1572 2284 consilium
1592 2239 1719 2284 dedit

237 2311 498 2356 Holoferni:
544 2311 768 2368 Perquire,
789 2310 950 2368 inquit,
969 2325 1100 2363 nunc,
1121 2310 1299 2353 domine
1319 2310 1394 2362 mi,
1415 2309 1453 2353 si
1474 2311 1543 2353 est
1566 2309 1718 2367 aliqua

235 2382 452 2440 iniquitas
478 2381 632 2439 populi
659 2381 708 2423 in
734 2384 972 2438 conspectu
993 2380 1078 2424 Dei
1098 2395 1263 2431 eorum,
1284 2382 1330 2423 et
1350 2379 1639 2423 ascendamus
1658 2379 1717 2422 ad
1736 2398 1778 2432 30

235 2491 259 2526 4
284 2479 406 2518 occuli
424 2480 466 2516 A·
584 2490 627 2525 ¹4
653 2478 792 2515 maluit
809 2490 966 2525 parcere
984 2478 1025 2514 M
1130 2480 1174 2516 16
1196 2478 1391 2525 patienter
1407 2478 1608 2524 expectare
1625 2476 1718 2513 (ΡΑι

237 2539 282 2576 19
307 2527 553 2576 praecidisset
570 2526 610 2562 M
754 2537 799 2573 23
826 2529 883 2564 est
899 2528 940 2563 et
956 2526 1167 2563 tutissimus
1185 2526 1224 2561 M
1361 2535 1407 2572 27
1425 2525 1566 2563 achion
1584 2525 1716 2562 CBSM

234 2587 283 2623 29
306 2588 411 2613 nunc
430 2574 583 2612 domine
600 2574 655 2610 mi
671 2573 799 2621 inquit
815 2574 883 2611 A¹:
909 2586 1011 2611 nunc
1026 2574 1155 2621 inquit
1171 2573 1327 2612 domine
1345 2574 1399 2610 mi
1416 2573 1441 2611 S

284 2675 317 2708 2,
339 2675 360 2710 3
385 2663 576 2700 Sedechias
592 2663 687 2699 etc.:
712 2674 744 2698 v.
763 2671 784 2697 2
803 2660 969 2709 Paralip.
989 2660 1114 2697 xxxvi.
1138 2671 1190 2707 13,
1210 2671 1234 2706 4
1250 2660 1341 2708 Reg.
1361 2660 1460 2697 xxiv.
1478 2669 1511 2705 7.
1673 2670 1716 2697 12

240 2713 374 2748 Vriaet
398 2723 434 2747 v.
451 2722 472 2748 2
490 2711 580 2758 Reg.
599 2709 648 2746 xi.
667 2721 688 2746 2
700 2720 805 2756 seqq.
1013 2720 1055 2755 13
1080 2711 1296 2745 tirannum:
1323 2720 1372 2745 sc.
1391 2708 1504 2751 Saul;
1529 2719 1563 2746 v.
1583 2717 1599 2745 1
1620 2707 1715 2755 Reg-

237 2760 335 2796 xxiv.
355 2770 505 2805 4seqq.,
522 2757 623 2794 xxvi.
643 2767 664 2802 7
676 2769 780 2804 seqq.
1012 2767 1068 2799 2¹,
1087 2767 1131 2793 22
1157 2759 1244 2804 quia
1263 2758 1391 2792 Dauid
1407 2758 1504 2793 etc.:
1530 2768 1566 2793 v.
1587 2766 1601 2792 1
1622 2754 1714 2803 Reg.

236 2807 336 2844 xxiv.
358 2808 412 2843 18.
535 2816 580 2842 22
605 2807 657 2841 Et
673 2807 730 2842 hic
746 2806 890 2852 quidem
906 2806 979 2843 etc.
995 2818 1004 2842 ε
1030 2804 1135 2842 Haec
1153 2804 1267 2842 verba
1283 2815 1400 2850 usque
1417 2804 1466 2840 ad
1482 2805 1718 2840 tirannorum

236 2854 278 2891 in
295 2854 375 2891 cod.
393 2853 430 2890 C.
449 2853 570 2890 minio
587 2853 736 2891 notavit
754 2852 949 2890 Parkerus.
1131 2862 1176 2896 27
1203 2853 1342 2889 Achior
1356 2853 1454 2890 etc.:
1481 2864 1513 2889 v.
1533 2851 1663 2889 Iudith
1680 2862 1714 2888 v.

240 2911 272 2949 ⁵²
292 2912 348 2947 24,
368 2911 424 2948 2⁵·

350 2973 414 3016 378
