1846 3262
87 261 167 301 610
188 261 217 301 b

194 608 218 637 C

190 1509 220 1550 d

567 254 830 301 IOANNIS
871 247 1394 297 SARESBERIENSIS
1538 243 1653 306 [ΠΒ.
1670 254 1723 288 VI

233 380 409 425 inuenit
430 395 532 424 eum
552 380 671 423 inter
690 381 937 422 scortorum
958 390 1115 435 greges
1140 388 1389 432 purpuram
1410 371 1506 417 colo
1526 371 1720 419 nentem,

233 451 440 494 muliebri
462 451 621 494 habitu
638 451 754 506 (cum
780 447 968 491 mollitie
995 446 1193 503 corporis
1218 448 1265 488 et
1284 444 1514 488 oculorum
1535 439 1722 484 lasciuia

234 537 386 565 omnes
417 521 606 564 feminas
632 520 841 576 anteiret)
872 532 1011 576 pensa
1043 517 1163 560 inter
1198 515 1399 574 uirgines
1437 512 1722 572 partientem.

237 592 409 645 Quibus
443 591 563 641 uisis,
584 590 845 647 indignatus
877 588 959 632 tali
990 587 1185 630 feminae
1215 589 1396 629 tantum
1427 584 1631 628 uirorum
1664 580 1722 624 iri

235 662 482 705 subiectum
512 663 845 717 tractantesque
877 658 1049 702 ferrum
1081 660 1127 701 et
1157 671 1284 700 arma
1318 656 1535 699 habentes
1565 667 1722 711 parere

234 746 491 789 progressus
511 731 569 774 ad
590 731 729 774 socios
745 730 853 788 quid
868 729 1036 772 uiderit
1051 728 1203 772 refert.
1263 727 1416 785 Negat
1436 741 1482 770 se
1504 725 1544 769 ei
1565 738 1723 783 parere

233 817 359 859 posse
380 801 457 858 qui
478 816 523 844 se
544 801 758 844 feminam
782 800 936 844 mallet
960 802 1077 843 esset
1101 814 1237 857 quam
1257 798 1422 842 uirum.
1484 796 1560 839 Fit
1580 795 1724 853 igitur

234 872 506 925 coniuratio;
534 886 623 929 qua
646 872 722 915 ille
749 871 907 914 audita
933 871 982 913 in
1006 870 1156 914 aulam
1180 869 1351 927 regiam
1372 883 1419 912 se
1439 866 1619 924 recepit,
1644 864 1723 908 ubi

235 945 442 985 extructa
459 943 725 999 incensaque
745 941 845 999 pira
865 944 911 984 et
930 956 978 984 se
998 943 1044 984 et
1068 940 1253 983 diuitias
1273 954 1377 983 suas
1396 939 1445 981 in
1465 936 1722 982 incendium

235 1012 402 1066 mittit;
431 1013 514 1056 hoc
534 1012 627 1055 solo
646 1012 852 1055 imitatus
871 1011 1032 1054 uirum.

296 1083 355 1125 Et
374 1082 734 1140 praecedentium
755 1082 935 1139 quidem
962 1097 1118 1140 regum
1140 1081 1278 1124 robur
1303 1096 1332 1124 a
1350 1079 1535 1124 luxuria
1555 1077 1722 1122 emolli-

236 1156 334 1196 tum
355 1156 434 1204 est,
454 1153 614 1196 deinde
633 1168 714 1210 per
740 1152 940 1210 singulos
967 1152 1095 1209 quasi
1122 1167 1203 1210 per
1228 1151 1397 1210 gradus
1421 1150 1722 1193 inualescente

235 1223 427 1267 mollitia
440 1223 488 1265 in
503 1223 587 1266 hoc
601 1223 783 1266 tandem
800 1223 1103 1266 effeminatum
1121 1221 1316 1265 fractum
1331 1225 1378 1265 et
1397 1221 1723 1265 comminutum

237 1296 315 1336 est.
375 1293 619 1350 Imperium
641 1292 736 1337 fere
762 1293 1014 1336 Romanum
1039 1293 1309 1336 exhaustum
1335 1295 1404 1336 est
1427 1294 1473 1336 et
1493 1291 1722 1334 diuulsum

238 1364 417 1407 Nerone
440 1363 699 1421 imperante,
719 1363 846 1407 cuius
872 1364 980 1421 gula
1006 1363 1101 1406 fere
1128 1363 1279 1407 omnia
1305 1362 1554 1414 deuorauit,
1573 1376 1723 1405 macu-

237 1434 352 1477 lauit
378 1433 527 1485 libido,
553 1434 762 1477 exhausit
788 1434 994 1486 auaritia,
1022 1433 1161 1492 fregit
1187 1433 1383 1491 ignauia,
1410 1433 1593 1476 luxuria
1621 1447 1723 1476 cum

239 1504 447 1561 superbia
467 1504 728 1547 exinaniuit.
790 1504 878 1548 Hic
903 1504 1074 1547 nullam
1103 1506 1275 1547 uestem
1300 1504 1370 1547 bis
1389 1503 1552 1557 induit,
1573 1506 1626 1547 ut
1650 1503 1723 1546 uel

238 1574 287 1616 in
321 1574 471 1631 aliquo
506 1574 663 1617 ceteris
697 1574 915 1632 singulari
950 1574 1095 1633 gloria
1129 1574 1416 1632 praeluceret.
1478 1574 1580 1626 Sed,
1614 1574 1723 1617 dum

238 1644 381 1687 Roma
419 1644 633 1702 permisit,
668 1648 815 1688 totum
856 1645 1008 1688 orbem
1048 1645 1156 1689 fecit
1191 1645 1459 1703 inglorium;
1509 1645 1723 1703 quicquid

237 1714 426 1758 aliorum
447 1715 670 1772 quaesiuit
688 1715 923 1767 industria,
943 1716 1078 1760 huius
1098 1716 1262 1759 inertia
1281 1715 1376 1759 fere
1396 1715 1561 1761 amisit.

296 1845 405 1904 Cap.
432 1855 499 1901 15.
530 1846 762 1890 Romanos
781 1846 838 1890 in
858 1847 1114 1905 disciplina
1130 1863 1245 1905 prae
1265 1848 1418 1892 ceteris
1437 1848 1654 1906 ‘aimei-sse,

383 1921 423 1960 et
442 1916 500 1960 tn
520 1916 583 1960 eis
601 1917 792 1962 Iulium
813 1918 1017 1962 Gesarem
1028 1918 1243 1976 floruisse
1256 1934 1375 1976 prae
1394 1920 1558 1964 ceteris.

298 2011 398 2063 Sed,
428 2027 529 2055 cum
559 2013 759 2056 omnium
788 2014 992 2072 gentium
1023 2015 1228 2073 exempla
1262 2015 1457 2069 reuoluo‚
1488 2015 1725 2074 disciplina

239 2081 540 2126 Romanorum
573 2098 679 2140 prae
714 2084 872 2127 ceteris
906 2085 1035 2128 lucet.
1095 2085 1231 2129 Mesis
1266 2100 1442 2144 quoque
1476 2086 1723 2144 plurimum

238 2152 459 2209 profuisse
493 2153 660 2211 legitur
693 2154 928 2212 disciplina
958 2159 1011 2199 ut
1046 2156 1094 2198 in
1129 2156 1357 2213 paucitate
1396 2171 1479 2200 sua
1517 2157 1723 2201 finitimis

238 2223 459 2280 superatis
490 2239 591 2267 cum
624 2225 837 2268 Romanis
869 2225 967 2269 ausi
1001 2226 1094 2270 sint
1128 2241 1263 2284 super
1297 2227 1486 2285 imperio
1517 2228 1723 2286 gentium

237 2292 460 2338 dimicare.
520 2294 665 2347 Quam
700 2294 786 2338 feri
821 2298 972 2339 autem
1005 2296 1252 2348 extiterint,
1288 2312 1346 2340 ex
1379 2297 1530 2341 uerbis
1569 2313 1724 2342 eorum

236 2363 462 2421 colligitur
482 2365 643 2421 quibus
662 2366 877 2410 aduersus
893 2366 1116 2410 Romanos
1131 2367 1401 2425 pugnaturis
1421 2382 1539 2412 unus
1559 2369 1725 2413 ducum

238 2494 258 2530 7
284 2485 420 2533 igitur]
440 2498 530 2533 ergo
549 2486 637 2522 B¹M
782 2499 805 2536 9
829 2490 1024 2526 exstructa
1042 2489 1082 2526 M

285 2597 306 2631 8
330 2609 403 2643 qua
421 2597 482 2632 ille
496 2598 646 2634 audita:
673 2610 742 2644 quo
759 2599 822 2634 ille
838 2601 964 2636 audito
982 2599 1118 2637 Iustin.
1307 2611 1350 2647 17
1376 2604 1450 2639 Hic
1466 2604 1614 2639 nullam
1629 2605 1726 2642 etc.:

238 2643 320 2680 Hoc
338 2645 385 2681 de
401 2644 550 2682 Nerone
567 2647 766 2682 narratum
784 2646 878 2683 alibi
901 2659 980 2684 non
1003 2647 1176 2695 repperi;
1203 2649 1250 2686 cf.
1269 2651 1402 2688 tamen
1419 2651 1524 2688 Oros.
1542 2651 1604 2688 vii.
1623 2661 1643 2697 7
1664 2651 1682 2700 ξ
1702 2663 1724 2689 2

236 2693 331 2728 Nero
349 2719 358 2728 .
375 2720 384 2727 .
407 2720 414 2728 .
427 2694 672 2738 petulantiam
694 2696 885 2731 libidinem
906 2697 1098 2733 luxuriam
1121 2700 1325 2734 auaritiam
1349 2701 1599 2736 crudelitatem
1623 2701 1726 2738 nullo

237 2751 313 2775 non
337 2741 463 2776 scelere
484 2743 666 2787 exercuit,·
689 2744 868 2789 siquidem
888 2746 1098 2790 petulantia
1117 2747 1281 2792 percitus
1304 2749 1430 2783 omnia
1448 2760 1569 2794 paene
1590 2750 1727 2786 Italiae

238 2800 281 2823 ac
306 2789 478 2823 Graeciae
499 2790 640 2825 theatra
655 2792 897 2836 perlustrans,
915 2794 1107 2838 adsumpto
1131 2795 1242 2830 etiam
1262 2797 1366 2830 uarii
1388 2797 1541 2832 uestitus
1559 2798 1728 2833 dedecore

238 2847 379 2880 cerycas
411 2838 618 2873 citharistas
645 2841 832 2884 traqoedos
861 2845 894 2875 et
919 2842 1071 2885 aurigas
1094 2853 1200 2888 saepe
1223 2844 1295 2878 sibi
1318 2855 1509 2889 superasse
1535 2847 1640 2881 uis-ue
1663 2850 1725 2882 est.

239 2891 284 2927 27
313 2885 430 2927 Quam
447 2886 529 2929 feri
553 2886 649 2922 etc.:
675 2898 707 2922 v.
723 2886 832 2924 1Flor.
857 2887 897 2924 ii.
924 2889 970 2924 26
989 2888 1053 2934 (iv.
1078 2899 1119 2925 12
1147 2889 1189 2937 ἕξ
1221 2900 1275 2936 13,
1297 2891 1380 2938 14):
1407 2892 1473 2928 sed
1497 2891 1598 2929 nihil
1621 2892 1727 2940 apud

240 2930 396 2967 Florum
412 2931 459 2968 de
477 2931 693 2970 Moesorum
710 2933 915 2982 disciplina
934 2935 1079 2973 inveni.

350 3014 395 3048 40

1741 648 1761 702 ε’

1742 1022 1786 1048 10

1743 1378 1785 1414 ¹5

1743 1731 1786 1756 20

1743 2175 1786 2212 ²⁵
