1846 3262
141 228 241 264 ω.
256 217 328 280 xl]
662 220 1097 267 PomoRATIovs
1619 229 1702 273 ⁷⁵0
1721 223 1751 263 b

142 338 292 393 fuerit,
306 356 387 386 nec
402 356 586 385 uxorem
606 342 854 400 relinquere
873 357 953 387 nec
973 356 1075 387 cum
1089 343 1262 387 sarcina
1275 343 1341 386 ire
1359 357 1604 401 possumus.

142 410 385 469 Pauperem
398 412 514 455 alere
530 411 706 456 difficile
718 415 802 465 est3
822 412 1009 456 diuitem
1021 412 1138 456 ferre
1155 415 1437 456 tormentum.
1477 412 1607 456 Adde

142 481 262 539 quod
291 482 416 525 nulla
442 485 510 526 est
539 482 692 526 uxoris
725 482 890 534 electio,
910 483 986 526 sed
1012 483 1344 540 qualiscumque
1371 483 1604 526 obuenerit

142 551 347 594 habenda
359 565 370 605 3
401 552 439 595 si
468 552 694 603 iracunda,
722 552 760 596 si
789 552 929 603 fatua,
958 552 997 596 si
1027 551 1248 603 deformis,
1268 552 1306 597 si
1335 553 1537 610 superba,
1566 552 1606 596 si

104 628 127 665 5
143 619 298 674 fetida,
310 621 616 679 quodcumque
636 622 737 665 uitii
759 625 837 673 est,
853 624 955 679 post
974 622 1155 679 nuptias
1170 622 1390 666 discimus.
1441 622 1605 680 Equus,
1624 640 1652 672 c

142 690 305 742 asinus,
336 691 425 742 bos,
455 692 576 735 canis
606 695 651 735 et
679 691 897 735 uilissima
924 692 1156 749 mancipia,
1180 695 1327 736 uestes
1357 707 1530 750 quoque
1559 695 1608 736 et

141 759 318 811 lebetes,
345 761 480 805 sedile
506 761 715 819 ligneum,
734 761 851 805 calix
880 763 926 804 et
954 762 1155 805 urceolus
1183 762 1333 806 fictilis
1361 762 1610 819 probantur

142 829 268 887 prius
298 832 344 874 et
372 830 435 874 sic
464 834 684 874 emuntur.
744 830 849 874 Sola
876 845 993 874 uxor
1022 846 1112 874 non
1141 832 1392 876 ostenditur
1417 847 1474 876 ne
1501 836 1607 876 ante

143 898 376 957 displiceat
414 914 547 957 quam
586 900 788 944 ducatur.
867 900 1154 944 Attendenda
1195 905 1264 946 est
1302 917 1475 960 semper
1512 902 1607 946 eius

84 985 128 1011 10
143 967 280 1013 facies
309 972 356 1013 et
383 969 636 1027 pulcritudo
665 970 900 1021 laudanda,
920 985 987 1021 ne,
1014 970 1052 1014 si
1082 971 1268 1014 alteram
1298 972 1534 1029 aspexeris,
1560 986 1608 1015 se

143 1039 321 1083 estimet
358 1039 600 1097 displicere.
659 1039 869 1083 Vocanda
908 1040 1098 1092 domina,
1127 1041 1414 1085 celebrandus
1443 1042 1608 1085 natalis

142 1109 249 1160 eius,
261 1109 499 1152 iurandum
519 1123 599 1166 per
613 1109 802 1152 salutem
822 1109 954 1161 illius,
966 1113 1020 1153 ut
1038 1110 1098 1154 sit
1112 1114 1335 1168 superstes
1350 1112 1609 1168 optandum,

142 1177 401 1222 honoranda
420 1178 577 1221 nutrix
597 1179 692 1222 eius
711 1182 757 1222 et
779 1179 950 1237 gerula,
970 1194 1125 1223 seruus
1151 1183 1364 1237 paternus
1391 1184 1437 1224 et
1466 1181 1611 1224 alum-

142 1262 259 1306 pnus
284 1251 330 1292 et
356 1247 575 1292 formosus
605 1249 770 1292 assecla
797 1251 843 1292 et
863 1253 1123 1306 procurator
1142 1250 1470 1294 calamistratus
1494 1254 1539 1294 et
1559 1251 1608 1294 in

83 1335 125 1372 ¹5
142 1318 320 1376 longam
350 1333 636 1375 securamque
664 1318 895 1362 libidinem
925 1322 1127 1363 exsectus
1156 1320 1304 1377 spado,
1333 1321 1416 1363 sub
1446 1321 1608 1377 quibus

142 1387 396 1432 nominibus
411 1388 603 1431 adulteri
623 1387 900 1431 delitescunt.
962 1388 1271 1446 Quoscumque
1290 1389 1368 1432 illa
1388 1389 1607 1441 dilexerit,

140 1458 307 1516 ingrati
327 1457 462 1501 etiam
483 1457 672 1500 amandi.
733 1457 783 1500 Si
810 1460 952 1501 totam
973 1459 1014 1502 ei
1034 1458 1213 1502 domum
1234 1459 1471 1517 regendam
1491 1474 1608 1502 com-

141 1528 326 1579 miseris,
338 1527 620 1571 seruiendum
636 1530 704 1571 est
720 1542 730 1581 ;
759 1528 798 1571 si
813 1528 983 1585 aliquid
1002 1531 1082 1572 tuo
1097 1529 1284 1572 arbitrio
1299 1529 1606 1580 reseruaueris,
1623 1529 1653 1570 d

141 1597 275 1641 fidem
314 1597 399 1641 sibi
438 1597 592 1641 haberi
630 1612 721 1641 non
759 1597 940 1655 putabit
980 1601 1026 1642 et
1059 1598 1106 1641 in
1141 1599 1292 1642 odium
1323 1601 1527 1642 uertetur
1556 1613 1607 1643 ac

83 1685 128 1711 ιο
143 1667 292 1725 iurgia
323 1670 380 1719 et,
405 1667 493 1710 nisi
522 1667 611 1711 cito
640 1667 923 1719 consulueris,
951 1668 1129 1726 parabit
1160 1683 1343 1712 uenena.
1403 1669 1531 1712 Anus
1560 1671 1608 1712 et

141 1737 344 1780 aurifices
373 1739 419 1780 et
447 1737 607 1780 ariolos
637 1739 683 1780 et
710 1737 939 1781 institores
976 1753 1251 1796 gemmarum
1281 1739 1607 1796 sericarumque

141 1806 335 1850 uestium
364 1807 403 1850 si
432 1806 735 1858 intromiseris,
766 1807 1010 1864 periculum
1040 1807 1280 1865 pudicitiae
1309 1811 1401 1861 est3
1436 1808 1474 1852 si
1503 1823 1606 1866 pro-

142 1875 351 1927 hibueris,
380 1876 642 1933 suspicionis
676 1877 852 1920 iniuria.
924 1877 1090 1920 Verum
1125 1878 1232 1935 quid
1263 1878 1443 1935 prodest
1469 1879 1606 1921 etiam

142 1945 333 2004 diligens
361 1946 574 1998 custodia,
603 1961 705 1990 cum
734 1962 850 1990 uxor
883 1948 1052 1991 seruari
1081 1948 1305 2006 impudica
1334 1964 1424 1992 non
1453 1949 1606 2006 possit,

83 2035 127 2070 ²⁵
142 2015 305 2073 pudica
342 2030 432 2058 non
479 2015 670 2061 debeat?
749 2016 898 2059 Infida
936 2017 1054 2060 enim
1092 2021 1240 2061 custos
1279 2021 1347 2061 est
1385 2018 1606 2062 castitatis

142 2084 392 2137 necessitas,
413 2086 459 2127 et
477 2084 556 2127 illa
574 2099 678 2128 uere
697 2085 858 2142 pudica
878 2085 1064 2129 dicenda
1083 2090 1161 2137 est,
1182 2087 1252 2130 cui
1279 2087 1406 2130 licuit
1425 2102 1606 2144 peccare

142 2154 181 2198 si
202 2154 358 2198 uoluit.
404 2153 561 2197 Pulcra
580 2154 669 2198 cito
692 2154 939 2208 adamatur,
960 2155 1064 2199 feda
1083 2156 1292 2199 facillime
1312 2157 1604 2214 concupiscit3

142 2223 320 2267 difficile
339 2223 589 2266 custoditur
618 2224 735 2281 quod
769 2225 919 2282 plures
947 2229 1112 2276 amant,
1141 2226 1375 2269 molestum
1406 2229 1474 2270 est
1507 2241 1608 2284 pos-

141 2293 285 2337 sidere
308 2293 426 2350 quod
446 2308 575 2337 nemo
594 2294 756 2337 habere
782 2294 1003 2352 dignetur.
1061 2296 1232 2339 Minore
1259 2298 1409 2339 tamen
1429 2296 1608 2339 miseria

82 2379 125 2413 30
141 2362 354 2406 deformis
392 2363 584 2406 habetur
613 2378 746 2420 quam
776 2363 970 2408 formosa
998 2368 1215 2410 seruatur.
1274 2365 1425 2408 Nichil
1454 2368 1605 2409 tutum
1623 2372 1690 2415 751
1709 2375 1739 2404 a

141 2435 210 2475 est
232 2432 280 2475 in
304 2446 392 2489 quo
416 2432 556 2475 totius
585 2433 737 2490 populi
767 2437 874 2477 uota
901 2435 1128 2492 suspirant
1140 2449 1150 2487 ;
1180 2435 1295 2478 alius
1315 2434 1470 2487 forma,
1490 2435 1604 2478 alius

141 2501 350 2552 fascetiis,
383 2501 498 2545 alius
525 2502 715 2560 ingenio,
735 2503 850 2546 alius
876 2503 1145 2577 liberalitate
1179 2504 1412 2556 sollicitat;
1456 2504 1606 2562 aliquo

140 2571 273 2614 modo
323 2574 608 2628 expugnatur
656 2572 774 2629 quod
822 2573 1019 2630 undique
1067 2572 1314 2617 incessitur.
1388 2573 1517 2627 Quod
1566 2574 1605 2618 si

188 2679 404 2716 atendenda
421 2679 458 2716 S¹
604 2691 648 2716 10
670 2680 916 2728 pulchritudo
934 2681 964 2718 B
1090 2692 1145 2729 13,
1167 2691 1210 2728 14
1234 2681 1397 2729 alupnus
1413 2680 1439 2718 S
1558 2691 1604 2729 27

173 2727 308 2764 ulchra
325 2727 355 2762 B
499 2737 546 2774 32
571 2727 742 2765 facesciis
759 2728 923 2766 CBASM

192 2839 234 2876 17
259 2833 398 2876 inyrati
414 2833 544 2869 etiam:
567 2833 724 2880 ingratis
739 2831 897 2870 Hieron.
1042 2842 1085 2879 19
1107 2837 1161 2869 et:
1183 2835 1246 2870 sed
1262 2833 1414 2872 Hieron.
1556 2844 1601 2882 31

140 2890 230 2926 quo:
254 2881 350 2925 quod
366 2879 522 2917 Hieron.

206 2950 288 2970 wn-
301 2950 323 2970 ιι
849 2947 875 2983 Q
902 2947 931 2990 q
1431 2949 1496 2987 ²92
