1846 3262
131 218 234 253 cAP.
249 207 374 265 xxn]
670 204 1117 252 POLICRATICVS
1646 205 1724 245 621
1742 203 1773 250 b

132 330 353 388 equidem,
391 343 494 373 cum
533 344 615 374 nec
656 344 728 373 res
766 329 979 373 militaris
1018 343 1100 373 nec
1146 326 1333 386 pietatis
1376 341 1489 385 opus
1534 325 1632 369 sine
1650 328 1680 368 b

131 400 434 446 sollicitudine
465 403 511 444 et
544 400 788 459 prudentia
818 400 970 443 ualeat
1005 399 1214 444 exerceri.
1274 397 1443 442 Fidelis
1473 397 1632 455 utique

132 474 391 517 contractus
421 474 491 514 est
516 486 619 515 cum
646 470 901 515 sollicitudo
927 470 1196 529 prudentiae
1223 469 1432 520 sociatur,
1452 468 1560 526 quia
1586 471 1634 511 et

132 542 366 600 ingenium
386 541 623 600 perspicax
648 541 911 585 retunditur
937 541 1042 592 otio,
1063 543 1110 584 et
1136 539 1392 584 sollicitudo
1415 554 1507 583 non
1530 552 1632 598 pro·

96 613 229 670 §ficit
248 613 337 656 nisi
356 613 516 656 diuitis
535 627 678 656 uenae
698 611 996 656 fundamento
1015 611 1203 655 nitatur.

1161 698 1365 742 Alterius
1393 697 1457 742 sic

312 759 458 804 altera
487 759 632 819 poscit
660 774 791 818 opem
821 774 893 803 res
924 762 971 803 et
999 758 1207 803 coniurat
1236 758 1391 802 amice.

135 853 228 899 Sed
251 854 492 899 cuiuslibet
511 853 576 897 rei
597 852 932 911 quantumlibet
958 854 1082 895 recta
1108 851 1242 895 initia
1267 866 1359 895 non
1386 849 1637 908 procedunt

137 925 347 969 Minerua
366 924 611 968 recedente.
663 922 881 966 Procedat
895 922 980 966 tibi
996 924 1131 980 poeta
1147 924 1435 973 Mantuanus,
1456 921 1534 978 qui
1549 920 1635 964 sub

78 1015 124 1054 1ο
137 996 336 1054 imagine
360 994 619 1038 fabularum
645 993 788 1037 totius
813 993 1123 1051 philosophiae
1143 993 1359 1051 exprimit
1381 993 1637 1036 ueritatem.

137 1065 338 1110 Attende
357 1080 465 1124 ergo
483 1078 706 1108 nouorum
726 1063 895 1107 ciuium
915 1063 1223 1121 diligentiam:

256 1152 415 1206 Qualis
443 1167 551 1210 apes
581 1154 725 1195 estate
755 1165 877 1194 noua
906 1165 988 1208 per
1015 1151 1156 1194 florea
1185 1165 1295 1194 rura

255 1214 435 1256 exercet
464 1211 550 1255 sub
579 1211 672 1254 sole
700 1210 839 1261 labor,
869 1225 971 1254 cum
1002 1210 1152 1268 gentis
1182 1210 1362 1254 adultos
1655 1219 1681 1250 c

256 1271 456 1315 educunt
484 1270 619 1321 fetus,
649 1272 731 1313 aut
760 1284 863 1313 cum
892 1269 1115 1326 liquentia
1144 1269 1280 1313 mella

78 1350 122 1386 15
256 1331 432 1389 stipant
461 1333 508 1373 et
537 1329 658 1373 dulci
690 1328 957 1372 distendunt
986 1332 1167 1372 nectare
1197 1328 1344 1379 cellas,

255 1394 339 1433 aut
368 1404 505 1433 onera
532 1388 762 1446 accipiunt
790 1387 1068 1441 uenientum,
1098 1391 1181 1432 aut
1210 1388 1391 1446 agmine
1421 1386 1543 1431 facto

257 1449 477 1508 ignauum
507 1447 635 1492 fucos
664 1462 800 1505 pecus
829 1462 858 1490 a
886 1447 1177 1505 praesepibus
1207 1450 1387 1500 arcent;

257 1508 408 1552 feruet
437 1522 563 1566 opus,
592 1506 884 1564 redolentque
914 1507 1060 1550 thimo
1090 1506 1346 1566 fragrantia
1374 1506 1522 1550 mella.

139 1603 217 1647 Ita
235 1601 378 1645 uariis
396 1602 613 1645 tenentur
626 1599 995 1658 occupationibus
1010 1600 1132 1644 ciues
1151 1603 1199 1644 et
1218 1600 1327 1643 dum
1347 1599 1411 1644 sic
1430 1599 1642 1643 coluntur

80 1694 125 1720 ao
141 1673 287 1719 officia
305 1672 588 1731 singulorum
607 1673 662 1715 ut
684 1670 976 1714 uniuersitati
1001 1671 1314 1729 prospiciatur,
1334 1670 1444 1713 dum
1464 1670 1642 1713 iustitia

140 1744 318 1795 colitur,
323 1743 436 1786 fines
450 1741 653 1786 omnium
666 1741 826 1784 mellea
838 1741 1027 1785 dulcedo
1038 1741 1286 1799 perfundit.
1315 1741 1642 1785 Verumtamen

141 1815 313 1859 nullius
339 1813 405 1857 rei
431 1812 641 1871 politicae
668 1815 737 1856 est
763 1811 982 1856 diuturna
1009 1811 1215 1863 felicitas,
1234 1812 1323 1855 nisi
1350 1811 1642 1856 uniuersitati

140 1884 387 1944 prospiciat
426 1886 564 1941 caput
602 1883 838 1928 incolume.
913 1882 1057 1936 Quod,
1096 1883 1135 1926 si
1181 1898 1274 1926 non
1319 1897 1523 1934 noueras,
1567 1882 1643 1926 uel

141 1955 334 2000 Didonis
374 1954 574 1998 docearis
609 1954 826 2012 exemplo.
888 1953 1072 2008 Quanta
1106 1954 1227 1997 enim
1266 1953 1455 1997 leuitate
1496 1953 1643 1997 Eneas

83 2028 127 2084 ²5
143 2026 416 2076 admittitur,
446 2028 665 2083 quantam
705 2025 795 2068 cito
828 2024 1006 2068 inuenit
1045 2025 1243 2083 gratiam
1277 2025 1412 2068 homo
1446 2025 1642 2083 ignotus,

143 2097 264 2151 exul,
293 2096 533 2155 fugitiuus,
553 2095 682 2139 cuius
713 2110 848 2139 causa
880 2095 1039 2153 ignota
1070 2099 1151 2148 est,
1181 2110 1374 2153 persona
1404 2094 1641 2153 suspecta?
1657 2094 1687 2134 d

143 2168 328 2223 Quanta
366 2167 628 2211 curiositate
667 2169 881 2224 exceptae
921 2169 1029 2210 sunt
1063 2166 1123 2210 ab
1161 2166 1348 2210 auribus
1386 2166 1643 2224 principum

142 2239 376 2283 fabulosae
415 2237 699 2281 narrationes
742 2236 938 2281 hominis
978 2252 1107 2280 suam
1147 2237 1410 2280 euacuantis
1453 2236 1645 2294 culpam,

142 2309 374 2369 propriam
409 2308 668 2366 quaerentis
702 2307 908 2366 gloriam,
928 2309 976 2351 et
1006 2307 1055 2350 id
1087 2307 1315 2365 captantis
1344 2306 1465 2350 unde
1494 2310 1646 2364 posset

82 2399 128 2434 30
143 2379 405 2423 auditorum
445 2378 708 2421 subuertere
746 2378 952 2421 mentes?
1011 2377 1292 2421 Pmecedunt
1330 2391 1439 2434 ergo
1477 2376 1537 2419 ad
1576 2376 1645 2418 in-

144 2450 335 2495 troitum
369 2448 566 2492 hominis
600 2462 827 2491 sermones
861 2447 1031 2499 blandi,
1060 2447 1296 2491 illecebrae
1325 2446 1512 2490 laudum
1541 2461 1645 2490 con·

144 2519 305 2565 ciliant
353 2518 539 2576 hospitii
588 2517 797 2576 gratiam,
840 2517 1103 2561 conuiuium
1152 2517 1409 2561 accuratius
1457 2516 1647 2560 instruit

147 2652 191 2680 21
218 2640 527 2687 verumptamen
542 2638 590 2674 Αι
734 2649 780 2675 22
806 2637 1011 2676 felicicitas
1027 2638 1062 2674 A
1207 2648 1255 2685 23
1280 2638 1406 2685 capud
1421 2636 1497 2675 A¹S

199 2762 219 2800 5
245 2753 378 2789 diuitis
391 2763 527 2788 uenae:
553 2763 587 2787 v.
605 2750 699 2787 Hor.
716 2751 763 2787 A.
781 2751 827 2786 P.
845 2760 931 2797 409.
1074 2750 1099 2786 6
1122 2750 1290 2786 Alterius
1306 2751 1381 2786 etc.
1396 2762 1406 2787 :
1434 2749 1526 2787 Hor.
1543 2751 1591 2786 A.
1602 2751 1646 2787 Ρ.

148 2812 236 2847 410,
251 2811 336 2846 411.
435 2810 481 2836 ιο
503 2801 616 2836 totius
625 2800 906 2846 philosophiae:
933 2797 983 2835 cf.
1002 2797 1174 2835 Macrob.
1192 2799 1269 2834 Sat.
1285 2797 1314 2834 i.
1331 2809 1378 2843 24
1396 2797 1415 2845 ξ
1437 2799 1494 2835 18.
1602 2809 1646 2835 12

153 2850 285 2896 Qualis
300 2850 402 2887 etc.:
427 2847 541 2894 Verg.
558 2849 652 2885 Aen.
669 2846 696 2883 i.
719 2848 901 2893 430—436.
1095 2857 1143 2892 24
1169 2847 1332 2882 Didonis
1355 2848 1455 2883 etc.:
1482 2858 1515 2883 v.
1531 2845 1646 2895 Verg.

150 2899 245 2936 Aen.
260 2896 350 2934 i-iv.
496 2906 545 2943 29
563 2897 761 2943 propriam
776 2896 984 2944 quaerentis
996 2895 1174 2942 almam:
1198 2906 1233 2932 v.
1249 2893 1385 2932 Ioann.
1401 2893 1469 2931 vii.
1485 2896 1543 2932 18.

1492 2965 1539 3010 ⁶3
