1846 3262
46 227 136 267 666
156 236 186 266 a
536 224 802 269 10ANN1s
843 224 1367 269 SARESBERIENSIS
1487 201 1689 286 [mnssvn

199 346 278 390 sed
309 347 419 404 quid
454 346 540 404 ipsi
573 346 747 404 possint
781 348 1026 390 ostentant.
1089 346 1178 400 Qui
1215 362 1321 405 ergo
1356 347 1687 406 Porphiriolum

198 417 405 460 omnibus
445 416 752 474 philosophiae
792 416 998 473 partibus
1038 416 1226 473 replent,
1262 417 1688 462 introducendorum

197 487 456 531 obtundunt
472 487 664 544 ingenia,
677 486 938 529 memoriam
951 486 1152 531 turbant.
1213 487 1273 530 Et
1289 487 1366 545 qui
1382 487 1688 532 instituendus

196 560 305 608 erat,
318 559 448 600 tanta
467 557 697 615 grauitate
716 556 981 600 concutiunt
996 559 1050 600 ut
1069 572 1182 600 onus
1203 560 1383 615 reputet
1403 557 1687 616 importabile

197 627 315 684 quod
362 627 568 685 suscepit.
629 627 824 670 Diuinae
864 627 1057 685 paginae
1097 627 1247 679 libros,
1280 643 1471 685 quorum
1519 628 1686 687 singuli
1706 640 1727 676 5,

196 697 343 753 apices
393 697 561 740 diuinis
610 697 732 755 pleni
782 701 890 740 sunt
940 698 1243 749 sacramentis,
1278 701 1411 741 tanta
1459 698 1687 756 grauitate

148 770 177 808 b
197 767 405 825 legendos
453 767 570 811 forte
610 768 913 819 concesserim,
954 783 1006 812 eo
1047 769 1167 826 quod
1207 770 1448 812 thesaurus
1488 768 1687 826 Spiritus

195 839 351 891 sancti,
371 839 498 882 cuius
523 839 667 897 digito
692 839 848 897 scripti
877 842 996 891 sunt,
1017 839 1199 883 omnino
1227 842 1422 897 nequeat
1443 839 1685 883 exhauriri.

195 908 323 951 Licet
363 909 482 951 enim
523 909 581 952 ad
613 924 755 952 unum
787 909 1101 953 tantummodo
1134 924 1314 952 sensum
1354 909 1687 953 accommodata

194 978 255 1021 sit
275 979 532 1036 superficies
553 979 743 1030 litterae,
757 979 1070 1036 multiplicitas
1091 979 1394 1022 misteriorum
1416 979 1686 1023 intrinsecus
1706 1001 1747 1026 10

195 1048 307 1092 latet
327 1052 373 1092 et
393 1050 451 1092 ab
472 1049 625 1092 eadem
647 1064 695 1092 re
715 1064 847 1107 saepe
867 1050 1083 1108 allegoria
1098 1050 1245 1101 fidem,
1266 1049 1518 1108 tropologia
1540 1064 1686 1093 mores

194 1119 334 1162 uariis
354 1119 498 1162 modis
519 1119 718 1172 edificet;
750 1134 951 1178 anagoge
972 1134 1150 1177 quoque
1171 1119 1486 1178 multipliciter
1505 1134 1684 1163 sursum

195 1189 320 1232 ducit
340 1192 393 1232 ut
414 1189 614 1232 litteram
634 1204 725 1232 non
746 1189 879 1232 modo
899 1190 1051 1233 uerbis
1072 1189 1150 1233 sed
1171 1190 1305 1233 rebus
1326 1190 1437 1247 ipsis
1457 1190 1683 1234 instituat.

193 1260 258 1303 At
297 1260 345 1303 in
385 1260 644 1303 liberalibus
677 1260 938 1317 disciplinis,
970 1260 1050 1303 ubi
1090 1275 1180 1303 non
1220 1276 1291 1304 res
1331 1260 1408 1304 sed
1443 1260 1685 1304 dumtaxat

193 1330 334 1373 uerba
365 1330 633 1388 significant,
665 1330 867 1387 quisquis
897 1330 1043 1388 primo
1074 1345 1207 1373 sensu
1237 1330 1416 1374 litterae
1445 1333 1683 1374 contentus
1703 1352 1743 1387 15

193 1414 284 1442 non
301 1402 381 1453 est,
398 1400 605 1443 aberrare
621 1400 804 1443 uidetur
823 1400 960 1444 michi
975 1403 1056 1443 aut
1072 1400 1130 1443 ab
1146 1400 1448 1458 intelligentia
1462 1400 1683 1452 ueritatis,

193 1485 282 1526 quo
317 1470 490 1513 diutius
522 1473 774 1521 teneantur,
809 1485 856 1513 se
892 1469 1008 1513 uelle
1048 1485 1152 1514 suos
1188 1470 1407 1514 abducere
1442 1470 1685 1515 auditores.

193 1540 330 1584 Plane
356 1540 686 1598 Porphiriolum
711 1540 916 1598 ineptum
944 1540 1075 1584 credo
1100 1541 1138 1583 si
1163 1541 1229 1583 ita
1249 1540 1429 1598 scripsit
1454 1544 1507 1584 ut
1527 1556 1683 1585 sensus

193 1611 289 1654 eius
328 1611 520 1669 intelligi
560 1613 754 1668 nequeat
793 1611 882 1654 nisi
922 1611 1158 1654 Aristotile
1194 1611 1381 1654 Platone
1417 1614 1464 1655 et
1504 1611 1682 1656 Plotino

193 1682 437 1739 praelectis.
498 1682 659 1725 Valeat
689 1681 958 1739 quicumque
987 1697 1058 1725 me
1088 1681 1137 1724 in
1167 1682 1365 1739 aliquam
1396 1682 1679 1741 disciplinam
1700 1701 1743 1727 πο

151 1761 176 1792 c
194 1751 392 1808 disponit
421 1752 703 1795 introducere
733 1751 994 1810 compendio
1025 1752 1120 1797 tali.
1180 1752 1276 1811 Ego
1304 1752 1525 1811 siquidem
1550 1753 1680 1796 illum

191 1883 212 1909 2
239 1873 490 1920 phylosophis
508 1873 547 1908 M
651 1884 694 1909 ιο
718 1873 986 1920 mysteriorum
1004 1873 1044 1910 M
1145 1884 1190 1922 19
1215 1874 1298 1912 eius
1314 1887 1382 1912 om.
1401 1875 1442 1911 M
1515 1877 1683 1922 nequeat

189 1921 360 1969 intelligi
375 1921 424 1958 A¹
569 1931 611 1959 21
639 1921 752 1958 illum
770 1921 956 1969 siquidem
975 1922 1026 1958 Al

244 2047 256 2072 1
298 2038 592 2083 Porphiriolum:
632 2036 689 2073 De
731 2036 935 2084 Porphyrii
974 2038 1140 2083 Isayoqes
1180 2049 1204 2073 a.
1243 2036 1456 2074 dialecticis
1492 2049 1586 2075 saec.
1626 2037 1681 2074 xii

190 2085 310 2121 abusu
344 2086 394 2121 cf.
433 2087 555 2121 Metal.
591 2085 631 2122 ii.
671 2086 714 2122 16
740 2087 809 2121 Sed
839 2087 928 2132 quia
960 2087 1010 2121 ad
1041 2087 1140 2122 hunc
1171 2089 1422 2122 elementarem
1450 2087 1585 2122 tibrum
1612 2086 1677 2132 [sc.

190 2132 407 2170 Aristotelis
440 2133 661 2179 Cateyortas]
689 2136 806 2178 mayis
837 2136 1086 2169 elementarem
1119 2136 1380 2180 quodammodo
1414 2136 1560 2180 scripsit
1591 2135 1682 2170 Por-

184 2183 355 2228 phyrius,
390 2183 468 2217 eius
499 2187 585 2218 ante
612 2183 841 2218 Aristotelem
874 2195 945 2218 esse
973 2184 1126 2218 credidit
1157 2185 1359 2229 antiquitas
1385 2183 1681 2229 praeleyendum.

190 2231 294 2266 Recte
310 2232 455 2276 quidem
471 2232 505 2265 si
521 2235 612 2266 recte
627 2232 808 2274 doceatur,
826 2232 866 2266 id
882 2235 932 2266 est
948 2235 990 2266 ut
1009 2232 1172 2266 tenebras
1195 2242 1269 2267 non
1295 2232 1448 2267 inducat
1473 2233 1682 2267 erudiendis

189 2290 254 2314 nec
276 2283 463 2314 consumat
485 2283 647 2314 aetatem.
697 2279 901 2324 Indiynum
926 2280 1024 2314 enim
1048 2283 1098 2314 est
1117 2280 1152 2314 si
1175 2280 1214 2314 in
1235 2280 1393 2325 quinque
1416 2280 1558 2315 uoculis
1580 2281 1682 2315 addi-

190 2327 331 2362 scendis
355 2329 438 2372 quis
458 2329 576 2362 uitam
601 2331 696 2362 terat
719 2331 761 2362 ut
784 2329 817 2361 ei
839 2328 929 2362 desit
950 2328 1113 2372 spatium
1132 2328 1350 2372 procedendi
1371 2328 1420 2362 ad
1442 2328 1511 2363 illa
1528 2338 1682 2373 quorum

187 2376 311 2420 qratia
328 2376 526 2410 debuerant
542 2376 629 2411 haec
641 2376 866 2420 praedoceri.
910 2375 1022 2417 Vnde,
1038 2376 1211 2421 quoniam
1228 2376 1277 2410 ad
1298 2376 1376 2410 alia
1393 2376 1682 2412 introductorius

190 2428 250 2465 est,
277 2425 425 2458 nomine
457 2424 707 2468 Ysaqoyamm
730 2424 953 2459 inscribitur.
1003 2424 1131 2469 Itaque
1157 2424 1391 2468 inscriptioni
1415 2424 1588 2468 deroyant
1616 2425 1682 2470 qui

187 2474 241 2507 sic
256 2477 457 2506 uersantur
471 2473 512 2506 in
529 2473 594 2507 hoc
609 2476 651 2506 ut
663 2472 781 2507 locum
789 2472 1060 2517 principalibus
1072 2482 1146 2507 non
1159 2472 1380 2517 relinquant,
1399 2472 1532 2518 quibus
1547 2472 1681 2516 ignotis

187 2531 262 2555 non
290 2524 341 2554 est
369 2521 470 2574 quod
490 2520 576 2555 huic
600 2521 863 2555 introducentis
891 2531 1018 2565 operae
1043 2520 1167 2563 qratia
1189 2519 1370 2555 debeatur.
1419 2518 1478 2555 cf.
1506 2520 1594 2555 ibid.
1623 2528 1679 2564 17,

190 2577 237 2602 20
262 2567 311 2603 ad
338 2567 416 2612 fin„
443 2566 500 2602 iii.
536 2578 568 2603 1.
732 2568 755 2603 6
781 2569 923 2613 apices:
963 2567 1013 2603 cf.
1044 2567 1133 2603 Luc.
1159 2565 1234 2602 xvi.
1266 2575 1320 2612 17.
1493 2577 1532 2603 11
1573 2572 1607 2602 et
1634 2567 1680 2603 ab

187 2617 313 2650 eadem
345 2627 384 2651 re
417 2617 516 2652 etc-2
555 2614 851 2662 Quadruplicem
886 2613 1107 2669 Scripturas
1139 2626 1266 2651 sacrae
1301 2626 1466 2659 sensum,
1497 2613 1679 2653 videlicet

188 2661 425 2708 historicum,
455 2662 714 2710 allegoricum,
751 2662 1032 2717 tropologicum
1067 2662 1146 2699 siue
1180 2662 1379 2709 moralem,
1411 2662 1678 2709 anagogicum,

189 2711 334 2756 optime
368 2711 543 2757 exposuit
577 2711 779 2747 Cassianus
815 2710 857 2746 in
894 2711 979 2747 coll.
1013 2721 1047 2756 4,
1084 2722 1166 2756 cap.
1201 2712 1221 2746 8
1255 2712 1299 2746 de
1331 2712 1497 2757 spiritali
1527 2712 1679 2747 scientia

192 2758 339 2804 (Migne
373 2761 413 2796 P.
444 2761 488 2794 L.
524 2759 615 2795 xlix.
649 2759 760 2805 962);
798 2758 847 2795 cf.
874 2758 1013 2796 Gazaei
1048 2758 1365 2813 commentarium
1401 2758 1450 2794 ad
1485 2758 1555 2795 loc.
1619 2758 1677 2796 De

188 2805 260 2842 hac
284 2818 324 2843 re
345 2807 552 2843 traduntur
573 2806 747 2844 versiculi
770 2806 924 2853 quidam
946 2807 995 2843 ad
1017 2806 1241 2843 memoriam
1263 2805 1548 2843 informandam
1573 2806 1677 2843 haud

187 2853 368 2890 inutiles:
396 2857 537 2891 Littera
559 2861 658 2901 qesta
682 2857 791 2899 docet,
812 2857 900 2903 quid
924 2857 1049 2891 credas
1071 2856 1259 2901 alleqoria,
1284 2856 1441 2891 Moratis
1463 2856 1552 2902 quid
1575 2866 1677 2901 aqas,

186 2914 254 2948 quo
278 2905 406 2938 tendas
430 2905 620 2950 anaqoyia.

301 2984 365 3018 1⁴4
