1846 3262
145 261 243 294 cn.
255 247 359 308 11111]
656 249 1094 295 POLICRATICVS
1637 249 1725 300 685
1743 249 1772 290 d

144 373 192 415 et
230 374 295 422 tu,
325 371 493 424 clerice,
526 371 634 429 quid
669 372 819 424 sentis,
854 387 956 416 cum
991 372 1130 416 laicus
1166 371 1260 415 fere
1295 371 1406 430 legis
1441 370 1626 429 ignarus

143 440 432 485 ambitionem
463 445 589 486 tuam
617 442 771 500 arguit
799 446 846 486 et
874 442 1141 500 compescit?
1211 442 1495 499 Obstupesce,
1525 455 1625 498 pro-

143 511 293 569 pheta,
307 526 408 555 cum
429 512 555 555 asina
573 515 619 556 te
640 527 852 556 sessorem
871 528 1003 556 suum
1022 515 1203 556 reuocat
1222 515 1269 556 et
1282 515 1384 556 tuos
1399 511 1625 555 conuincit

143 595 326 625 errores.
386 582 579 625 Brutum
614 582 792 634 animal,
824 583 956 627 homo
994 582 1214 640 stupidus,
1248 582 1458 640 angelum
1497 581 1624 625 uidet

108 671 128 705 5
143 654 371 695 tenentem
391 653 603 710 gladium,
622 653 669 696 id
689 656 758 696 est
777 653 984 710 spiritum
1013 653 1090 711 qui
1112 653 1226 698 latet
1248 653 1296 696 in
1322 652 1486 704 littera,
1506 656 1553 696 et
1572 655 1624 696 tu

144 735 273 766 cecus
286 722 335 766 in
350 726 479 767 tanto
498 723 665 766 lumine
682 722 1015 780 Scripturarum
1031 723 1216 767 insanus
1228 723 1324 767 ruis
1343 722 1391 765 in
1411 722 1625 766 mortem?

146 791 367 836 Erubesce
402 807 518 850 ergo,
553 793 823 850 obstupesce,
853 793 1045 837 subsiste
1075 797 1121 837 et
1149 808 1177 837 a
1211 792 1533 845 maledictione,
1567 792 1626 836 ad

145 876 281 919 quam
321 863 515 906 auaritia
553 863 815 907 stimulante
853 862 1053 915 festinas,
1091 864 1268 916 recede;
1317 867 1364 907 et
1408 863 1485 921 qui
1524 877 1627 907 con-

145 933 341 991 tempnis
361 933 549 991 Moysen
567 936 614 977 et
636 933 889 991 prophetas,
907 934 982 976 uel
1000 934 1185 986 asinam,
1204 949 1339 991 quam
1368 933 1627 977 ambitionis

88 1027 132 1051 10
147 1005 254 1046 tuae
282 1003 528 1047 calcaribus
556 1018 700 1061 urges,
724 1003 843 1047 audi.
900 1003 1118 1048 Miraculo
1145 1004 1365 1061 siquidem
1394 1018 1507 1062 opus
1536 1007 1605 1047 est
1617 1018 1627 1056 3

147 1073 333 1116 Balaam
353 1074 518 1117 etenim
538 1089 629 1117 non
648 1073 900 1131 corripitur,
920 1074 1008 1116 nisi
1036 1074 1164 1118 asina
1181 1074 1405 1132 loquatur.
1464 1074 1626 1118 Nonne

146 1143 368 1190 erubescis
397 1143 516 1201 quod
546 1147 591 1187 te
614 1144 678 1187 sic
706 1144 947 1197 excecauit,
977 1144 1041 1188 sic
1063 1144 1369 1202 pessumdedit
1391 1145 1461 1188 sui
1486 1145 1627 1202 ipsius

146 1213 305 1271 ignara
333 1213 521 1256 ambitio
549 1216 603 1257 ut
631 1213 904 1271 propheticis
933 1216 980 1257 et
1008 1213 1176 1258 diuinis
1204 1214 1395 1258 oraculis
1424 1214 1625 1258 ruditum
1642 1225 1731 1265 685
1753 1235 1783 1264 a

146 1283 298 1327 asinae
325 1282 584 1341 praeferas?
643 1283 841 1327 Terreris
860 1283 979 1327 forte
998 1287 1045 1327 et
1063 1284 1366 1329 contremiscis
1385 1284 1444 1327 ad
1473 1299 1627 1328 uocem

91 1377 130 1412 ¹5
146 1353 299 1397 asinae
337 1353 415 1397 sed
453 1368 736 1410 nequaquam
776 1354 1098 1412 compungeris.
1178 1353 1277 1399 Hoc
1315 1355 1435 1398 enim
1484 1354 1630 1398 diuini

147 1423 275 1466 uerbi
313 1437 478 1467 munus
518 1427 587 1466 est
621 1426 668 1467 et
701 1423 869 1467 donum
903 1423 1026 1467 illius
1058 1423 1135 1482 qui
1169 1424 1290 1468 solus
1324 1424 1373 1467 in
1404 1424 1631 1471 mentibus

148 1493 389 1537 electorum
433 1493 583 1552 ignem
627 1494 830 1538 caritatis
872 1494 1085 1539 accendit.
1164 1494 1295 1539 Vnde
1334 1495 1478 1552 liquet
1523 1495 1630 1552 quia

147 1563 373 1607 inutiliter
404 1564 576 1607 asinam
609 1564 739 1608 audit
772 1564 1040 1622 quicumque
1070 1564 1199 1608 uerbi
1230 1564 1316 1609 Dei
1350 1565 1628 1623 contempnit

147 1649 315 1678 uocem.
374 1634 496 1678 Audi
525 1637 677 1678 tamen
707 1638 754 1678 et
781 1635 954 1678 asinam
983 1635 1116 1678 utilia
1145 1635 1419 1686 suadentem,
1448 1636 1555 1693 quia
1584 1638 1631 1680 et

89 1727 133 1751 πο
148 1704 199 1748 111
227 1719 281 1748 ea
309 1705 367 1748 ad
397 1704 693 1748 eruditionem
722 1708 849 1749 tuam
880 1704 1078 1762 Spiritus
1107 1705 1319 1762 loquitur.
1390 1705 1629 1750 Praeuidet

147 1775 357 1833 angelum
384 1775 663 1819 cohibentem
691 1775 871 1819 illicitos
896 1790 1076 1834 gressus
1101 1779 1204 1819 tuos
1230 1778 1278 1820 et
1306 1791 1408 1820 eum
1432 1777 1630 1820 ostendit

146 1845 243 1889 tibi.
304 1844 406 1899 Qua
438 1845 516 1888 uia
549 1845 607 1888 ad
637 1845 826 1890 honores
855 1845 1170 1891 ecclesiasticos
1199 1846 1527 1891 ascendendum
1556 1847 1628 1898 sit,

148 1930 263 1974 quae
282 1916 359 1959 uia
378 1915 440 1959 sit
458 1915 684 1974 fugienda,
704 1930 894 1959 canones
914 1915 1085 1960 docent.
1146 1915 1438 1975 Contempnis
1464 1920 1628 1968 tamen,

150 1985 259 2044 quia
275 1986 325 2029 in
343 1985 421 2029 uia
446 1986 761 2030 mandatorum
787 1986 873 2030 Dei
896 2001 987 2030 non
1014 1986 1141 2030 uides
1164 1987 1373 2045 angelum
1400 1991 1628 2032 tenentem

89 2076 133 2111 ²5
148 2055 351 2115 gladium
388 2059 442 2100 ut
479 2057 653 2100 occidat
690 2060 748 2101 te.
807 2057 975 2101 Eadem
1012 2057 1181 2102 incedit
1219 2058 1358 2109 asina,
1386 2058 1531 2103 homo.
1559 2058 1628 2103 tui

149 2126 385 2172 collatione
418 2126 608 2170 stolidus
642 2130 689 2171 et
720 2127 878 2171 tardus
912 2131 959 2171 et
989 2128 1067 2185 qui
1102 2128 1229 2172 uerbi
1260 2131 1307 2172 et
1337 2129 1529 2187 exempli
1559 2129 1628 2173 tui
1646 2134 1676 2172 b

149 2196 396 2241 calcaribus
434 2197 662 2254 urgendus
700 2200 770 2241 est
808 2200 862 2241 ut
891 2197 1031 2241 faciat
1064 2198 1220 2256 legem,
1248 2199 1375 2242 uidet
1408 2199 1629 2257 angelum,

150 2266 294 2319 timet,
313 2266 529 2318 subsistit,
542 2270 589 2310 et
607 2267 841 2311 consilium
853 2267 939 2311 Dei
959 2268 1044 2311 tibi
1064 2269 1282 2312 enuntiat.
1342 2269 1563 2326 Loquitur
1582 2270 1631 2313 in

150 2351 258 2383 casu
288 2336 399 2389 isto;
437 2339 491 2380 tu
523 2337 788 2380 miraculum
819 2352 1034 2381 uenerare
1066 2341 1113 2381 et
1150 2339 1330 2397 singula
1363 2339 1503 2383 uerba
1535 2340 1631 2384 eius

92 2426 136 2459 30
151 2421 316 2465 repone
335 2409 383 2450 et
401 2406 586 2464 exculpe
605 2407 654 2450 in
673 2407 841 2451 tabulis
859 2407 1004 2452 cordis
1022 2408 1104 2452 tui.

155 2539 171 2566 1
198 2527 295 2577 legis
310 2528 390 2566 fere
407 2527 448 2564 M
586 2539 627 2565 12
653 2528 822 2566 ececauit
837 2528 982 2567 css¹A¹:
1007 2529 1201 2567 eccecauit
1218 2529 1244 2567 S
1382 2540 1425 2576 17
1450 2530 1633 2569 karitatis

152 2576 244 2614 GBS
387 2586 434 2612 20
457 2576 507 2612 ad
523 2587 592 2614 om.
610 2575 655 2613 θ’
657 2577 731 2613 ΒΜ
874 2587 920 2623 24
945 2578 1172 2614 mandarum
1190 2578 1223 2614 A

200 2698 223 2724 2
250 2689 458 2734 Obstupesoe
475 2688 568 2724 etc.:
592 2699 626 2723 v.
644 2685 754 2723 Num.
771 2685 862 2724 xxii.
879 2696 925 2723 22
938 2698 1062 2734 seqq.;
1089 2687 1138 2724 cf.
1156 2699 1177 2724 2
1196 2687 1298 2725 Petr.
1314 2687 1357 2724 11.
1378 2690 1431 2726 16.
1606 2699 1631 2736 9

150 2737 301 2782 noym
318 2741 352 2771 et
363 2737 578 2782 prophetas·
603 2734 691 2771 Luc.
708 2733 781 2770 xvi.
799 2744 855 2792 .²9'
869 2745 926 2781 31.
1111 2746 1159 2772 20
1183 2738 1233 2772 ad
1249 2738 1488 2773 madittonem
1503 2742 1628 2775 tuam:

151 2784 204 2822 cf.
229 2784 336 2821 Rom.
362 2794 421 2819 xv.
448 2794 482 2828 4.
627 2793 674 2828 24
697 2785 739 2818 in
767 2785 835 2818 uia
863 2785 1122 2820 mandatorum
1148 2785 1239 2820 Dei:
1263 2796 1296 2821 v.
1325 2784 1385 2821 Ps.
1415 2784 1541 2822 cxviii.
1570 2796 1628 2833 32.

154 2843 203 2880 30
226 2834 269 2868 in
284 2833 420 2868 tabulis
435 2832 536 2868 cordi
520 2843 553 2868 ιε
570 2834 648 2868 tui:
671 2830 779 2868 Prov.
798 2829 854 2868 iii.
874 2841 906 2877 3,
925 2830 988 2867 vii.
1008 2842 1041 2877 3.

1457 2989 1518 3025 181
