1846 3262
153 245 256 279 σΔΡ.
272 233 324 295 v]
679 234 1123 280 POLICRATICVS
1660 239 1750 288 646
1771 249 1802 278 a

154 359 201 401 et
234 356 379 400 dulcis
408 357 594 401 affectus
623 357 743 400 dixit
772 357 972 400 omnium
1006 358 1267 416 genitorem,
1298 373 1431 416 quem
1460 361 1647 416 propter

152 427 427 470 infinitatem
443 428 705 478 maiestatis,
717 428 956 485 potentiae,
972 428 1219 486 sapientiae
1240 432 1286 472 et
1300 429 1517 472 bonitatis
1537 444 1644 472 suae

153 500 248 541 tam
290 500 359 540 est
394 498 598 541 inuenire
633 498 812 542 difficile
845 513 981 555 quam
1021 499 1259 542 inuentum
1298 499 1435 558 digne
1472 499 1645 557 profari

153 567 439 626 impossibile.
512 568 717 612 Eundem
748 583 924 626 quoque
955 571 1336 612 remuneratorem
1365 570 1645 627 sperantium

114 651 134 684 5
153 637 202 681 in
221 653 269 682 se
290 653 385 682 esse
405 642 451 682 et
475 639 718 683 colentium
746 654 793 683 se
822 639 1006 682 uidetur
1030 639 1274 691 adstruere,
1294 640 1446 684 dicens
1470 641 1645 698 sapien-

152 710 247 752 tem
286 724 381 752 esse
420 709 637 753 cultorem
678 710 763 753 Dei
798 710 1114 767 philosophum
1147 711 1226 767 qui
1261 711 1412 755 animo
1452 715 1499 755 et
1537 715 1646 755 uoto

154 779 327 823 accedit
365 779 424 822 ad
459 780 740 837 sapientiam,
781 782 828 823 et
858 795 960 823 eum
1000 795 1095 823 esse
1134 785 1380 824 amatorem
1410 782 1519 835 Dei3
1554 782 1646 839 qui,

153 850 271 893 sicut
309 850 582 894 constitutae
621 851 934 894 uniuersitatis
973 865 1109 894 causa
1149 853 1218 894 est
1257 852 1546 903 admirabilis,
1580 853 1647 896 ita

152 920 372 964 bibendae
400 920 632 964 felicitatis
659 921 779 964 idem
806 923 876 964 est
903 921 1005 964 fons
1032 921 1292 965 indeficiens
1318 926 1366 965 et
1392 923 1644 980 singularis.

91 999 136 1025 10
154 987 334 1046 Moyses
368 992 525 1032 auctor
556 991 625 1032 est
657 989 764 1045 quia
796 989 844 1030 in
878 988 1100 1045 principio
1130 990 1303 1032 creauit
1342 989 1465 1033 Deus
1500 990 1643 1034 celum
1661 995 1692 1034 b

153 1061 201 1102 et
228 1062 397 1102 terram
427 1062 474 1102 et
503 1059 552 1101 in
582 1059 729 1102 medio
758 1073 912 1102 eorum
942 1073 1106 1115 aquam
1134 1059 1370 1103 collocauit
1396 1063 1443 1103 et
1471 1075 1644 1114 aerem;

151 1127 282 1171 Plato
313 1128 434 1186 quod
467 1129 527 1172 ab
561 1129 705 1179 initio,
734 1131 789 1171 ut
823 1128 1031 1180 mundus,
1064 1128 1142 1185 qui
1177 1129 1346 1172 solidus
1377 1133 1422 1172 et
1452 1131 1645 1174 uisibilis

151 1196 337 1241 futurus
367 1202 477 1249 erat,
497 1198 643 1241 uideri
674 1201 824 1255 posset
854 1200 901 1241 et
930 1198 1070 1255 tangi,
1091 1198 1215 1241 Deus
1244 1198 1349 1242 iecit
1378 1199 1469 1243 duo
1497 1201 1645 1257 prima

150 1268 369 1310 mundani
389 1268 587 1326 corporis
607 1267 905 1311 fundamenta
929 1267 1079 1325 ignem
1107 1271 1154 1310 et
1180 1270 1348 1310 terram
1376 1271 1423 1312 et
1450 1270 1514 1313 eis
1541 1285 1643 1313 con·

90 1351 133 1386 15
151 1338 275 1382 cordi
294 1339 583 1396 proportione
603 1339 751 1382 media
766 1338 935 1381 sociata
955 1338 1186 1381 insolubili
1206 1339 1389 1382 uinculo
1407 1340 1644 1392 interiecit,

150 1407 239 1451 nisi
259 1411 412 1452 tamen
426 1409 638 1452 uoluntas
658 1408 913 1459 conditoris,
926 1423 1041 1465 quae
1061 1408 1156 1451 sola
1174 1411 1331 1452 tantae
1351 1409 1645 1454 firmitudinis

150 1490 296 1521 nexus
334 1478 620 1522 fidelissimus
660 1481 741 1529 est,
774 1481 829 1522 ut
861 1478 1168 1521 dissoluantur
1201 1479 1427 1523 admittat.
1499 1480 1645 1524 Omne

150 1547 373 1605 siquidem
403 1549 524 1606 quod
550 1549 755 1592 iunctum
783 1552 851 1592 est
877 1552 1043 1591 natura
1070 1549 1329 1593 dissolubile
1355 1554 1446 1603 est3
1485 1551 1564 1594 sed
1590 1554 1645 1594 ut

150 1618 296 1662 bonae
334 1619 659 1663 conciliationis
700 1618 831 1663 fedus
870 1623 1027 1676 pereat
1065 1634 1156 1662 non
1196 1623 1266 1663 est
1304 1620 1517 1664 uoluntas
1557 1621 1644 1664 Dei

91 1701 134 1726 ιο
151 1688 347 1732 uolentis
366 1689 485 1732 bona
504 1689 757 1733 dumtaxat.
818 1689 899 1732 Ait
919 1689 1126 1746 Moyses:
1155 1690 1266 1743 QVI
1297 1690 1407 1733 EST
1427 1691 1552 1734 misit
1572 1706 1644 1734 me

151 1757 211 1801 ad
238 1772 348 1811 uos;
377 1762 425 1802 et
452 1758 582 1801 illum
613 1759 833 1817 singulari
857 1759 996 1803 uerbo
1017 1763 1064 1804 et
1082 1761 1400 1818 praerogatiua
1418 1761 1643 1819 significa-

149 1828 274 1872 tione
293 1829 468 1873 censuit
487 1844 582 1873 esse
602 1830 680 1887 qm'
695 1845 870 1888 semper
889 1830 1007 1873 idem
1028 1835 1098 1874 est
1111 1833 1166 1874 ut
1185 1831 1226 1874 ei
1246 1846 1327 1875 nec
1346 1832 1643 1889 praeteritum

150 1901 354 1942 transeat
383 1914 466 1943 nec
497 1899 705 1944 futurum
736 1900 971 1949 immineat
1005 1901 1154 1959 sitque
1188 1901 1402 1945 immunis
1441 1902 1642 1946 omnium
1660 1918 1686 1947 c

152 1972 369 2012 motuum.
429 1970 550 2012 Nam
569 1970 649 2013 illa
668 1971 941 2014 subsistendi
969 1971 1240 2030 dedignatus
1267 1975 1335 2015 est
1361 1973 1500 2015 uerbo
1528 1987 1642 2029 quae

91 2050 135 2086 ¹5
152 2053 255 2083 cum
284 2043 485 2098 tempore
514 2040 736 2084 festinant
763 2041 823 2084 ad
852 2056 943 2084 non
973 2056 1068 2085 esse
1099 2045 1146 2085 et
1174 2042 1365 2100 singulis
1404 2043 1644 2086 momentis

150 2123 234 2167 per
262 2110 414 2153 uarios
448 2114 599 2154 motus
632 2111 703 2154 sui
742 2111 1089 2169 proficiscuntur
1127 2112 1176 2154 in
1214 2116 1417 2156 mortem.
1492 2113 1552 2156 Et
1586 2113 1642 2156 de

152 2246 175 2273 2
194 2242 280 2283 post
295 2237 492 2284 potentiae
508 2240 595 2275 add.
612 2241 653 2276 et
668 2238 711 2274 M
818 2249 842 2286 9
865 2238 892 2275 i.
913 2239 969 2286 (=
975 2239 1017 2276 id
1034 2239 1107 2286 est)
1127 2238 1267 2276 CBAM
1391 2250 1437 2276 10
1460 2239 1599 2277 Moises
1617 2239 1642 2276 S

150 2295 202 2322 20
224 2285 362 2322 moises
378 2285 404 2322 S
581 2297 628 2332 24
653 2286 836 2334 dignatus
853 2286 903 2322 A¹

205 2400 222 2427 1
246 2393 464 2437 genitorem·
490 2391 589 2428 Plat.
611 2392 705 2427 Tim.
719 2390 792 2427 loc.
808 2390 874 2428 cit.
1018 2402 1041 2437 3
1066 2396 1143 2427 tam
1158 2397 1210 2427 est
1226 2394 1397 2427 inuenire
1413 2394 1515 2429 etc.:
1542 2392 1644 2430 Plat.

152 2438 447 2533 fflzwsst.
469 2489 568 2523 m-
592 2452 626 2522 ἒ.
643 2440 1091 2533 ΞῗᾶῗΐῗορἫ-ῗιὲι
1094 2439 1156 2521 effi.
1162 2439 1329 2532 {31³2}
1346 2441 1452 2534 {ug
1471 2489 1514 2524 ae
1534 2451 1586 2525 0⁵
1590 2442 1643 2526 »ὁ

153 2534 232 2571 viii.
254 2545 269 2571 1
290 2537 332 2571 et
350 2544 383 2581 5.
522 2545 546 2580 9
569 2536 741 2570 bibendae
747 2536 943 2579 felmtatw
958 2536 1053 2571 etc.:
1079 2534 1131 2571 cf.
1146 2535 1205 2571 Ps.
1220 2547 1329 2571 xxxv.
1345 2546 1380 2581 9,
1396 2546 1452 2572 10.
1597 2548 1643 2573 10

152 2584 296 2637 Moyses
319 2585 419 2619 etc.-
451 2595 486 2618 v.
505 2582 600 2619 Gen.
618 2582 645 2617 i.
670 2593 698 2625 1,
718 2591 764 2627 7,
799 2581 900 2618 Plat
930 2583 1024 2618 Tim.
1050 2592 1142 2628 311³
1166 2595 1294 2629 seqq.;
1328 2584 1424 2638 Aug
1453 2585 1497 2619 de
1525 2585 1563 2620 C'.
1590 2587 1638 2622 D.

153 2629 233 2666 viii.
256 2640 310 2666 ιι
466 2631 586 2675 17,18
613 2634 726 2666 Omne
741 2632 918 2677 siquidem
936 2632 1031 2666 etc.:
1058 2630 1157 2666 Plat.
1178 2632 1272 2666 Tim.
1290 2641 1333 2675 41
1351 2641 1378 2666 Β
1393 2631 1436 2667 in
1453 2631 1643 2668 chalcidii

152 2677 338 2715 versione.
472 2679 593 2724 18,19
608 2679 671 2714 sed
686 2683 728 2713 ut
743 2679 855 2714 bonae
879 2681 978 2714 etc.:
1005 2678 1110 2715 Haec
1136 2678 1256 2715 etiam
1281 2690 1329 2715 ex
1353 2679 1526 2716 Platonis
1546 2682 1641 2717 Tim.

154 2736 198 2771 41
215 2736 245 2762 Α
262 2725 464 2772 desumpta
480 2729 560 2762 est:
585 2725 627 2761 in
645 2725 836 2762 Chalcidii
852 2727 984 2762 tamen
997 2726 1166 2762 versione
1185 2726 1372 2773 legimus;
1398 2733 1535 2764 acuero

154 2775 249 2810 bona
265 2776 408 2810 ratione
426 2776 593 2809 iunctum
609 2779 715 2820 atque
730 2775 958 2810 modulatum
979 2779 1030 2809 est
1052 2776 1208 2810 dissolui
1222 2786 1298 2810 non
1314 2780 1366 2811 est
1382 2777 1464 2812 Dei.
1512 2775 1642 2813 Verba

155 2821 330 2858 Platonis
344 2821 441 2859 haec
458 2824 572 2857 sunt:
597 2825 638 2857 τό
654 2824 778 2869 γεμὴν
803 2825 916 2858 καλῶς
940 2825 961 2856 ἆ
963 2822 1160 2868 ρμοσθένκ
1141 2824 1196 2858 καὶ
1221 2825 1304 2868 ἔχον
1326 2821 1366 2858 εὖ
1387 2825 1452 2859 Me
1434 2838 1484 2859 ειν
1505 2824 1604 2860 ἒεθὲλ
1589 2840 1641 2860 ειν

156 2872 273 2905 κακοῦ.
420 2880 467 2906 20
489 2871 646 2905 uolentis
661 2871 774 2905 bona:
800 2881 833 2905 v.
851 2869 951 2906 Plat.
973 2871 1066 2905 Tim.
1083 2880 1131 2915 30
1143 2880 1173 2906 Δ
1189 2870 1231 2906 in
1249 2870 1376 2909 Chalc.
1394 2883 1490 2909 vers.
1572 2874 1642 2909 Ait

154 2916 767 2964 Moysesetc.:v..Exodiii.;14
791 2917 1247 2964 Aug.aec.D.viii..11

1467 3001 1531 3036 109
