1846 3262
149 196 251 231 cu.
267 182 415 245 xvm]
675 182 1125 229 POLICRATICVS
1667 182 1743 229 613
1762 179 1793 220 d

149 342 257 402 Cap.
284 342 350 387 18.
380 343 606 402 Exempla
633 343 888 387 recentium
911 341 1228 393 historiarum,
1254 345 1294 385 et
1321 340 1543 398 quomodo
1567 353 1648 382 rea>

267 414 503 459 Henricus
548 414 774 458 secundus
821 417 1126 471 tempestatem
1172 417 1212 456 et
1255 411 1479 470 procella-s
1528 410 1647 468 ‘regis

265 485 490 544 Stephani
508 486 790 530 serenauerz't
812 489 852 529 et
870 484 1114 542 pacauerit
1135 483 1360 528 insulam.

207 578 270 623 Et
299 579 406 638 quia
435 579 604 623 Brenni
628 579 820 623 historia
849 578 984 622 alicui
1012 577 1131 622 forte
1157 578 1293 622 nimis
1322 580 1495 621 remota
1522 576 1647 620 uide-

109 666 130 699 5
147 649 274 693 bitur
307 650 366 693 ad
396 649 793 694 demonstrandam
823 648 1043 692 uirtutem
1073 649 1223 707 gentis
1254 648 1327 692 cui
1358 663 1450 692 non
1481 650 1649 691 natura

147 720 227 764 sed
266 720 473 764 doctrina
513 720 779 764 exercitium
818 734 892 762 ars
932 722 979 762 et
1019 718 1138 762 forte
1178 719 1274 762 dux
1314 719 1451 770 deest,
1486 717 1648 762 accedo

145 790 333 848 propius
365 794 412 835 et
443 806 496 834 ea
531 805 646 848 quae
681 792 790 833 sunt
820 788 916 833 fere
951 789 1159 833 omnibus
1193 791 1304 833 nota
1334 788 1648 847 compendioso

147 875 351 905 sermone
371 875 630 919 proponam.

207 930 396 976 Cnudus
417 933 590 988 quanta
608 930 782 973 uirtute
797 929 1051 987 Anglorum
1065 930 1211 974 Dacos
1226 929 1438 973 Danosue
1459 928 1650 988 fregerit

88 1015 132 1041 10
147 1005 387 1059 motusque
421 1000 744 1058 compescuerit
779 1000 1049 1043 Noricorum
1082 1000 1156 1043 uel
1187 1015 1245 1044 ex
1275 1015 1326 1044 eo
1361 1000 1648 1058 perspicuum
1665 998 1745 1047 614
1765 1008 1797 1038 a

147 1074 218 1115 est
232 1071 365 1130 quod,
377 1072 435 1115 ob
450 1071 656 1130 egregiae
671 1070 860 1113 uirtutis
876 1070 1089 1113 meritum
1106 1085 1243 1128 quam
1258 1071 1427 1114 ibidem
1439 1073 1650 1128 potenter

146 1145 194 1187 et
207 1145 419 1201 patenter
433 1141 648 1192 exercuit,
665 1140 831 1186 Cantia
845 1144 1002 1184 nostra
1022 1141 1195 1199 primae
1215 1141 1412 1185 cohortis
1433 1141 1649 1184 honorem

146 1215 195 1257 et
224 1212 394 1271 primos
425 1226 690 1271 congressus
721 1211 921 1255 hostium
953 1227 1095 1269 usque
1131 1213 1179 1255 in
1220 1212 1488 1256 hodiernum
1528 1212 1649 1255 diem

146 1283 197 1327 in
223 1283 433 1328 omnibus
455 1282 638 1341 praeliis
664 1282 852 1340 optinet.
913 1281 1152 1326 Prouincia
1183 1297 1360 1340 quoque
1391 1282 1649 1333 Seueriana„

147 1417 173 1452 4
195 1406 371 1454 hystoria
388 1405 431 1443 M
579 1414 597 1452 5
623 1404 915 1442 monstrandam
933 1404 975 1440 M
1121 1415 1142 1452 7
1169 1404 1250 1443 fere
1267 1407 1359 1443 sunt
1376 1404 1444 1442 SM
1512 1428 1515 1429 ν
1605 1415 1648 1452 13

147 1466 371 1503 congressos
389 1454 414 1492 S
564 1465 608 1500 14
633 1453 786 1491 obtinet
803 1452 937 1490 CBSM

194 1577 220 1613 9
244 1567 365 1603 Dacos
381 1567 479 1603 etc.:
507 1563 731 1602 Noricorum
750 1564 819 1601 sub
836 1566 974 1601 sancto
991 1563 1087 1601 Olao
1104 1576 1196 1611 rege
1220 1563 1496 1602 rebellantium
1520 1565 1650 1601 motus

148 1613 261 1652 annis
282 1615 372 1651 1028
391 1616 431 1652 et
451 1624 544 1660 1030
566 1612 804 1660 compescuit
823 1612 977 1649 Cnudus
1002 1625 1093 1658 rex3
1119 1613 1185 1650 sed
1210 1625 1286 1660 quo
1310 1615 1484 1660 tempore
1509 1616 1650 1650 uirtute

147 1665 355 1710 Anqzorum
371 1664 493 1699 Dacos
508 1663 682 1699 Danosue
697 1664 855 1708 freyerit
878 1660 1049 1698 dubitari
1075 1663 1225 1708 potest;
1251 1661 1300 1698 ad
1317 1662 1480 1699 eandem
1498 1661 1651 1708 expedi-

147 1711 297 1749 tionem
314 1710 505 1759 respicere
529 1711 715 1748 Ioannem
736 1709 917 1756 suspicor,
935 1710 983 1747 de
1006 1721 1083 1756 qua
1100 1710 1266 1757 legimus
1290 1710 1395 1757 apud
1419 1710 1649 1757 scriptorem

153 1761 258 1796 Vitae
289 1761 471 1796 Edwardi
500 1761 610 1805 Reyis
636 1761 700 1806 qui
726 1760 830 1804 apud
859 1759 1218 1795 Westmonasterium
1241 1761 1430 1805 requie-scit
1454 1759 1503 1795 ab
1528 1759 1579 1795 Η.
1605 1759 1648 1795 R.

147 1807 276 1845 Luamd
307 1807 414 1846 inter
445 1807 541 1844 alias
575 1807 748 1845 eiusdem
781 1806 883 1853 regis
907 1805 1005 1843 vitas
1031 1806 1159 1845 editae
1196 1809 1248 1854 (p.
1275 1807 1390 1853 392):
1431 1809 1650 1844 Vocantibus

147 1862 270 1894 autem
306 1858 526 1904 quibusdam
556 1858 662 1902 requi
698 1857 978 1902 competentibus
1011 1857 1165 1902 negotiis
1199 1867 1317 1902 reyem
1351 1857 1417 1898 (sc.
1454 1855 1647 1900 Cnudum)

146 1907 192 1942 in
218 1911 359 1952 qentem
385 1917 494 1942 suam
523 1905 587 1951 (sc.
614 1903 952 1949 Danos)—absenti
975 1905 1074 1940 enim
1098 1906 1273 1940 rebellare
1297 1910 1531 1951 parauerunt
1559 1906 1649 1941 collo

147 1955 280 1999 effrem·
311 1955 391 1990 eius
422 1954 617 1990 abicientes
644 1953 1065 2000 potentiam—adhaesit
1095 1965 1208 1989 comes
1242 1953 1306 1999 (sc.
1337 1951 1560 1998 Godwinus)
1595 1955 1651 1989 in-

147 2003 330 2039 diuiduas
346 2014 421 2048 per
449 2014 593 2039 omnem
616 2004 731 2038 uiam.
782 2002 858 2037 Hic
890 2003 970 2037 eius
997 2002 1250 2047 prudentiam,
1281 2002 1342 2038 hic
1374 2003 1540 2038 laborum
1571 2013 1650 2037 eon—

145 2053 335 2094 stantiam‚
353 2052 413 2087 hic
427 2052 584 2086 uirtutis
598 2052 782 2094 militiam,
801 2051 860 2086 hic
876 2052 1053 2086 attentius
1069 2055 1242 2096 expertus
1265 2055 1317 2086 est
1341 2051 1438 2085 idem
1462 2062 1530 2085 rex
1553 2051 1652 2085 tanti

142 2101 332 2146 principis
363 2100 577 2142 ualentiam,
604 2111 715 2145 quam
748 2100 965 2145 profundus
997 2099 1144 2145 eloquio,
1179 2103 1212 2134 et
1243 2100 1278 2134 si
1310 2110 1392 2134 eum
1423 2099 1495 2134 eibi
1527 2100 1651 2134 artius

146 2150 383 2194 asstrinyeret
407 2149 539 2194 quouis
563 2149 702 2183 decenti
726 2148 906 2191 beneficio,
924 2152 1083 2193 quantae
1108 2148 1371 2182 commoditatis
1394 2148 1464 2182 sibi
1478 2148 1582 2192 foret
1606 2148 1649 2181 in

147 2198 295 2233 nouiter
332 2197 510 2243 acquisito
543 2197 751 2240 Anqlorum
787 2207 906 2241 reyno.
970 2194 1191 2232 Notandum
1233 2197 1291 2231 est
1325 2193 1555 2230 Godwinum
1597 2195 1646 2230 ab

148 2242 339 2282 Eadmero
369 2243 552 2282 comitem
593 2243 756 2280 Cantiae
785 2243 1004 2290 nuncupari
1045 2244 1092 2289 (v.
1124 2243 1311 2280 Freeman
1341 2245 1496 2289 History
1524 2245 1571 2288 of
1589 2244 1648 2278 the

146 2294 317 2330 ,Nor-man
337 2293 514 2340 Gonqueet
529 2291 555 2328 i.
568 2292 627 2329 ed.
645 2303 679 2338 3.
695 2304 760 2338 pp.
781 2301 846 2338 731
864 2292 1004 2338 seqq.);
1032 2294 1072 2328 et
1088 2291 1162 2328 hoc
1178 2291 1262 2328 loco
1279 2291 1443 2328 innuere
1460 2291 1647 2328 Ioannem

148 2341 356 2378 Cantianos
371 2339 477 2378 inter
493 2342 640 2378 ceteros
656 2340 801 2395 Anglos
817 2340 886 2376 sub
898 2340 1031 2376 cnudo
1049 2339 1268 2376 militantes
1286 2339 1433 2386 optime
1451 2338 1644 2381 meruisse,

148 2389 287 2437 quibus
303 2389 490 2426 credibile
506 2391 564 2426 est
580 2388 790 2436 praefuisse
808 2390 852 2424 ut
868 2387 1050 2425 comitem
1067 2387 1308 2433 Godwiuum,
1326 2387 1435 2424 cuius
1451 2386 1493 2422 in
1511 2388 1646 2424 eadem

149 2437 394 2485 expeditione
410 2438 532 2473 virtus
548 2438 596 2473 ab
614 2439 772 2473 auctore
795 2437 901 2472 Vitae
917 2437 1124 2472 Eudwardt'
1136 2436 1328 2472 laudatur.
1477 2446 1520 2471 10
1540 2437 1650 2471 Nori-

148 2498 290 2523 corum:
310 2485 374 2523 i.e.
388 2485 564 2532 gentium
582 2484 817 2531 Norvegiam
832 2486 998 2530 (Narem,
1011 2484 1186 2531 Norreke)
1202 2481 1481 2520 habitantium:
1508 2483 1563 2520 sic
1577 2496 1647 2531 ap-

148 2533 348 2581 pellantur
373 2544 398 2569 a.
423 2533 652 2580 quibusdam
679 2531 800 2570 medii
828 2531 912 2569 aevi
937 2531 1158 2569 auctoribus
1184 2544 1216 2569 e.
1229 2543 1268 2578 g.
1292 2530 1494 2568 willelmo
1519 2531 1645 2569 Picta-

148 2581 283 2628 viensi,
305 2581 503 2619 Willelmo
530 2579 876 2626 Malmesburiensi,
900 2580 1083 2618 Orderico
1108 2580 1242 2617 Vitali.
1440 2590 1482 2616 12
1511 2582 1647 2617 Cantia

148 2636 300 2668 nostra:
320 2629 374 2666 Vt
384 2629 672 2666 Cantuariensis
690 2629 740 2665 ad
754 2628 1068 2666 cantuariensem
1078 2628 1267 2665 Th0mam
1277 2627 1468 2674 loquitur;
1484 2631 1646 2675 uterque

149 2678 255 2716 enim
271 2690 320 2716 ex
335 2677 488 2715 familia
503 2676 715 2715 Theobaldi
735 2676 1017 2723 archiepiscopi
1039 2678 1179 2714 fuerat.
1318 2678 1467 2723 primae
1490 2678 1648 2714 cohorti-s

148 2729 247 2765 etc:
273 2726 325 2764 cf.
345 2726 465 2763 Wace
483 2728 629 2763 Roman
652 2727 697 2762 de
721 2727 803 2762 Rou
827 2724 885 2762 ed.
912 2725 1115 2762 Andresen
1139 2724 1181 2761 ii.
1208 2736 1247 2772 p.
1272 2735 1339 2771 341
1360 2726 1448 2761 Kar
1467 2737 1506 2762 co
1530 2727 1643 2770 dient,

146 2787 216 2824 que
239 2777 290 2812 cil
313 2777 358 2811 de
381 2776 480 2811 Kent
506 2776 668 2811 Deiuent
690 2776 794 2821 ferir
814 2775 1115 2820 premierement;
1151 2775 1206 2810 Οτι
1233 2786 1301 2821 que
1329 2775 1358 2809 li
1380 2775 1454 2810 reis
1480 2786 1573 2820 ωερε
1601 2786 1648 2810 en

147 2829 251 2918 cetos,
268 2825 318 2860 Ia·
335 2825 502 2919 13remier
520 2824 600 2870 colp
622 2825 698 2860 deit
718 2828 807 2859 estre
829 2823 896 2859 lor.
1046 2833 1090 2869 14
1114 2823 1338 2859 Seueriana:
1363 2822 1413 2860 cf.
1438 2821 1543 2859 infra.
1567 2821 1648 2860 viii.

153 2883 199 2919 19
234 2882 304 2919 792
322 2881 351 2908 n
370 2899 381 2908 .

1486 2951 1532 2988 4⁷
