1846 3262
157 233 258 267 cn.
272 218 376 281 XVI]
674 219 1081 266 POLICRATICV
1083 219 1117 263 S

155 342 509 401 compendiosior
521 356 531 395 ;
566 357 684 393 nam,
713 345 768 386 ut
796 342 884 386 dici
914 341 1039 393 solet,
1065 356 1192 385 amor
1221 341 1391 400 ingenii
1421 341 1646 384 neminem

155 427 371 471 umquam
392 413 583 456 diuitem
604 412 725 457 fecit.

231 531 340 590 Cap.
364 534 430 576 16.
461 532 527 576 De
548 547 703 576 amore
721 532 1024 584 diuitiarum,
1045 536 1084 576 et
1103 532 1225 589 quod
1243 531 1299 575 in
1319 531 1382 575 eis
1401 530 1571 575 anima

738 618 835 647 ‘non
855 603 1057 661 quiescit.

116 705 138 741 5
217 685 306 739 Qui
327 685 443 729 solas
464 685 649 729 diuitias
674 701 911 744 congerere
937 688 1110 736 curant,
1130 685 1270 728 nichil
1297 684 1345 727 in
1369 684 1467 727 uita
1493 683 1645 742 potius

155 755 276 800 credi
306 755 468 799 uolunt
491 756 569 799 uia
596 771 731 813 quam
758 756 917 800 ceteris
946 755 1272 813 praetulerunt.
1346 755 1409 798 Vt
1436 755 1500 797 eis
1527 754 1642 796 indi-

153 825 310 884 gentia
341 826 589 883 expleatur,
620 827 799 870 diuersa
829 827 1080 884 probantur
1114 840 1143 868 a
1177 825 1380 869 diuersis.
1452 824 1643 868 Nullum

154 911 294 954 graue
313 896 561 954 periculum
582 900 662 949 est,
682 897 722 940 si
742 912 843 954 spes
863 897 1004 940 dolosi
1024 896 1198 939 nummi
1218 895 1455 953 refulgeat,
1491 895 1645 952 Ipsam

154 965 251 1010 fere
270 969 482 1010 naturam
502 967 646 1010 uincit
665 982 791 1010 amor
810 967 1024 1024 pecuniae
1044 970 1091 1009 et
1111 981 1182 1009 res
1209 981 1322 1023 pene
1348 965 1646 1023 impossibiles

95 1059 138 1084 ιο
156 1035 214 1079 ad
234 1036 490 1094 possibilem
507 1036 673 1094 redigit
692 1035 969 1080 facultatem.
1027 1035 1181 1079 Auaro
1201 1035 1340 1079 nichil
1355 1035 1446 1077 uile
1461 1035 1646 1077 uidetur

154 1109 237 1149 aut
256 1106 487 1149 sordidum
501 1120 511 1158 ;
541 1109 587 1149 et
603 1106 814 1149 sibilante
829 1106 994 1164 populo
1011 1106 1207 1163 seipsum
1223 1105 1490 1155 consolatur,
1506 1105 1644 1149 immo

153 1177 201 1218 et
219 1175 307 1219 sibi
326 1175 564 1234 applaudit
591 1176 725 1219 simul
749 1190 802 1219 ac
829 1191 1036 1219 nummos
1063 1176 1395 1233 contemplatur
1420 1177 1469 1218 in
1496 1176 1643 1220 archa.

153 1242 475 1290 Petronianum
495 1246 607 1289 illud
628 1246 854 1305 ingestum
874 1247 1082 1290 omnibus
1102 1246 1280 1290 credas:

244 1327 458 1386 Quisquis
487 1329 625 1372 habet
654 1343 874 1380 nummos,
903 1343 1059 1372 secura
1087 1329 1276 1386 nauiget
1306 1343 1418 1372 aura

92 1409 135 1446 ¹5
299 1387 619 1445 fortunamque
648 1403 730 1431 suo
759 1390 979 1445 temperet
1006 1388 1207 1431 arbitrio.

242 1446 439 1490 onrem
469 1447 605 1490 ducat
634 1446 823 1490 Danaen
851 1447 1088 1504 ipsumque
1117 1447 1272 1490 licebit

299 1505 525 1549 Acrisium
555 1506 710 1549 iubeat
739 1506 917 1550 credere
948 1506 1067 1563 quod
1098 1506 1298 1549 Danaen.

241 1563 455 1608 Carmina
483 1568 734 1623 componat,
761 1565 991 1614 declamet,
1021 1568 1267 1622 concrepet,
1298 1580 1453 1610 omnes

299 1627 347 1667 et
374 1627 563 1682 peragat
591 1639 759 1675 causas,
789 1624 936 1681 sitque
967 1623 1139 1668 Catone
1168 1625 1302 1681 prior.

90 1704 137 1731 ,ο
241 1682 592 1727 Iurisconsultus
624 1690 633 1708 ‘
649 1686 791 1740 paret,
820 1699 911 1726 non
941 1687 1071 1741 paret
1084 1684 1094 1699 ’
1124 1683 1301 1735 habeto,

87 1752 92 1755 ·
299 1746 436 1799 atque
465 1746 562 1786 esto
592 1742 804 1800 quicquid
834 1742 1021 1786 Seruius
1051 1746 1097 1786 et
1127 1742 1285 1786 Labeo.

239 1800 387 1845 Multa
416 1801 600 1858 loquor;
640 1802 821 1859 quiduis
850 1802 1047 1845 nummis
1076 1801 1388 1859 praesentibus
1417 1804 1537 1860 opta,

297 1865 344 1904 et
372 1861 552 1914 ueniet3
591 1861 793 1904 clausum
822 1861 1021 1918 possidet
1049 1861 1187 1904 archa
1215 1861 1384 1904 Iouem.

150 1939 274 1984 Dum
308 1941 461 2000 itaque
495 1945 732 2000 quaestum
772 1942 924 1994 faciat,
955 1942 1082 1986 nulla
1115 1957 1220 2000 pars
1259 1942 1418 1985 mundi
1457 1942 1642 1986 uidetur

90 2025 135 2062 ²5
150 2011 468 2056 inaccessibilis
487 2016 534 2056 et
552 2013 695 2071 ipsius
714 2013 912 2056 torridae
937 2017 1084 2056 estum
1108 2013 1252 2056 maior
1274 2013 1494 2056 auaritiae
1520 2013 1641 2071 ignis

150 2087 382 2141 exuperat.
439 2083 553 2127 Inde
583 2087 652 2127 est
682 2083 827 2141 quod:

269 2154 358 2198 Hic
387 2157 538 2222 mutat
567 2169 735 2198 merces
766 2157 979 2222 surgente
1008 2169 1037 2197 a
1066 2154 1158 2198 sole
1189 2154 1247 2197 ad
1278 2169 1380 2197 eum
1411 2169 1500 2211 quo

150 2270 240 2315 Hic
266 2216 1051 2329 goetsopeirgffiutepeettffggffiosoem

87 2346 135 2382 3⁰
851 2331 1156 2384 concurritur;
1194 2330 1332 2373 horae

266 2391 495 2432 momento
523 2389 614 2433 cita
642 2403 762 2432 mors
791 2390 919 2433 uenit
947 2393 1029 2432 aut
1057 2389 1249 2433 uictoria
1277 2389 1393 2442 leta;

149 2465 267 2510 alius
286 2464 490 2523 superbis
510 2464 679 2522 gaudet
697 2465 892 2509 assidere
911 2465 1143 2508 liminibus
1163 2468 1217 2508 ut
1241 2480 1298 2508 ex
1326 2464 1638 2509 familiaritate

152 2565 184 2598 1,
202 2565 224 2591 2
250 2553 443 2590 neminem
459 2550 659 2599 umquam]
677 2563 876 2597 nunquam
892 2550 1088 2588 hominem
1104 2551 1146 2588 M
1346 2562 1369 2588 2
1393 2551 1558 2590 diuitem
1574 2566 1638 2590 un-

149 2615 268 2650 quam
285 2601 333 2637 B¹
520 2611 563 2647 13
589 2599 722 2637 credas
738 2598 914 2636 omnibus
929 2598 978 2634 Αι
1149 2600 1193 2637 16
1218 2599 1371 2636 danaan
1389 2599 1429 2636 8¹
1593 2611 1636 2647 17

148 2652 302 2688 dannan
325 2647 492 2685 CBASM
640 2649 683 2684 18
706 2647 938 2684 declammet
954 2646 980 2683 S
1126 2648 1173 2684 26
1197 2650 1402 2695 exsuperat
1419 2647 1445 2685 S

201 2732 219 2759 1
246 2733 351 2758 amor
365 2721 506 2767 inqenii
525 2722 623 2756 etc.:
650 2719 805 2756 Petron.
821 2720 900 2755 Sat.
914 2720 971 2764 83.
1158 2719 1180 2754 8
1204 2720 1239 2754 εἰ
1252 2730 1335 2764 spes
1351 2720 1450 2756 etc.:
1474 2732 1509 2756 v.
1533 2718 1637 2758 Pers.

148 2774 226 2809 Sat.
244 2769 341 2818 prol.
362 2779 415 2805 12.
550 2777 589 2804 11
619 2773 652 2804 et
667 2768 836 2803 sibilante
853 2768 952 2804 etc.:
976 2778 1010 2803 v.
1026 2766 1119 2803 Hor.
1135 2767 1212 2803 Sat.
1228 2766 1253 2803 i.
1276 2777 1306 2803 1.
1324 2767 1383 2810 66,
1400 2769 1461 2813 67.
1592 2779 1636 2814 14

152 2820 324 2866 Quisquis
339 2817 445 2852 habet
460 2818 532 2853 etc.
547 2828 556 2851 :
581 2815 738 2853 Petron.
754 2817 832 2852 Sat.
854 2824 933 2861 137.
1033 2824 1077 2860 27
1103 2816 1178 2851 Hic
1194 2820 1312 2850 mutat
1327 2817 1423 2852 etc.:
1450 2815 1542 2853 Hor.
1558 2818 1636 2854 sat.

147 2867 175 2904 i.
193 2878 229 2913 4.
246 2876 303 2912 29,
322 2875 380 2911 30.
523 2873 571 2910 29
584 2866 717 2910 fertur
735 2865 778 2899 in
800 2865 959 2900 hostem:
989 2862 1105 2910 Verg.
1132 2864 1258 2910 θωνα.
1282 2862 1339 2900 111.
1363 2865 1446 2911 236.
1588 2875 1637 2912 30

149 2916 384 2954 concurritur
397 2913 493 2950 etc.:
516 2912 608 2950 Hor.
624 2914 701 2950 Sat.
718 2911 745 2949 i.
767 2921 798 2950 1.
815 2921 850 2958 7,
868 2913 901 2949 8.

1461 2975 1526 3014 15⁷

1664 221 1747 270 673
1766 230 1798 260 a

1661 757 1691 795 b

1659 1808 1687 1839 c
