1846 3262
141 242 243 276 cAP.
259 232 375 288 xxv]
668 230 1110 277 POLICRATICVS

141 351 313 410 laqueis
339 353 426 396 sibi
452 354 662 411 spiritum
690 354 953 413 eripuerunt
980 353 1088 397 eliso
1114 355 1300 412 gutture
1323 367 1379 396 ne
1400 352 1623 396 seruirent

141 426 224 466 aut
254 423 496 480 pudicitiae
528 424 811 482 dispendium
841 427 1115 482 paterentur.
1176 423 1226 466 Si
1261 423 1439 481 singula
1468 423 1621 466 huius-

139 493 262 537 modi
290 494 456 537 referre
483 494 678 545 noluero,
699 497 875 551 tempus
901 497 1143 551 antequam
1170 494 1374 551 exempla
1401 493 1618 537 deficient.

1640 235 1727 283 706
1746 244 1777 274 a

140 562 386 607 Libertatis
416 565 568 621 itaque
591 579 698 607 usus
723 564 914 607 eximius
939 567 1019 615 est,
1042 564 1171 621 eique
1197 564 1280 607 soli
1309 564 1515 621 displicet
1539 563 1664 621 quib

101 651 122 686 5
139 634 339 678 moribus
368 635 605 678 seruilibus
634 635 763 678 uiuit.
824 634 949 687 Quae
978 634 1117 677 libere
1140 634 1352 678 dicuntur
1380 638 1462 678 aut
1489 635 1618 685 fiunt,

139 704 258 748 sicut
277 705 465 758 timoris,
485 706 552 748 ita
578 708 624 748 et
647 705 916 748 temeritatis
940 705 1144 762 expertia
1167 707 1274 747 sunt
1293 708 1351 755 et,
1370 705 1477 748 dum
1498 708 1620 748 recta

139 774 218 818 uia
248 775 483 828 inceditur,
512 775 689 819 laudem
719 777 950 817 merentur
978 778 1024 817 et
1052 774 1257 832 gratiam.
1316 775 1381 818 At
1405 787 1507 818 cum
1536 775 1621 818 sub

138 845 335 904 imagine
355 846 579 889 libertatis
599 845 829 889 temeritas
855 844 1042 901 spiritus
1066 845 1136 887 sui
1161 844 1365 902 profudit
1383 846 1621 888 uehemen-

138 915 263 967 tiam,
285 916 671 974 reprehensionem
687 915 887 965 incurrit,
903 914 1030 971 uulgi
1051 914 1231 971 quidem
1246 915 1431 958 auribus
1449 915 1623 973 gratior

79 1005 123 1030 10
140 1000 275 1042 quam
314 986 631 1044 sapientissimi
677 985 891 1041 cuiusque
936 984 1088 1028 animo
1134 985 1419 1041 probabilior,
1462 988 1619 1042 utpote

138 1055 420 1113 frequentius
446 1059 548 1099 tuta
574 1056 708 1099 uenia
730 1055 878 1098 aliena
904 1069 1039 1111 quam
1063 1054 1349 1111 prouidentia
1368 1069 1460 1098 sua.
1521 1055 1619 1098 Viri

138 1128 292 1169 tamen
319 1126 478 1184 optimi
507 1129 554 1169 et
578 1124 897 1183 sapientissimi
924 1127 993 1167 est
1020 1123 1218 1167 habenas
1242 1124 1395 1167 laxare
1419 1125 1620 1168 libertati

137 1198 185 1239 et
203 1196 429 1253 quaelibet
444 1196 567 1239 dicta
581 1195 677 1238 eius
692 1195 917 1253 patienter
936 1194 1152 1252 excipere.
1201 1194 1292 1238 Sed
1310 1209 1391 1238 nec
1411 1195 1620 1252 operibus

136 1279 185 1308 se
203 1266 401 1323 opponit,
417 1266 524 1308 dum
544 1265 731 1308 uirtutis
750 1265 969 1308 iacturam
989 1279 1080 1307 non
1100 1264 1312 1308 incurrat.
1365 1263 1480 1308 Cum
1500 1266 1619 1309 enim

77 1354 119 1390 ¹5
137 1349 218 1393 per
243 1351 290 1380 se
314 1336 457 1394 ipsam
484 1337 633 1379 uirtus
659 1349 860 1393 quaeque
880 1334 1171 1392 resplendeat,
1192 1334 1438 1392 patientiae
1458 1335 1620 1378 titulus

135 1405 387 1464 gloriosiori
422 1406 598 1464 fulgore
638 1405 852 1450 clarescit.
911 1405 1246 1448 Priuernatium
1287 1404 1483 1462 quidam,
1517 1420 1618 1448 cum

133 1476 489 1535 interrogaretur
542 1476 719 1534 qualem
775 1490 930 1533 pacem
983 1475 1185 1518 habituri
1243 1478 1391 1518 essent
1449 1475 1618 1533 captiui

135 1547 432 1599 Priuernates,
482 1547 568 1590 sibi
617 1546 889 1604 impunitate
939 1545 1117 1596 donata,
1167 1545 1399 1603 respondit
1447 1546 1619 1589 consuli

136 1617 465 1661 Romanorum:
502 1617 553 1661 Si
587 1617 750 1661 bonam
785 1616 1012 1668 dederitis,
1040 1619 1327 1674 perpetuam;
1367 1616 1406 1659 si
1441 1616 1619 1667 malam,

75 1704 122 1730 ιο
136 1702 228 1732 non
258 1689 531 1732 diuturnam.
591 1687 692 1741 Qua
730 1701 839 1730 uoce
877 1686 1102 1730 libertatis
1140 1701 1231 1729 non
1270 1687 1403 1730 modo
1437 1687 1617 1730 ueniam

134 1758 389 1803 rebellionis
420 1757 714 1801 obtinuerunt
748 1748 1034 1799 Priuernates
1067 1756 1147 1800 sed
1180 1756 1318 1800 etiam
1353 1756 1617 1800 beneficium

132 1829 333 1874 ciuitatis
354 1829 592 1879 Romanae,
612 1827 719 1885 quia
737 1827 801 1871 sic
827 1827 876 1870 in
898 1830 1059 1870 senatu
1078 1826 1202 1884 loqui
1222 1827 1462 1870 Priuernas
1482 1841 1618 1870 ausus

133 1901 213 1944 est.
272 1898 507 1955 Philippus
532 1897 714 1955 quidam
741 1897 956 1940 aduersus
983 1896 1186 1940 ordinem
1207 1900 1464 1940 senatorum
1484 1897 1617 1939 liber-

133 1970 276 2012 tatem
307 1967 520 2019 exercuit,
554 1967 879 2025 segnitiemque
917 1981 1000 2024 pro
1032 1966 1190 2009 rostris
1221 1966 1496 2023 exprobrans
1528 1966 1617 2009 alio

73 2055 116 2090 ²5
133 2037 221 2080 sibi
242 2040 403 2081 senatu
429 2052 541 2094 opus
567 2052 661 2080 esse
688 2037 808 2080 dixit
820 2051 830 2090 ;
869 2051 950 2080 nec
979 2039 1132 2080 tamen
1158 2036 1385 2080 senatoria
1413 2037 1616 2094 grauitas

133 2107 305 2150 moueri
335 2107 498 2164 potuit,
527 2106 644 2150 sicut
671 2121 753 2150 nec
782 2106 1023 2164 prudentia
1053 2105 1250 2163 Philippi
1279 2106 1484 2157 consulis,
1514 2120 1615 2149 cum

133 2177 175 2220 ei
210 2191 239 2220 a
271 2191 348 2220 reo
382 2177 616 2227 diceretur,
641 2176 715 2219 cui
746 2176 916 2220 lictoris
950 2179 1237 2233 praeceperat
1270 2176 1378 2219 inici
1408 2190 1615 2220 manum:

132 2245 239 2290 Non
258 2261 318 2298 es,
337 2246 499 2304 inquit,
518 2247 581 2289 mi
602 2246 819 2304 Philippe,
838 2246 976 2290 michi
1000 2246 1167 2297 consul,
1187 2246 1295 2303 quia
1321 2260 1402 2290 nec
1426 2261 1509 2303 ego
1529 2246 1615 2289 tibi

133 2320 314 2361 senator
341 2331 452 2360 sum.
511 2316 667 2375 Magni
698 2316 898 2374 Pompeii
929 2316 1049 2360 inter
1084 2319 1254 2360 ceteros
1288 2316 1337 2358 in
1370 2316 1454 2359 hac
1484 2320 1613 2373 parte

1637 1420 1662 1449 C

71 2409 118 2443 30
133 2387 282 2431 uirtus
311 2386 487 2430 enituit.
545 2385 661 2430 Cum
691 2386 810 2430 enim
840 2385 1009 2429 Gneius
1039 2385 1141 2429 Piso
1170 2385 1375 2428 Mallium
1402 2384 1612 2443 Crispum
1627 2394 1659 2435 d

132 2472 260 2502 reum
290 2459 444 2514 ageret
474 2471 664 2513 eumque
697 2456 930 2499 euidenter
962 2458 1195 2499 nocentem
1230 2455 1430 2513 Pompeii
1464 2456 1613 2514 gratia

132 2528 246 2586 eripi
279 2526 466 2577 uideret,
497 2526 687 2569 iuuenili
719 2526 890 2583 impetu
924 2540 976 2569 ac
1007 2525 1158 2568 studio
1192 2525 1251 2568 ad
1285 2525 1612 2569 accusationem

131 2601 371 2656 prouectus
403 2596 549 2639 multa
582 2599 629 2640 et
659 2596 820 2654 grauia
852 2595 1041 2640 crimina
1070 2595 1353 2654 praepotenti
1387 2594 1612 2640 defensori

130 2723 155 2759 4
178 2710 386 2749 Libertatis
399 2709 549 2757 itaque]
566 2708 847 2756 ubertatisque
863 2708 905 2745 M

182 2822 201 2860 5
230 2815 329 2858 Quae
338 2813 446 2848 libere
459 2812 552 2848 etc.:
577 2809 660 2846 Val.
670 2808 776 2845 Max.
786 2808 855 2845 lib.
864 2807 913 2845 vi.
927 2820 1010 2855 cap.
1026 2818 1048 2845 2
1060 2806 1287 2845 inscribitur
1297 2808 1427 2845 Libere
1435 2809 1534 2844 dieta
1546 2814 1613 2846 aut

128 2864 240 2906 facta.
342 2855 1254 2903 16Pv-iuemati.no..metc:vVa1Max.v12§1
1352 2866 1398 2902 23
1414 2857 1517 2892 Phila·

130 2905 672 2953 εια·ν.Ῡο.1.Μαι.νί.2ξ2.
770 2915 817 2951 30
843 2906 1150 2942 οιιιηειιίηιθιο.·
1174 2867 1614 2953 V.V81.Ma{.vi.213,:⁸

1434 2986 1500 3022 ²19
