1846 3262
111 223 194 273 789
214 230 240 263 c
588 218 851 264 IOANNIS
891 216 1408 261 SARESBERIENSIS
1503 214 1731 278 [12113.V111

253 344 422 388 strictis
448 341 719 400 pugionibus
744 340 851 398 peti,
870 342 978 398 toga
1003 341 1139 396 caput
1163 338 1376 390 obuoluit,
1397 339 1530 382 simul
1550 339 1733 383 sinistra

253 428 391 456 manu
411 413 559 456 sinum
580 411 638 454 ad
658 411 750 453 ima
776 409 978 460 deduxit,
999 424 1087 466 quo
1117 408 1348 452 honestius
1375 408 1562 452 caderet.
1623 409 1733 452 Suc-

254 498 399 527 cessor
418 483 514 525 eius
534 481 768 539 Augustus
787 479 1070 523 felicissimus
1085 478 1284 522 omnium
1304 493 1350 522 se
1371 478 1454 521 sub
1474 478 1733 522 intermina-

255 554 378 596 tione
406 544 557 610 'penae
597 551 827 594 dominum
858 552 926 593 est
960 549 1214 606 prohibitus
1243 548 1467 606 appellare
1506 550 1552 592 et
1590 548 1735 592 ciuem

209 622 238 662 d
256 637 414 681 gerens
433 621 673 665 tirannidis
694 635 787 663 rem
807 619 1051 663 declinauit
1071 622 1117 662 et
1135 621 1302 662 notam.
1360 618 1564 661 Tiberius
1584 620 1735 661 autem
1754 633 1774 668 5

256 707 284 734 a
314 691 432 734 Iulio
462 688 625 734 tertius
654 704 828 733 ueneno
858 688 997 741 obiit3
1041 688 1168 732 cuius
1198 691 1342 731 morte
1372 689 1438 731 ita
1467 688 1634 731 letatus
1668 689 1737 731 est

256 762 448 820 populus
491 764 545 804 ut
583 760 765 804 Terram
806 763 995 802 matrem
1031 761 1076 802 et
1108 758 1226 802 Deos
1266 759 1421 801 Manes
1460 761 1640 801 orarent
1679 771 1737 800 ne

256 835 434 875 mortuo
473 831 621 874 sedem
656 830 795 873 ullam
831 829 991 872 darent
1025 828 1113 871 nisi
1144 827 1264 871 inter
1297 828 1470 885 impios.
1530 829 1601 880 Et,
1633 827 1738 871 licet

255 901 521 945 ueneficium
560 899 823 943 detestabile
870 913 1043 956 semper
1081 897 1230 951 fuerit,
1270 913 1493 941 uenenum
1535 912 1623 955 quo
1662 897 1738 941 ille

257 972 484 1015 extinctus
519 974 587 1014 est
621 970 741 1014 orbis
779 969 953 1013 censuit
987 983 1081 1012 esse
1119 968 1270 1011 uitale.
1345 968 1535 1026 Signum
1575 967 1738 1010 ueneni
1757 986 1800 1012 10

258 1045 430 1085 certum
457 1041 663 1084 habitum
691 1043 759 1083 est
786 1039 905 1097 quod
932 1053 1007 1082 cor
1033 1038 1153 1081 inter
1178 1053 1277 1081 ossa
1297 1038 1481 1081 cremati
1501 1037 1738 1081 inuentum

260 1114 329 1155 est
367 1112 689 1168 incorruptum.
750 1110 816 1153 Ea
860 1109 979 1152 enim
1019 1123 1169 1152 rerum
1209 1108 1446 1151 estimatur
1484 1110 1648 1151 natura
1685 1109 1741 1150 ut

259 1182 454 1225 tinctum
485 1196 659 1224 ueneno
693 1180 798 1238 igne
840 1179 996 1223 confici
1031 1181 1236 1236 nequeat.
1316 1178 1494 1221 Tertius
1533 1178 1741 1221 tirannus

260 1252 401 1295 Gaius
442 1251 648 1308 Caligula
686 1250 855 1294 occisus
894 1253 961 1293 est
996 1264 1024 1292 a
1063 1248 1316 1292 domesticis
1354 1248 1458 1291 suis.
1536 1247 1741 1290 Tiberius

262 1321 489 1372 Claudius,
514 1321 700 1378 quintus
728 1336 755 1363 a
782 1320 910 1371 Iulio,
932 1319 1017 1363 etsi
1047 1319 1319 1362 tirannidem
1349 1317 1577 1368 uitauefit,
1597 1317 1739 1359 mani·
1760 1333 1802 1369 15

262 1392 403 1444 festis,
432 1394 486 1434 ut
516 1391 632 1434 alter
662 1390 879 1441 Tiberius,
909 1389 1071 1432 ueneni
1107 1388 1247 1446 signis
1280 1388 1506 1431 extinctus
1537 1390 1617 1431 est.
1676 1386 1741 1430 At

264 1462 386 1505 Nero
416 1464 571 1505 sextus
602 1476 629 1503 a
658 1460 775 1503 Iulio
804 1460 1004 1503 omnium
1034 1458 1383 1502 immanissimus
1413 1461 1458 1501 et
1492 1457 1742 1500 uilissimus

111 1546 198 1586 790
219 1545 248 1575 a
265 1533 383 1576 hunc
404 1532 576 1575 exitum
597 1531 768 1575 habuit.
828 1530 1069 1587 Postquam
1089 1529 1220 1580 enim,
1232 1528 1518 1572 deformitate
1537 1530 1744 1571 ueterum

264 1601 507 1645 officiorum
528 1604 574 1644 et
594 1600 815 1658 angustiis
829 1600 1101 1657 flexurisque
1115 1599 1316 1643 uicorum
1331 1599 1536 1649 offensus,
1548 1600 1602 1640 ut
1615 1612 1743 1655 prae-

263 1671 434 1715 dictum
455 1674 534 1722 est,
549 1671 706 1714 urbem
727 1669 934 1721 incendit,
948 1669 1005 1712 ab
1026 1669 1146 1712 omni
1170 1668 1345 1726 populo,
1365 1668 1481 1711 sicut
1501 1667 1743 1711 Suetonius
1763 1684 1806 1708 πο

264 1741 551 1799 Tranquillus
600 1741 752 1794 refert,
797 1740 998 1783 desertus
1042 1741 1126 1790 est,
1176 1742 1222 1782 et
1270 1753 1371 1782 cum
1421 1738 1646 1796 ingressus
1695 1737 1744 1779 in

220 1822 229 1841 ⁶
264 1811 518 1855 cubiculum
549 1813 782 1868 quaereret
811 1824 1113 1868 percussorem
1143 1812 1190 1852 et
1218 1823 1308 1852 non
1338 1808 1573 1859 inueniret,
1593 1822 1746 1851 omnes

266 1881 430 1939 quippe
471 1881 789 1925 discesserant:
831 1880 950 1937 Ergo
990 1895 1083 1937 ego,
1114 1879 1275 1936 inquit,
1315 1893 1396 1922 nec
1435 1877 1626 1921 amicum
1666 1892 1747 1921 nec

265 1951 495 1995 inimicum
535 1951 711 1997 habeo?
791 1950 916 1993 Idem
953 1949 1088 2007 paulo
1123 1952 1364 2006 antequam
1403 1963 1450 1992 se
1489 1947 1748 1992 confoderet

266 2021 464 2064 scrobem
485 2036 633 2064 coram
654 2036 700 2064 se
720 2021 817 2064 fieri
847 2021 1073 2079 praecepit
1103 2021 1160 2064 ad
1191 2021 1387 2079 corporis
1414 2020 1484 2064 sui
1514 2019 1745 2063 modulum
1766 2038 1809 2074 ²5

266 2091 558 2148 componique
589 2091 637 2133 in
661 2106 714 2134 ea
737 2092 775 2134 si
804 2106 893 2149 qua
919 2091 1231 2135 inuenirentur
1257 2091 1492 2134 marmoris
1522 2089 1671 2134 frusta
1701 2093 1749 2133 et

266 2176 429 2218 aquam
457 2161 591 2204 simul
618 2164 663 2205 et
690 2162 815 2219 ligna
840 2161 1034 2205 conferri
1060 2161 1118 2204 ad
1145 2161 1393 2205 curandum
1417 2161 1618 2212 cadauer,
1638 2160 1749 2204 flens

267 2231 326 2274 ad
355 2231 534 2289 singula
564 2234 700 2288 atque
729 2232 887 2276 itidem
917 2232 1157 2276 dictitans:
1199 2230 1356 2285 Qualis
1390 2230 1560 2274 artifex
1588 2235 1745 2288 pereo!

268 2380 292 2414 4
318 2367 534 2416 prohibitus
550 2369 608 2405 est
626 2367 693 2404 SM
840 2376 881 2416 15
906 2367 978 2404 V¹¹⁸
995 2366 1023 2404 C
1169 2378 1213 2415 19
1238 2366 1424 2405 uiciorum
1446 2365 1627 2404 CBAS¹M

270 2500 552 2600 &2531ssss
558 2497 911 2593 ῗὲῗὸῖἴῖἒῗῑιξῖ.
1049 2507 1093 2581 ³15
1100 2497 1265 2581 “ussssffl’
1272 2501 1578 2581 Sssssifimss'ffassli‘g‘t‘ss
1593 2496 1750 2589 {2⁶35}

271 2593 373 2630 Oros.
399 2593 462 2630 vii.
487 2604 510 2639 4
537 2594 555 2641 §
580 2596 632 2630 18.
742 2597 846 2630 cuius
859 2598 969 2629 morte
983 2594 1076 2630 etc.:
1105 2605 1137 2628 v.
1151 2592 1254 2629 Suet.
1271 2593 1347 2629 Tib.
1362 2601 1418 2639 75.
1530 2601 1575 2628 10
1598 2592 1752 2636 simtu-m

270 2643 404 2677 ueneni
420 2643 493 2678 etc.
509 2653 518 2677 :
544 2654 578 2679 v.
597 2641 694 2677 Plin.
711 2643 761 2678 H.
774 2643 821 2678 N.
838 2641 890 2677 xi.
907 2653 938 2678 c.
957 2651 999 2687 71
1022 2641 1040 2687 ξ
1061 2641 1138 2685 187.
1245 2651 1287 2685 14
1304 2642 1439 2676 occisus
1451 2644 1538 2676 esta
1550 2639 1753 2675 domesticis

270 2691 369 2725 suis:
395 2702 427 2725 v.
447 2689 551 2726 Oros.
571 2689 638 2727 vii.
657 2699 675 2736 5
696 2689 714 2736 §
735 2700 767 2736 9.
869 2697 920 2736 15,
942 2690 985 2726 16
1010 2690 1217 2734 manifestis
1234 2690 1306 2725 etc.
1326 2701 1334 2724 z
1360 2700 1393 2724 v,
1411 2687 1515 2724 Oros.
1533 2686 1595 2723 vii.
1612 2687 1636 2723 6
1655 2685 1673 2732 ξ
1698 2687 1752 2723 18.

276 2739 319 2773 18
344 2739 572 2784 deformitate
589 2739 686 2774 etc.:
711 2750 743 2772 v.
763 2737 867 2774 Suet.
886 2739 971 2773 Ner.
992 2738 1049 2782 38.
1190 2747 1232 2782 19
1257 2737 1477 2782 officiorum:
1503 2736 1753 2781 aedtficioram

273 2783 378 2821 Suet.
512 2795 565 2831 19,
584 2796 630 2821 20
654 2791 695 2820 ut
737 2787 938 2821 raedictum
954 2790 1024 2820 est:
1050 2796 1082 2820 v.
1103 2795 1219 2830 supra
1235 2796 1265 2820 c.
1291 2784 1332 2820 18
1351 2784 1436 2830 (787
1447 2783 1504 2828 n).
1635 2792 1682 2818 20
1705 2783 1752 2818 ab

268 2834 372 2868 omni
384 2834 519 2878 populo
537 2835 630 2870 etc.:
656 2845 688 2869 v.
723 2833 811 2869 'uet.
831 2834 916 2869 Ner.
934 2843 991 2877 40.
1110 2842 1151 2868 21
1181 2844 1262 2867 cum
1279 2833 1461 2878 inyressus
1477 2832 1571 2868 etc.:
1595 2841 1628 2867 v.
1648 2828 1750 2869 Suet.

273 2881 359 2916 Ner.
379 2890 436 2925 47.
574 2889 617 2928 25
644 2882 801 2917 scrobem
819 2883 914 2918 etc.:
939 2892 971 2916 v.
991 2879 1093 2917 Suet.
1110 2881 1195 2916 Ner.
1212 2889 1270 2926 49.

384 2951 451 2994 366
