1846 3262
110 242 187 292 778
208 253 238 282 a

208 502 269 542 b.

215 1498 240 1527 C

585 240 848 286 IOANNIS
890 240 1406 287 SARESBERIENSIS
1510 240 1622 302 [Lm.
1637 252 1730 286 vm

257 365 302 406 et
323 361 378 405 de
398 361 544 405 radice
565 361 764 405 toxicata
786 361 905 405 mala
924 364 970 405 et
993 361 1208 420 pestifera
1231 362 1454 420 germinat
1474 365 1519 406 et
1538 362 1732 420 pullulat

256 432 389 475 arbor
420 431 561 475 securi
591 431 791 488 qualibet
822 431 1097 476 succidenda.
1157 431 1259 475 Nisi
1290 432 1410 475 enim
1440 432 1655 490 iniquitas
1684 435 1731 476 et

257 500 481 544 iniustitia
514 500 716 544 caritatis
750 501 1094 544 exterminatrix
1133 501 1403 544 tirannidem
1443 503 1733 559 procurasset,

253 585 345 628 pax
371 584 525 613 secura
549 573 594 612 et
622 570 747 627 quies
768 573 985 627 perpetua
1013 571 1060 613 in
1088 585 1221 614 euum
1246 570 1433 628 populos
1453 571 1732 628 possedisset,

254 654 471 696 nemoque
498 640 715 697 cogitaret
744 640 799 683 de
830 641 995 684 finibus
1024 640 1332 698 producendis.
1393 639 1554 684 Essent
1582 641 1732 692 etiam,
1749 654 1768 689 5

254 709 371 753 sicut
397 724 587 767 magnus
613 713 742 767 pater
768 710 897 754 testis
923 713 991 754 est
1017 710 1310 768 Augustinus,
1329 710 1395 753 ita
1418 725 1557 768 regna
1580 710 1733 768 quieta

255 781 301 822 et
320 778 463 822 amica
482 793 589 836 pace
607 779 862 837 gaudentia,
874 780 991 823 sicut
1005 779 1052 823 in
1068 780 1311 837 composita
1325 780 1509 824 ciuitate
1529 780 1732 823 diuersae

255 848 453 892 familiae
473 851 553 892 aut
571 849 620 892 in
648 849 802 893 eadem
826 849 1000 893 familia
1027 849 1230 893 diuersae
1257 864 1482 907 personae,
1501 853 1582 894 aut
1601 849 1732 903 forte,

255 918 374 976 quod
400 919 656 962 credibilius
685 922 765 971 est,
792 920 973 963 omnino
1002 934 1140 977 regna
1170 934 1260 963 non
1290 923 1437 963 essent
1465 935 1590 977 quae,
1616 920 1733 964 sicut

253 989 313 1032 ab
333 989 530 1046 antiquis
550 989 693 1046 liquet
712 989 922 1040 historiis,
938 990 1153 1047 iniquitas
1168 1005 1248 1047 per
1267 1005 1314 1034 se
1335 993 1415 1034 aut
1433 989 1732 1048 praesumpsit
1751 1004 1795 1029 ιο

254 1061 335 1101 aut
359 1059 550 1102 extorsit
575 1074 603 1102 a
626 1059 833 1103 Domino.
895 1059 954 1103 Et
974 1059 1153 1117 quidem
1174 1074 1264 1103 non
1284 1060 1366 1103 soli
1390 1074 1517 1117 reges
1542 1058 1732 1103 tiranni-

254 1127 356 1171 dem
392 1131 626 1182 exercent3
665 1129 944 1186 priuatorum
980 1129 1163 1187 plurimi
1194 1129 1363 1173 tiranni
1395 1132 1514 1181 sunt,
1545 1128 1653 1172 dum
1684 1129 1733 1172 id

255 1198 421 1241 uirium
442 1198 561 1255 quod
581 1199 749 1242 habent
767 1199 816 1242 in
836 1199 1029 1243 uetitum
1050 1199 1253 1243 efferunt.
1303 1198 1399 1243 Nec
1414 1202 1594 1242 moueat
1613 1198 1732 1256 quod

254 1282 381 1326 reges
412 1267 604 1311 tirannis
634 1268 759 1312 uisus
794 1283 893 1312 sum
927 1269 1125 1320 sociasse,
1146 1269 1263 1326 quia,
1294 1268 1399 1312 licet
1437 1283 1518 1312 rex
1556 1268 1736 1312 dicatur

255 1352 283 1380 a
306 1340 427 1381 recto
454 1337 572 1395 quod
598 1338 843 1396 principem
869 1338 1005 1390 decet,
1030 1340 1181 1382 tamen
1206 1338 1446 1396 appellatio
1467 1338 1562 1382 eius
1587 1338 1731 1382 abusu
1753 1355 1794 1391 ¹5

254 1406 408 1450 cadit
396 1422 444 1450 ιιι
463 1407 706 1452 tirannum.
765 1406 877 1451 Inde
897 1410 966 1451 est
985 1407 1120 1450 illud:

374 1488 473 1541 Quo
502 1488 651 1545 potuit
680 1487 870 1545 populus
900 1502 1167 1555 quemquam
1197 1487 1435 1546 perducere
1465 1488 1590 1540 liber,

371 1546 561 1598 ascendi,
589 1561 812 1604 supraque
840 1546 978 1591 nichil
1008 1546 1095 1590 nisi
1125 1561 1264 1605 regna
1292 1546 1477 1604 reliqui;

255 1630 302 1671 et
320 1627 459 1672 illud.

374 1709 485 1767 Spes
514 1709 649 1752 michi
679 1709 801 1767 pacis
830 1709 917 1752 erit
946 1709 1152 1752 dextram
1182 1709 1383 1768 tetigisse
1413 1710 1594 1754 tiranni.
1751 1729 1793 1755 ιο

254 1789 316 1833 Et
342 1790 380 1833 si
403 1789 596 1833 officium
622 1793 778 1833 contra
801 1789 993 1834 officium
1013 1792 1060 1834 et
1079 1793 1197 1834 recte
1217 1790 1400 1834 uiuendi
1421 1790 1622 1849 regulam
1642 1791 1732 1836 dici

253 1859 371 1910 licet,
410 1859 632 1903 sententia
671 1859 806 1902 unius
844 1859 1044 1903 omnium
1081 1859 1227 1918 aperit
1261 1859 1405 1904 officia
1442 1860 1579 1904 immo
1618 1861 1733 1905 uitia

254 1929 546 1973 tirannorum.
607 1929 826 1973 Photinus
860 1929 899 1973 is
933 1932 1002 1973 est
1033 1930 1078 1986 (a
1108 1944 1197 1987 quo
1226 1932 1273 1973 et
1308 1929 1394 1987 ipsi
1424 1933 1611 1988 possunt
1639 1946 1731 1975 non

254 1998 479 2043 immerito
502 1998 718 2058 appellari
749 1998 1023 2056 Photiniani)
1049 2000 1221 2057 primus
1247 2000 1296 2042 in
1322 2000 1533 2044 monstris
1559 2000 1732 2044 Pelleae

255 2068 425 2120 domus,
440 2069 487 2112 id
499 2074 568 2113 est
581 2070 701 2112 inter
712 2069 801 2112 alia
812 2072 1021 2127 portenta
1036 2069 1202 2128 Egipti,
1218 2069 1506 2113 immunditia
1517 2072 1563 2113 et
1575 2070 1729 2115 crude·
1751 2084 1793 2120 ³5

258 2182 303 2210 ιο
326 2173 509 2220 hystoriis
526 2173 566 2209 M
683 2183 721 2210 11
750 2172 891 2210 exorsit
908 2172 1005 2210 CBA
1119 2183 1173 2217 11,
1195 2184 1237 2211 12
1261 2173 1506 2221 tyrannidem
1523 2174 1565 2211 M
1687 2183 1732 2212 12

253 2220 413 2267 tyranni
428 2221 469 2257 M
611 2220 758 2258 tiranni
773 2220 930 2267 plurimi
945 2221 980 2257 A
1175 2231 1219 2267 14
1243 2233 1311 2259 rex
1329 2221 1423 2259 licet
1440 2222 1494 2258 M¹
1689 2233 1703 2259 ι
1711 2231 1731 2270 5

253 2268 442 2316 apellatio
459 2268 485 2306 S
575 2275 660 2315 post
675 2269 794 2306 abusu
809 2271 895 2306 add.
915 2268 1034 2306 etiam
1051 2268 1102 2305 C:
1127 2271 1211 2307 aad.
1229 2271 1270 2307 et
1285 2269 1319 2305 A
1450 2270 1493 2307 16
1517 2271 1729 2317 tyrannum

255 2316 297 2354 M
441 2327 489 2353 20
511 2316 668 2364 tyranni
685 2316 724 2352 M
870 2327 916 2362 24
940 2316 1101 2364 apellari
1117 2315 1142 2353 S
1287 2326 1330 2365 25
1357 2317 1491 2365 egypti
1510 2317 1539 2353 B

306 2430 328 2458 2
351 2421 462 2457 arbor
475 2423 572 2458 etc.·
599 2422 646 2458 cf.
668 2421 757 2458 Luc.
773 2419 829 2456 iii.
847 2430 880 2467 9,
899 2419 978 2457 xiii.
997 2429 1031 2466 7,
1049 2430 1082 2467 9.
1277 2431 1298 2467 3
1322 2423 1622 2459 esc-terminatam·
1646 2421 1729 2460 Hoc

254 2469 480 2506 vocabulum
496 2480 575 2506 non
591 2469 774 2506 exhibent
791 2468 941 2505 Lexica.
1076 2468 1100 2505 6
1125 2470 1379 2515 Auyustinus:
1406 2481 1438 2507 v.
1444 2469 1546 2524 ‚Aug
1563 2471 1609 2506 de
1627 2471 1669 2507 0.
1681 2472 1729 2507 D.

254 2516 303 2553 iv.
324 2525 377 2563 ι5.
580 2528 604 2564 9
627 2529 728 2564 quae,
746 2518 840 2552 sicut
855 2518 951 2553 etc.:
977 2515 1034 2553 De
1050 2528 1266 2562 regnorum,
1284 2528 1382 2563 quae
1398 2516 1583 2572 iniquitas
1598 2529 1667 2565 per
1690 2529 1731 2555 se

254 2562 1239 2666 fsszzffffgfflzussffi”ssssffizn‘gsszossssff‘ufflass
1252 2564 1455 2658 οἷίςῖἒέῐῑ
1472 2566 1519 2651 ⁶1
1534 2565 1730 2660 ἓὲςῗθὲιῖἰ

254 2669 394 2706 4seqq.
441 2658 501 2696 cf.
519 2659 658 2697 Gierke
674 2671 734 2714 op.
754 2670 883 2713 supra
882 2659 950 2696 cit.
971 2658 1028 2695 iii.
1045 2671 1083 2705 p
1105 2669 1183 2706 524,
1202 2671 1239 2696 ιι.
1263 2661 1317 2697 16.
1520 2669 1575 2708 14,
1598 2669 1637 2708 15
1664 2672 1731 2697 rex

254 2709 439 2744 dicatura
457 2712 570 2744 recto·
597 2719 629 2743 v.
650 2706 737 2743 Isid.
758 2708 854 2752 Θήρ.
871 2705 924 2743 ix.
940 2718 963 2751 4
982 2706 1128 2754 (Migne
1145 2709 1187 2744 P.
1203 2709 1248 2744 L.
1265 2706 1398 2744 lxxxii.
1417 2707 1514 2754 342).
1686 2717 1728 2754 17

257 2755 333 2799 Quo
345 2757 468 2800 potuit
482 2757 577 2792 cta:
602 2755 690 2791 Luc.
708 2755 838 2791 Phar-⁴5.
857 2754 898 2791 ii.
915 2756 998 2801 562,
1017 2756 1098 2801 563.
1241 2767 1478 2802 quemquam:
1503 2757 1619 2792 ciuem
1638 2755 1726 2792 Luc.

253 2811 303 2838 20
320 2804 409 2849 Spes
422 2804 517 2840 eta:
543 2802 655 2850 Verg.
671 2804 763 2838 Aen.
776 2800 841 2839 vii.
856 2803 926 2839 266
937 2801 1047 2848 (Pars
1057 2803 1149 2838 mihi
1159 2802 1262 2848 etc..)
1358 2813 1403 2849 23
1429 2804 1628 2840 Photinus:
1650 2802 1676 2839 i.
1691 2813 1727 2840 0.

252 2850 451 2892 Pothinum
469 2862 502 2887 v.
521 2850 611 2887 Luc.
627 2851 756 2886 Ph'ars.
771 2849 849 2886 viii.
865 2851 948 2896 483,
963 2861 1000 2887 x.
1016 2859 1086 2896 953
1113 2850 1160 2886 cf.
1179 2851 1324 2904 Εηιῖκι.
1345 2852 1445 2895 1428,
1465 2861 1555 2898 1429
1571 2851 1654 2898 (995
1670 2855 1729 2898 D).

254 2905 312 2941 24,
330 2905 372 2943 25
401 2900 571 2935 monstris
586 2899 729 2934 Peneae
743 2899 894 2934 domus:
919 2909 952 2934 v.
972 2897 1059 2935 Luc.
1075 2877 1206 2934 Phara.
1222 2897 1298 2934 viii.
1316 2906 1397 2943 474,
1415 2907 1499 2945 475.

364 2967 434 3012 346
