1846 3262
83 255 162 305 588
180 254 210 294 d
554 247 815 295 IOANNIS
855 238 1372 291 SARESBERIENSIS
1517 234 1629 297 [Lm.
1644 243 1695 278 v1

227 389 308 434 ego
337 374 409 418 uir
437 373 634 432 plebeius
663 375 709 416 et
737 370 941 415 indoctus
969 366 1057 411 mei
1087 365 1306 410 similibus
1334 359 1570 421 praeconia
1599 357 1695 438 eius

225 445 376 489 fistula
394 443 601 488 stridenti
620 441 889 500 dispertiam.
949 438 1069 481 Nam
1089 435 1188 494 quis
1200 450 1227 478 a
1239 433 1524 491 semipagano
1536 429 1695 473 tiblam

225 515 442 559 orichalco
476 514 673 557 iunctam
705 514 751 555 et
784 509 976 554 emulam
1008 508 1143 551 tubae
1174 503 1426 564 grandioris
1458 497 1694 558 expectet?

225 585 372 628 Adero
391 587 541 627 tamen
557 586 602 626 et
621 597 691 626 me
703 580 843 625 tantis
855 578 1064 623 solenniis
1079 578 1279 635 ingeram
1293 589 1303 629 ;
1333 577 1379 618 et
1394 572 1513 631 quod
1525 568 1694 629 ingenii

225 669 340 699 uena
359 653 583 698 subtrahit
601 651 849 696 deuotionis
869 649 996 707 copia
1014 646 1250 706 subplebit.
1713 660 1735 696 5

76 745 160 796 589
180 756 210 785 a
282 747 401 790 Dum
430 747 536 804 iuga
564 746 728 789 montis
757 758 875 802 aper,
904 741 1065 786 fluuios
1095 740 1203 783 dum
1232 738 1365 796 piscis
1380 735 1579 805 amabit,

282 806 474 862 dumque
503 805 645 848 thimo
673 805 911 861 pascentur
939 815 1056 858 apes,
1086 799 1194 842 dum
1225 812 1324 841 rore
1353 796 1542 848 cmadae,

280 879 452 921 semper
479 864 619 907 honos
648 876 896 919 nomenque
926 874 1057 903 suum
1086 858 1328 915 laudesque
1357 854 1616 901 manebunt.

223 955 351 1010 Quod
385 956 424 999 si
457 955 589 999 duces
623 955 671 998 in
703 954 914 998 iniuriam
948 967 1075 996 suam
1109 949 1280 1008 aliquid
1311 948 1482 992 dictum
1516 948 1693 1005 putant,

222 1026 463 1070 doceantur
491 1041 519 1069 a
547 1025 747 1084 principe
778 1024 884 1082 quia
914 1038 1005 1067 non
1036 1022 1085 1065 in
1119 1019 1359 1086 perniciem
1394 1018 1471 1063 sed
1502 1017 1692 1062 salutem
1716 1032 1758 1074 ιο

221 1097 521 1154 egrotantium
540 1095 837 1154 propinantur
855 1108 1009 1138 amara
1027 1091 1284 1136 medicinae.
1334 1088 1421 1133 His
1440 1088 1694 1147 praemissis

220 1166 277 1210 ad
297 1166 468 1224 reliqua
487 1166 799 1224 progrediatur
818 1165 974 1209 oratio.

263 1314 369 1372 Cap.
400 1328 435 1360 1.
465 1314 593 1368 Quod
621 1328 791 1359 manus
819 1314 889 1358 rei
911 1313 1124 1371 publicae
1152 1316 1237 1356 aut
1266 1314 1453 1355 armata
1481 1313 1542 1354 est
1569 1313 1653 1354 aut

376 1384 572 1428 inermis
583 1402 603 1435 ;
631 1388 671 1428 et
691 1399 806 1442 quae
825 1384 883 1428 sit
902 1383 1108 1435 inermis,
1129 1386 1167 1427 et
1188 1382 1241 1427 de
1261 1381 1399 1439 officio
1419 1380 1527 1425 eius,

280 1481 441 1525 Manus
471 1482 622 1539 itaque
651 1482 716 1525 rei
742 1481 945 1540 publicae
975 1484 1056 1525 aut
1084 1483 1259 1524 armata
1287 1483 1357 1524 est
1385 1482 1466 1523 aut
1495 1478 1756 1526 inermis..¹5

220 1551 409 1594 Armata
438 1551 616 1609 quidem
646 1555 714 1595 est
741 1566 854 1609 quae
883 1554 1152 1595 castrensem
1180 1553 1227 1594 et
1254 1553 1486 1594 cruentam
1516 1553 1693 1594 exercet

221 1621 446 1674 militiam3
465 1621 647 1665 inermis
661 1637 773 1679 quae
785 1622 1005 1666 iustitiam
1018 1621 1199 1679 expedit
1212 1624 1257 1665 et
1271 1621 1329 1664 ab
1341 1621 1478 1664 armis
1490 1621 1693 1665 feriando

175 1694 206 1736 b
223 1690 332 1734 iuris
351 1691 537 1735 militiae
556 1692 708 1735 seruit.
769 1692 926 1749 Neque
947 1692 1065 1735 enim
1085 1691 1150 1735 rei
1169 1691 1372 1749 publicae
1391 1691 1591 1735 militant
1610 1691 1692 1735 soli

221 1760 287 1802 illi
307 1761 383 1817 qui
403 1761 541 1818 galeis
556 1761 866 1819 toracibusque
885 1761 1050 1805 muniti
1065 1761 1113 1804 in
1133 1762 1283 1805 hostes
1298 1764 1507 1805 exercent
1519 1761 1692 1820 gladios

220 1832 300 1873 aut
329 1830 419 1873 tela
448 1831 682 1888 quaelibet,
711 1831 789 1875 sed
818 1835 864 1875 et
893 1832 1072 1889 patroni
1101 1846 1336 1876 causarum
1367 1832 1444 1890 qui
1473 1832 1691 1891 gloriosae
1711 1843 1756 1870 πο

219 1900 340 1943 uocis
359 1901 511 1944 confisi
531 1901 776 1945 munimine
795 1901 920 1960 lapsa
935 1902 1126 1960 erigunt,
1138 1901 1333 1960 fatigata
1347 1906 1582 1961 reparant3
1611 1918 1692 1948 nec

219 1970 367 2014 minus
386 1971 624 2028 prouident
641 1972 837 2015 humano
855 1972 1008 2030 generi
1024 1987 1158 2030 quam
1173 1973 1211 2016 si
1225 1973 1526 2016 laborantium
1537 1973 1693 2028 uitam,

217 2052 340 2095 spem
360 2044 644 2098 posterosque
664 2056 888 2085 armorum
908 2042 1129 2099 praesidio
1149 2043 1207 2086 ab
1226 2043 1430 2087 hostibus
1445 2045 1690 2088 tuerentur.

217 2108 417 2153 Militant
436 2114 482 2154 et
501 2111 726 2168 publicani
746 2112 1023 2169 apparitores
1043 2115 1089 2156 et
1115 2112 1322 2157 officiales
1348 2114 1548 2157 omnium
1574 2114 1689 2158 iudi-

216 2193 327 2223 cum.
388 2180 515 2224 Sicut
534 2181 652 2224 cnim
671 2182 760 2225 alia
779 2185 886 2225 sunt
905 2182 1046 2226 officia
1065 2183 1199 2240 pacis,
1217 2183 1307 2227 alia
1326 2183 1443 2236 belli,
1454 2184 1521 2228 ita
1535 2185 1688 2228 eadem
1709 2200 1726 2225 2
1731 2201 1751 2237 5

217 2264 390 2293 necesse
410 2254 478 2294 est
497 2265 577 2308 per
595 2252 705 2295 alios
725 2255 771 2295 et
790 2252 900 2296 alios
921 2253 1134 2310 expediri.

275 2321 463 2363 Armata
482 2321 633 2378 itaque
654 2337 813 2366 manus
839 2322 888 2365 in
910 2322 1084 2367 hostem
1112 2323 1351 2368 dumtaxat
1377 2328 1621 2379 exercetur,
1642 2329 1691 2370 at

216 2389 397 2433 inermis
417 2391 676 2434 extenditur
695 2395 741 2436 et
760 2392 808 2434 in
829 2393 982 2436 ciuem.
1043 2394 1181 2437 Porro
1195 2394 1430 2453 utriusque
1444 2396 1692 2440 necessaria

217 2463 284 2503 est
318 2460 562 2518 disciplina,
595 2463 701 2519 quia
732 2463 965 2521 utriusque
1005 2464 1118 2508 solet
1156 2465 1346 2524 insignis
1377 2481 1471 2510 esse
1505 2466 1690 2512 malitia.

217 2603 241 2638 4
265 2593 457 2631 sollenniis
473 2593 526 2630 A:
551 2594 760 2632 sollemniis
777 2594 801 2632 S
946 2605 964 2643 5
991 2596 1188 2644 supplebit
1206 2596 1274 2634 SM
1497 2608 1519 2645 7
1544 2594 1640 2637 timo'
1656 2598 1690 2636 A

217 2641 457 2726 &Egeriendo
475 2642 515 2678 M
685 2654 730 2691 23
756 2643 877 2691 spem]
896 2644 1023 2692 specie
1043 2647 1138 2694 (spe)
1157 2645 1280 2684 CBAS
1437 2657 1486 2693 24
1501 2647 1688 2685 iudicium

266 2820 286 2846 2
310 2812 562 2857 semipayano:
588 2823 621 2849 v.
639 2811 739 2849 Pers.
756 2814 831 2850 Sat.
847 2813 943 2860 prol.
964 2815 999 2851 6.
1124 2815 1252 2852 tamam
1276 2818 1373 2853 etc.:
1398 2828 1431 2854 v.
1459 2816 1548 2854 Hor.
1573 2819 1620 2856 A.
1645 2819 1690 2857 Ρ.

218 2867 299 2902 202,
316 2868 396 2903 203.
552 2860 575 2896 6
600 2861 700 2895 Dum
714 2862 803 2906 iuya
820 2863 889 2898 etc.
905 2874 913 2897 :
939 2861 1053 2910 Verg.
1069 2863 1190 2901 Eam.
1209 2865 1339 2910 76—78.
1498 2867 1541 2903 18
1567 2867 1689 2914 Neque

214 2907 313 2941 enim
329 2907 423 2942 eta:
449 2917 482 2942 v.
499 2905 589 2943 Cod.
608 2907 743 2944 Iustin.
761 2908 801 2947 ii.
820 2918 840 2954 7
861 2909 879 2957 ξ
903 2920 958 2956 14.
