1846 3262
64 235 137 283 814
157 231 186 272 d
535 227 799 273 IOANNIS
840 226 1361 272 SARESBERIENSIS
1466 225 1578 288 [ΜΒ.
1591 235 1686 271 vm'.

205 403 313 462 Cap.
337 417 405 458 24.
435 403 684 460 Epicureos
704 415 969 458 nwmquam
989 401 1169 458 assequi
1177 400 1326 458 finem
1344 415 1499 446 suum.

264 496 366 539 Nisi
381 494 632 538 dissimulet
651 493 955 538 contentiosus
975 508 1088 551 quae
1108 496 1260 537 tamen
1281 490 1552 536 dissimulari
1572 488 1690 535 ratio

67 568 139 617 815
157 577 188 607 a
205 582 295 611 non
314 565 551 624 permittit,
571 580 627 608 ex
647 564 951 622 superioribus
977 563 1074 607 luce
1105 564 1268 607 clarius
1287 564 1430 621 liquet
1450 563 1691 621 Epicureos

205 652 451 694 numquam
470 635 646 693 assequi
666 635 801 678 finem
822 649 966 678 suum.
1028 633 1142 678 Cum
1170 634 1289 677 enim
1315 634 1373 676 ad
1400 632 1691 691 tranquillam

206 708 407 765 aspirent
433 706 576 749 uitam
605 708 651 748 et
678 705 735 747 ad
762 704 996 747 libidinem
1020 704 1287 761 explendam
1307 704 1690 761 philosophentur,
1711 720 1731 756 5

206 778 343 820 immo
364 776 587 834 desipiant
606 775 752 832 (nemo
768 775 887 817 enim
909 773 1028 831 quod
1043 774 1159 817 male
1179 774 1290 818 libet
1302 776 1451 832 potest
1470 773 1695 831 sapienter

172 890 177 892 ,
207 846 421 905 implere),
446 847 530 890 hoc
558 861 639 904 per
667 846 756 889 ista
786 844 1016 888 Babilonis
1049 845 1220 888 fluenta
1249 845 1401 888 nullus
1430 844 1696 901 assequitur‘

212 918 321 961 Illos
351 932 527 975 quoque
557 916 877 974 Epicureorum
907 914 1087 958 nomine
1117 914 1358 957 censendos
1387 914 1583 957 arbitror
1616 913 1694 971 qui

209 1003 336 1031 suam
363 987 524 1031 uolunt
554 987 602 1029 in
632 985 839 1030 omnibus
864 984 1048 1042 implere
1078 984 1370 1028 uoluntatem.
1430 984 1563 1037 Nam,
1592 998 1695 1027 cum

210 1072 281 1100 res
316 1057 493 1100 libidini
526 1056 742 1107 seruiunt,
775 1055 823 1098 in
862 1054 1143 1112 uoluptatem
1182 1054 1349 1098 transit
1387 1054 1584 1097 affectus.
1643 1052 1695 1097 Si
1715 1070 1758 1095 10

210 1128 396 1171 affectus
416 1127 595 1170 affectui
615 1141 706 1170 non
726 1128 895 1183 pareat,
915 1140 1004 1182 quo
1023 1126 1167 1183 magis
1190 1125 1273 1178 uis,
1299 1124 1522 1182 torqueris
1541 1123 1698 1181 magis,

211 1199 250 1242 si
277 1200 429 1241 tamen
456 1197 517 1241 sit
546 1197 686 1240 libido
712 1196 761 1239 in
790 1196 1036 1239 uoluntate.
1096 1195 1311 1252 Alioquin
1335 1194 1562 1238 interdum
1582 1193 1698 1237 uelle

212 1267 332 1325 quod
351 1282 441 1311 non
462 1270 599 1325 potes,
612 1266 850 1310 iocundum
867 1269 935 1309 est
947 1268 992 1309 et
1008 1265 1288 1309 fructuosum
1302 1280 1312 1318 ;
1342 1266 1380 1309 si
1397 1264 1514 1308 forte
1529 1264 1700 1308 esurias

213 1341 259 1381 et
279 1337 406 1382 sitias
426 1338 660 1390 iustitiam,
681 1337 951 1380 laboriosum
971 1339 1135 1380 tamen.
1195 1336 1392 1379 Mundus
1420 1336 1573 1392 itaque
1594 1334 1699 1392 Epi-

214 1408 358 1452 cureis
388 1407 546 1465 plenus
573 1411 651 1458 est,
682 1422 734 1450 eo
764 1407 883 1464 quod
907 1406 956 1449 in
985 1409 1116 1450 tanta
1145 1406 1436 1449 multitudine
1467 1405 1699 1449 hominum
1718 1417 1758 1454 15

167 1484 198 1523 b
216 1478 346 1535 pauci
367 1481 473 1521 sunt
494 1478 571 1534 qui
590 1492 681 1520 non
706 1477 984 1520 famulentur
1003 1476 1192 1527 libidini,
1212 1476 1260 1519 id
1280 1478 1348 1519 est
1367 1478 1603 1533 corruptae
1622 1489 1700 1517 uo-

215 1548 395 1600 luntati,
416 1547 493 1590 sed
512 1547 759 1590 laboriosae
785 1546 1034 1590 uoluntatis
1060 1546 1252 1589 nexibus
1278 1561 1369 1589 non
1395 1545 1602 1603 impliciti
1622 1547 1703 1588 aut

217 1618 331 1662 nulli
360 1622 441 1662 aut
464 1618 694 1676 pauciores
724 1620 842 1660 sunt.
905 1617 972 1660 De
1002 1617 1097 1660 loco
1123 1616 1372 1674 uoluptatis
1399 1615 1605 1659 exclusus
1635 1618 1704 1659 est

217 1690 361 1740 homo,
398 1703 454 1731 ex
489 1703 577 1746 quo
610 1688 750 1731 libido
784 1687 1050 1745 praeualuit,
1081 1702 1132 1730 eo
1162 1687 1281 1744 quod
1310 1687 1408 1729 uita
1437 1685 1628 1730 iocunda
1658 1688 1704 1729 et

217 1760 462 1818 tranquilla
502 1759 594 1802 frui
634 1775 725 1802 non
764 1762 914 1816 potest
952 1758 1023 1801 cui
1063 1758 1258 1815 coeperit
1296 1757 1435 1800 libido
1470 1757 1703 1800 dominari.
1723 1774 1767 1799 20

219 1831 383 1874 Maluit
404 1831 549 1874 facere
570 1829 690 1887 quod
709 1829 844 1872 libuit
864 1843 999 1886 quam
1020 1829 1139 1886 quod
1159 1828 1306 1872 iussus
1327 1831 1395 1872 est
1415 1830 1460 1871 et
1481 1827 1705 1885 proiectus

219 1901 267 1944 in
297 1901 443 1944 locum
477 1900 683 1943 miseriae
717 1899 765 1941 in
798 1901 965 1942 terram
999 1898 1164 1942 laboris
1197 1898 1360 1941 missus
1395 1901 1474 1951 est,
1506 1900 1560 1941 ut
1589 1897 1631 1940 ei
1660 1898 1707 1939 et

220 1970 379 2015 semini
403 1985 484 2014 suo
513 1972 636 2013 terra
662 1970 815 2027 spinas
845 1972 891 2012 et
921 1968 1113 2012 tribulos
1141 1968 1363 2026 germinet
1393 1970 1438 2011 et
1467 1968 1516 2010 in
1546 1967 1706 2010 sudore

221 2042 376 2085 uultus
395 2041 598 2085 comedat
624 2055 786 2098 panem
813 2054 944 2083 suum
975 2039 1052 2097 qui
1082 2039 1131 2082 in
1160 2039 1428 2082 rectitudine
1457 2037 1707 2082 uoluntatis

222 2112 432 2156 obediens
461 2111 557 2154 sine
588 2110 851 2154 difficultate
882 2113 928 2153 et
962 2109 1112 2153 labore
1136 2110 1314 2167 plenam
1335 2111 1513 2167 poterat
1542 2108 1707 2151 habere
1727 2124 1769 2159 ²5

221 2183 513 2240 uoluptatem.
587 2180 818 2238 Siquidem
869 2180 926 2223 ad
975 2180 1284 2224 necessitatem
1335 2182 1380 2223 et
1428 2179 1708 2236 uoluptatem

222 2256 381 2311 parata
401 2253 636 2295 inuenerat
657 2251 817 2294 omnia.
878 2250 1043 2294 Vultus
1063 2253 1226 2302 autem,
1239 2250 1355 2293 sicut
1375 2249 1446 2292 his
1465 2238 1612 2306 placet
1632 2245 1710 2305 qui

228 2395 244 2422 1
274 2386 306 2422 D
325 2391 408 2422 ante
425 2385 621 2433 epicureos
638 2386 744 2420 habet
761 2383 791 2419 B
946 2393 968 2419 2
994 2382 1108 2429 quae]
1130 2395 1241 2429 quem
1261 2381 1302 2419 8²
1458 2392 1478 2428 3
1504 2393 1712 2429 epycureos

228 2434 327 2470 CBA
498 2443 515 2480 5
539 2438 624 2479 post
640 2432 962 2479 philosophentur
978 2434 1062 2468 add.
1081 2444 1120 2469 se
1138 2431 1341 2469 retrahant
1358 2432 1400 2466 in
1416 2431 1446 2467 S
1459 2443 1593 2466 manus
1610 2432 1713 2476 lonye

226 2483 404 2518 recentior
522 2484 541 2519 8
566 2492 840 2527 epycureorum
858 2479 886 2516 C
1011 2490 1050 2517 11
1078 2479 1235 2517 affectui
1250 2479 1411 2516 affectus
1428 2478 1529 2515 0²A:
1555 2477 1713 2515 affectui

228 2529 386 2567 effectus
405 2529 429 2566 S
577 2539 632 2574 14,
655 2538 695 2576 15
722 2527 919 2575 epycureis
936 2527 963 2564 C

278 2666 298 2702 7
325 2657 516 2694 Babilonis
524 2658 670 2702 fluenta
686 2666 694 2691 :
721 2668 752 2691 v.
769 2654 827 2691 Ps.
844 2652 991 2691 cxxxvi.
1007 2663 1038 2691 1.
1072 2655 1251 2690 Flumina
1261 2654 1470 2700 Babylonis,
1483 2652 1541 2690 ait
1552 2651 1649 2700 Aug.
1664 2652 1714 2689 ad

230 2705 301 2741 loc.
316 2704 464 2752 (Migne
476 2706 518 2740 P.
532 2706 574 2740 L.
588 2702 728 2740 xxxvii.
744 2703 864 2747 1762),
873 2707 960 2738 sunt
973 2704 1096 2738 omnia
1108 2715 1198 2749 quae
1208 2703 1268 2738 hic
1280 2707 1457 2738 amantur
1466 2706 1499 2737 et
1509 2706 1713 2737 transeunt.

234 2763 289 2798 13,
323 2764 366 2798 14
393 2754 534 2788 esurias
562 2757 595 2787 et
621 2753 729 2788 sitias
756 2752 961 2787 iustitiam:
1001 2762 1034 2786 v.
1069 2750 1182 2786 Matt.
1215 2761 1248 2787 v.
1281 2750 1317 2786 6.
1477 2750 1518 2785 18
1555 2750 1611 2784 De
1640 2750 1716 2785 loco

232 2802 454 2846 uoluptatis:
491 2812 542 2836 sc.
571 2799 763 2844 Paradit-m,
792 2798 893 2835 unde
922 2798 1102 2844 expulsus
1131 2799 1189 2835 est
1217 2797 1362 2839 Adam;
1397 2809 1431 2832 v.
1463 2796 1559 2834 Gen.
1585 2795 1626 2832 ii.
1659 2806 1714 2832 10.

232 2858 275 2883 21
304 2850 443 2884 Maluit
465 2850 562 2884 ete.:
588 2860 621 2883 v.
643 2847 738 2884 Gen.
761 2845 815 2883 iii.
839 2856 881 2891 17
895 2857 997 2892 seqq.
1190 2854 1235 2891 27
1266 2847 1397 2883 Vultus
1413 2850 1535 2881 autem
1557 2846 1652 2882 etc.:
1677 2856 1712 2880 v.

233 2894 322 2931 Isid.
345 2897 443 2941 On‘q.
461 2895 512 2933 xi.
533 2906 579 2942 34
599 2894 747 2942 (Migne
764 2896 806 2930 P.
823 2896 867 2932 L.
885 2893 1019 2931 lxxxii.
1037 2892 1136 2941 401).

343 2976 415 3009 412.
