1846 3262
76 227 166 276 646
189 236 214 267 c
452 221 456 226 ’
570 226 836 272 IOANNIS
868 226 1389 271 SARESBERIENSIS
1520 225 1634 284 [121ss.
1647 236 1720 270 v11

232 350 412 394 homine
444 349 623 408 quidem
654 351 839 408 planum
870 352 939 393 est
969 350 1076 407 quia
1104 350 1203 393 uita
1233 349 1328 394 eius
1357 365 1450 394 non
1478 353 1625 394 status
1655 351 1725 393 est

233 421 311 478 qui
351 421 490 464 uerbo
534 421 821 464 substantiuo
855 420 1017 463 debeat
1057 420 1250 478 exprimi
1290 420 1365 463 sed
1408 421 1627 464 transitus
1667 420 1723 463 de

231 495 361 534 utero
405 491 462 534 ad
499 491 725 534 tumulum
765 493 811 534 et
846 490 975 548 quasi
1016 489 1128 549 fuga
1168 495 1249 534 aut
1287 491 1449 534 umbra
1488 490 1722 534 existendi.

232 550 361 604 Plato
392 561 572 618 quidem
608 561 655 604 id
686 576 862 618 quoque
894 561 1038 604 solum
1069 560 1302 618 proprium
1337 560 1448 604 dicit
1479 575 1574 604 esse
1604 560 1724 618 quod

231 646 406 689 semper
441 634 509 675 est
549 632 667 675 idem
707 647 788 676 1166
828 631 1026 675 motibus
1046 632 1262 675 uariatur.
1325 631 1450 685 Quae
1478 645 1587 674 uero
1616 632 1724 674 sunt
1743 647 1763 682 5

231 702 427 745 obnoxia
466 703 610 746 motui
651 717 742 746 non
787 703 968 760 quidem
1009 704 1116 746 sunt
1160 702 1238 746 sed
1277 702 1493 745 uidentur
1532 715 1638 754 esse,
1678 703 1725 745 et

229 787 513 830 nequaquam
541 777 726 817 manent
754 773 831 817 sed
859 774 1027 832 iugiter
1054 776 1328 817 euanescunt
1355 775 1401 816 et
1430 771 1617 831 fugiunt
1643 786 1724 816 1166

230 847 436 901 spectant
486 844 844 902 appellationem.
935 844 1054 888 Sunt
1103 847 1335 902 praeterea
1386 842 1628 886 Platonicis
1678 845 1725 886 et

231 914 397 957 nostris
417 914 563 957 multa
582 915 848 967 communia,
869 918 922 958 ut
946 915 1040 958 sint
1060 915 1243 958 omnino
1267 913 1593 958 inexcusabiles
1614 912 1724 956 dum

183 987 212 1026 d
230 984 470 1027 ueritatem
500 984 585 1028 Dei
621 985 669 1028 in
699 985 930 1029 mendacio
962 985 1178 1028 detinent.
1239 985 1433 1042 Magnus
1464 985 1594 1042 pater
1629 982 1723 1026 Au·
1745 998 1789 1023 ιο

229 1055 439 1111 gustinus
464 1058 622 1098 auctor
652 1058 720 1099 est
751 1055 806 1111 (si
838 1059 991 1099 tamen
1022 1071 1136 1113 quae
1166 1055 1251 1099 sub
1280 1055 1461 1099 nomine
1491 1054 1588 1098 eius
1617 1068 1722 1097 con-

228 1127 359 1181 cepta
398 1124 488 1183 legi
533 1125 678 1169 recolo
717 1125 928 1186 fideliter)
967 1127 1088 1184 quod
1135 1127 1183 1169 in
1223 1126 1350 1169 libris
1391 1125 1724 1168 Platonicorum

229 1194 467 1237 inuentum
497 1194 558 1239 sit
584 1196 703 1253 quod
725 1196 883 1240 beatus
910 1196 1189 1254 euangelista
1215 1197 1439 1240 Iohannes
1465 1195 1603 1239 altius
1629 1194 1723 1238 celo

229 1264 431 1308 intonuit
456 1267 501 1308 et
527 1280 662 1322 quam
683 1266 880 1309 humana
900 1282 1026 1310 mens
1053 1267 1279 1325 percipere
1299 1269 1447 1323 queat,
1467 1265 1572 1309 licet
1599 1264 1722 1308 auris

228 1337 472 1392 utcumque
506 1336 648 1392 possit
677 1337 859 1390 audire3
901 1337 1139 1381 inuentum
1169 1339 1249 1390 est,
1277 1337 1474 1394 inquam,
1505 1335 1625 1393 quod
1654 1335 1721 1378 ait
1740 1350 1782 1386 15

228 1405 287 1448 ab
314 1405 446 1449 initio
474 1405 733 1464 Euangelii:
769 1407 827 1450 In
854 1408 1074 1466 principio
1102 1410 1200 1451 erat
1224 1407 1424 1451 Verbum
1448 1408 1495 1450 61
1522 1406 1722 1451 Verbum

229 1482 327 1518 6161
347 1475 469 1533 apud
496 1475 643 1519 Deum
671 1479 717 1520 61
748 1477 871 1521 Deus
898 1481 997 1522 erat
1017 1478 1228 1529 Verbum,
1249 1481 1296 1521 61
1319 1479 1468 1521 cetera
1494 1491 1636 1534 usque
1662 1476 1722 1519 ad

229 1545 375 1589 10611111
391 1560 480 1603 quo
496 1546 584 1589 ait:
617 1546 677 1590 Et
692 1547 773 1590 lux
793 1547 841 1590 in
857 1548 1054 1591 tenebris
1074 1548 1194 1592 111661
1213 1551 1259 1591 61
1279 1547 1490 1591 tenebrae
1511 1562 1610 1590 eam
1629 1561 1722 1590 non

229 1616 675 1672 comprehenderunt.
734 1617 830 1676 Ego
869 1618 1061 1675 quidem,
1103 1618 1190 1662 nisi
1231 1618 1279 1661 in
1319 1620 1501 1676 patrum
1541 1616 1720 1675 scriptis

229 1685 464 1743 legeretur,
485 1701 768 1744 nequaquam
789 1688 923 1732 alicui
943 1689 1193 1732 infidelium
1214 1703 1469 1732 concessum
1495 1687 1720 1732 crederem
1739 1703 1785 1731 πο

229 1758 284 1798 111
323 1770 372 1799 06
412 1755 461 1798 111
505 1759 660 1800 1611166
704 1757 816 1801 lucis
863 1759 1092 1802 oraculum
1139 1759 1335 1817 aperiret
1383 1773 1520 1816 quam
1566 1757 1722 1802 oculus

230 1825 486 1869 mundanus
526 1842 618 1870 non
657 1828 821 1872 sufficit
866 1829 1047 1873 intueri.
1126 1829 1435 1887 Apostolicum
1475 1831 1628 1872 tamen
1675 1830 1722 1872 61
1768 1818 1774 1825 ’

229 1966 335 2009 fidei
365 1966 472 2010 boni
501 1967 648 2024 operis
677 1969 1013 2024 perseuerantia
1043 1969 1303 2022 illustrauit,
1332 1984 1435 2013 cum
1464 1967 1719 2026 philosophi

230 2036 499 2080 euanuerint
526 2051 616 2080 non
646 2038 779 2082 modo
813 2039 861 2082 in
891 2040 1239 2098 cogitationibus
1268 2039 1347 2083 sed
1376 2039 1585 2097 operibus
1614 2039 1718 2082 suis.
1739 2053 1786 2091 25

231 2106 423 2164 Scripsit
461 2107 599 2150 libros
639 2107 868 2165 plurimos,
904 2113 950 2153 et
989 2110 1161 2168 politici
1194 2110 1388 2153 hominis
1419 2109 1582 2153 merita
1616 2124 1719 2154 6011-

231 2176 466 2234 templatio
485 2192 574 2220 non
597 2179 821 2235 repressit,
841 2182 888 2222 et
911 2179 1301 2238 contemplationis
1321 2194 1508 2223 acumen
1532 2179 1721 2223 actionis

230 2247 470 2290 necessitas
490 2262 580 2290 non
601 2248 810 2292 extinxit.
872 2249 922 2293 Si
951 2250 1066 2293 liber
1095 2251 1174 2308 qui
1200 2250 1255 2294 de
1283 2250 1507 2309 Dogmate
1534 2249 1630 2294 eius
1653 2251 1723 2293 est

229 2317 575 2374 contempnitur,
595 2318 644 2360 in
663 2318 842 2363 laudem
859 2320 954 2363 eius
971 2320 1200 2379 Origenes,
1222 2320 1485 2372 Ieronimus,
1499 2320 1721 2379 Augusti-

230 2401 327 2438 nus,
348 2387 548 2430 omnium
569 2388 935 2447 philosophorum
951 2391 1327 2435 adtestationibus
1342 2390 1462 2442 freti,
1477 2390 1718 2436 sufficiunt.
1738 2411 1785 2445 30

231 2488 253 2523 8
290 2487 565 2534 apellationem
595 2488 619 2525 S
769 2500 811 2535 13
849 2490 1120 2537 euuangelista
1144 2490 1202 2528 A:
1242 2489 1471 2538 ewngelista
1499 2489 1525 2526 S
1676 2491 1721 2529 16

232 2535 454 2582 euuangelii
471 2536 534 2573 CA
678 2548 727 2583 24
751 2537 984 2586 phylosophi
1001 2538 1042 2574 M
1188 2550 1237 2586 30
1260 2538 1556 2576 atestationibus
1573 2537 1598 2575 S

283 2635 297 2660 1
327 2636 402 2661 non
426 2630 543 2661 status
567 2631 619 2662 est
643 2627 741 2663 etc.:
766 2639 801 2663 v.
818 2626 886 2663 Iob
903 2640 939 2664 x.
965 2638 1007 2674 19
1023 2628 1192 2664 Fuiseem
1207 2629 1314 2674 quasi
1329 2639 1404 2664 non
1421 2639 1540 2671 essem,
1559 2627 1603 2663 de
1618 2631 1722 2664 utero

232 2675 434 2709 translatus
450 2675 499 2709 ad
515 2675 708 2710 tumulum.
831 2686 854 2721 9
876 2681 917 2711 ut
928 2677 1005 2712 sint
1014 2677 1112 2713 etc.:
1139 2688 1174 2713 v.
1189 2675 1296 2712 Rom.
1307 2675 1334 2712 i.
1351 2676 1404 2718 18,
1418 2685 1476 2711 20.
1603 2684 1656 2718 10,
1678 2684 1718 2712 11

233 2722 466 2765 Auyustinus
492 2723 589 2758 etex
628 2734 659 2758 v.
688 2722 784 2770 Aug.
817 2724 921 2769 Cous.
946 2723 971 2760 i.
997 2734 1021 2769 9
1052 2723 1070 2771 §
1094 2734 1136 2770 13
1163 2723 1314 2770 (Migne
1338 2724 1380 2759 P.
1406 2724 1450 2759 L.
1475 2721 1594 2759 xxxii.
1620 2721 1720 2768 740).

237 2769 280 2804 16
303 2769 353 2803 In
369 2771 556 2815 principio
575 2772 669 2807 etc.:
696 2770 962 2825 Ioann.1.1-5.
1109 2782 1153 2817 23
1170 2772 1450 2817 familiaritatis
1466 2772 1641 2806 intimae:
1667 2781 1719 2807 66.

233 2827 320 2851 611111
337 2816 510 2859 Christo;
537 2829 571 2855 v.
586 2818 719 2855 Ioann.
739 2818 816 2855 xxi.
830 2830 888 2857 20.
1017 2828 1061 2866 25
1088 2821 1308 2856 euanuerint
1321 2820 1415 2855 etc.:
1442 2830 1474 2855 v.
1493 2817 1601 2855 Rom.
1616 2816 1644 2853 i.
1659 2827 1719 2855 21.

234 2864 281 2899 26
305 2865 480 2909 Scripsit.
507 2877 556 2902 66.
575 2865 696 2903 Plato.
852 2868 897 2903 28
924 2868 1034 2902 liber:
1060 2879 1110 2904 sc.
1127 2866 1298 2922 Apuleii²
1453 2876 1499 2913 29
1526 2867 1719 2912 Oriyem·

232 2922 264 2947 v.
283 2910 442 2949 Hieron
460 2914 567 2960 Apol.
585 2916 664 2951 adv.
682 2915 771 2961 Rus.
790 2913 844 2951 iii.
863 2926 913 2962 40
929 2914 1079 2962 (Migne
1095 2917 1139 2954 P.
1158 2917 1201 2952 L.
1221 2913 1327 2951 xxiii.
1345 2913 1446 2961 487).

344 2992 411 3017 110
