1846 3262
43 201 126 252 726
147 202 178 241 b
530 198 794 244 IOANNIS
835 198 1356 242 SARESBERIENSIS
1460 199 1571 256 [ΗΒ.
1589 207 1685 242 ’ΠΗ

199 322 422 367 barbariei
443 322 570 365 uitiis
591 321 861 364 familiarius
889 321 950 364 sit
977 335 1111 378 quam
1138 321 1261 364 uitae
1281 321 1433 374 ciuili;
1465 320 1686 377 siquidem

199 394 509 437 conuiuiorum
530 391 730 435 ciuilium
751 391 868 435 ratio
895 391 1043 434 media
1068 394 1147 442 est,
1167 394 1221 434 ut
1241 391 1378 434 etiam
1399 391 1687 434 sobrietatem

202 464 424 508 exhilaret
445 465 489 505 et
510 462 557 504 in
579 462 788 505 satietate
808 462 1039 519 opulentia
1059 462 1288 519 crapulam
1313 462 1440 504 uitet.
1501 459 1621 504 Nam
1643 461 1689 503 et

203 533 528 577 abundantiam
560 532 648 576 cibi
689 535 734 575 et
774 535 907 589 potus
940 532 1077 575 habet
1114 536 1171 585 et,
1205 532 1333 589 quasi
1363 531 1516 589 copiae
1550 544 1690 574 cornu

203 605 477 662 dispensans,
507 603 658 646 omnia
694 602 757 646 sic
791 603 937 660 parcit
972 606 1025 646 ut
1061 603 1277 655 effundat,
1312 602 1374 646 sic
1415 601 1608 645 effundit
1637 603 1691 644 ut
1709 614 1729 649 5

203 677 370 732 parcat,
406 676 452 716 et
492 688 627 730 quam
667 673 805 716 habet
844 687 980 729 penes
1021 688 1067 716 se
1108 673 1330 716 rationem
1369 687 1461 716 non
1500 670 1693 729 negligit

205 744 398 801 quidem,
418 743 507 794 sed,
524 746 577 786 ut
597 743 663 785 ait
680 743 994 794 Portunianus‚
1011 743 1121 786 fides
1142 743 1362 786 rationem
1382 757 1473 785 non
1494 742 1694 785 ostentat

163 829 188 859 c
206 815 445 871 impensae.
520 812 674 856 Nichil
714 813 833 856 enim
874 813 1105 856 molestius
1145 817 1214 856 est
1253 828 1388 870 quam
1429 812 1468 855 si
1507 810 1694 855 triclinii

206 884 384 942 praesul
417 884 466 926 in
497 884 706 927 conuiuio
741 884 893 927 sedere
926 884 1137 927 uideatur
1171 884 1229 926 ad
1263 883 1496 927 calculum.
1563 880 1694 924 Vnde

206 970 297 998 non
323 954 433 998 satis
453 954 589 997 michi
609 954 823 997 uidentur
844 969 938 997 esse
962 954 1117 998 ciuiles
1142 954 1325 1012 quidam
1347 954 1402 996 de
1422 951 1694 996 liberalitate
1714 968 1756 993 10

206 1026 360 1083 inepta
392 1024 684 1082 gloriantium
718 1025 795 1081 qui
827 1024 1018 1082 singulis
1053 1025 1259 1068 noctibus
1292 1039 1394 1068 cum
1427 1023 1569 1067 seruis
1602 1021 1696 1065 suis

206 1095 426 1140 calculum
447 1097 622 1152 ponunt
649 1098 695 1138 et
723 1095 842 1151 quod
863 1095 1121 1138 effuderunt
1144 1110 1230 1138 usu
1258 1094 1331 1138 uel
1363 1094 1506 1137 abusu
1534 1093 1697 1136 diurno

208 1166 336 1224 quasi
368 1165 599 1209 nocturnis
632 1165 827 1209 lacrimis
862 1166 1040 1211 deflent.
1101 1165 1408 1209 Suboriuntur
1434 1164 1550 1215 lites,
1577 1177 1697 1206 acce-

208 1237 324 1280 dunt
351 1236 510 1287 minae,
535 1238 792 1293 arguuntur
817 1239 899 1279 aut
930 1236 1044 1279 furti
1074 1240 1155 1280 aut
1186 1235 1471 1293 insipientiae
1500 1233 1620 1277 serui
1651 1235 1698 1276 et

208 1306 336 1363 quasi
368 1321 415 1349 re
445 1306 561 1348 male
591 1306 908 1349 administrata
936 1306 1162 1350 eiciuntur
1191 1309 1238 1350 et
1265 1307 1535 1363 torquentur
1558 1303 1696 1346 inter·
1718 1323 1759 1358 15

209 1377 329 1427 dum,
350 1376 617 1433 quandoque
645 1377 764 1433 quod
791 1377 1017 1420 effundere
1044 1377 1154 1420 iussi
1184 1379 1292 1420 sunt
1319 1375 1557 1419 refundere
1581 1388 1698 1418 com-

209 1447 465 1505 pelluntur;
495 1450 542 1490 et
562 1447 724 1490 conscii
750 1447 996 1490 turbantur
1022 1462 1188 1500 omnes,
1209 1447 1318 1490 dum
1341 1446 1548 1489 dominus
1568 1458 1700 1502 pecu-

211 1517 332 1560 niam
366 1532 480 1574 quae
512 1517 658 1560 euasit
690 1517 894 1574 suspiriis
927 1520 972 1560 et
1005 1517 1155 1560 dolore
1187 1516 1484 1575 prosequitur.
1558 1514 1702 1572 Saepe

211 1588 348 1632 etiam
382 1587 534 1631 euenit
572 1591 625 1630 ut
661 1588 739 1644 qui
772 1588 830 1630 ad
870 1588 1087 1645 requisita
1126 1590 1317 1631 naturae
1356 1587 1584 1644 ingressus
1619 1587 1700 1638 est,

164 1670 193 1710 d
212 1658 390 1709 ibidem,
426 1672 515 1715 quo
554 1658 826 1701 uerecundia
865 1658 1113 1701 humanum
1154 1657 1277 1715 fugit
1315 1660 1557 1714 aspectum,
1597 1670 1699 1699 cum
1721 1677 1766 1702 20

212 1729 432 1771 ministris
454 1728 785 1771 exactissimam
811 1731 1074 1786 sumptuum
1102 1728 1267 1772 habeat
1297 1727 1545 1780 rationem3
1581 1728 1702 1769 recte

213 1798 406 1856 quidem,
438 1798 544 1855 quia
579 1798 731 1841 nullus
772 1798 894 1842 locus
929 1799 1179 1842 tractandis
1220 1798 1427 1842 sordibus
1462 1797 1526 1841 eis
1557 1796 1703 1854 magis

173 1903 175 1905 -
212 1869 395 1912 uidetur
414 1868 735 1912 accommodus.
797 1869 915 1912 Sane
936 1884 1027 1912 non
1048 1869 1167 1926 quod
1189 1869 1418 1913 sordidum
1439 1867 1645 1918 dixerim,
1665 1866 1704 1909 si

214 1939 406 1996 diligens
426 1938 753 1996 paterfamilias
779 1939 827 1981 id
851 1939 949 1998 agit
968 1941 1022 1982 ut
1042 1939 1083 1983 ei
1105 1939 1221 1983 ratio
1249 1941 1423 1983 constet
1449 1938 1705 1996 impensae;

216 2009 254 2052 si
275 2012 427 2052 tamen
447 2009 531 2052 hoc
551 2009 719 2066 gradus
739 2011 820 2052 aut
841 2009 1039 2068 dignitas
1056 2024 1271 2067 personae
1286 2024 1378 2052 non
1393 2009 1566 2052 adimit.
1614 2006 1705 2051 Sed
1725 2031 1768 2068 25

216 2079 265 2122 in
286 2094 338 2123 eo
358 2079 503 2122 uitam
533 2082 678 2123 terere
708 2082 754 2123 et
782 2083 879 2123 tota
906 2083 1056 2124 mente
1085 2080 1256 2124 uersari
1286 2083 1332 2123 et
1358 2079 1421 2123 sic
1449 2079 1630 2137 quidem
1654 2081 1708 2122 ut

215 2149 332 2192 alius
359 2149 420 2193 sit
450 2152 497 2193 et
526 2150 643 2193 alius
668 2150 890 2202 uideatur,
910 2165 1194 2207 nequaquam
1222 2150 1419 2193 arbitror
1445 2164 1474 2193 a
1503 2149 1710 2192 sordibus

217 2220 428 2263 alienum.
505 2220 565 2263 Et
609 2220 791 2277 quidem
830 2221 1142 2265 conuiuiorum
1192 2221 1395 2265 ciuilium
1444 2223 1560 2264 teste
1602 2219 1709 2262 Por-

218 2290 408 2334 tuniano
428 2291 585 2349 regula
605 2293 674 2334 est
694 2294 747 2334 ut
767 2291 838 2335 his
858 2292 1104 2349 plurimum
1125 2306 1207 2349 pro
1227 2306 1350 2335 more
1365 2289 1711 2348 condegentium

220 2408 243 2442 4
268 2396 573 2433 habundantiam
590 2395 708 2434 A¹SM
867 2406 887 2441 7
914 2397 1009 2434 fides
1026 2409 1094 2434 om.
1113 2397 1138 2433 S
1303 2405 1342 2443 15
1370 2395 1654 2432 amministrata
1670 2394 1711 2431 M

221 2456 268 2482 20
291 2444 395 2492 fugit
413 2445 624 2481 humanum
642 2447 841 2492 aspectum
858 2444 934 2481 AM
1059 2455 1104 2491 23
1130 2445 1376 2482 acommodus
1394 2443 1435 2480 Cl
1450 2457 1459 2481 ε
1485 2443 1714 2481 accomodus

221 2492 360 2530 AS¹M2
385 2493 588 2530 acomodus
606 2493 647 2530 8²
790 2503 835 2539 27
860 2505 885 2529 a
902 2492 1077 2530 sordibus
1092 2493 1262 2530 arbitror
1279 2491 1327 2528 Α1

273 2606 294 2640 7
320 2598 598 2633 Portunianus:
623 2596 649 2632 i.
663 2607 694 2633 e.
729 2595 787 2641 (ut
815 2595 913 2631 vidit
942 2593 1314 2632 Schaarschmidtius
1341 2595 1420 2630 Ioh.
1451 2595 1570 2630 Sam.
1598 2605 1636 2640 p.
1666 2602 1710 2640 91

224 2657 262 2681 11.
291 2645 329 2691 2)
358 2644 639 2690 Postumianus,
669 2643 736 2690 qui
766 2643 806 2679 in
833 2643 1019 2680 Macrobii
1048 2644 1312 2679 Saturnalibus
1337 2641 1455 2679 Decio
1481 2638 1715 2678 adolescenti

225 2702 360 2729 narrat
377 2705 476 2739 quae
493 2692 534 2728 in
551 2692 841 2747 conyivioapud
850 2691 1024 2728 Vettium
1041 2691 1331 2747 lffraetextatum
1348 2690 1443 2727 olim
1459 2689 1593 2726 habito
1609 2689 1716 2744 dicta

226 2743 345 2777 erant.
396 2741 501 2778 Haec
528 2752 658 2777 omma
678 2742 802 2787 igitur
824 2751 870 2776 ex
896 2739 1093 2776 Macrobio
1118 2740 1322 2786 desumpta
1347 2749 1426 2775 esse
1451 2749 1531 2775 non
1556 2737 1715 2774 dubium

225 2792 293 2825 est.
455 2799 478 2835 9
503 2791 622 2825 sedere
640 2791 689 2824 ad
711 2790 914 2825 calculum:
942 2800 1028 2825 cum
1053 2788 1128 2824 hac
1145 2787 1414 2824 vocabulorum
1440 2784 1714 2823 coniunctione

226 2836 273 2874 cf.
286 2836 401 2883 Vulg.
414 2836 501 2874 Act.
514 2837 614 2884 App.
627 2836 682 2873 iii.
698 2847 741 2873 10
754 2838 803 2872 ad
813 2838 1070 2882 eleemosynam
1081 2837 1234 2872 sedebat.
1332 2837 1388 2878 28,
1402 2845 1450 2878 29
1465 2834 1712 2870 Portum‘ano:

226 2895 259 2920 v.
277 2895 402 2930 supra.
571 2895 617 2932 29
642 2886 937 2932 condeyentium:
964 2884 1047 2921 Hoc
1065 2884 1305 2930 vocabulum,
1322 2894 1396 2930 quo
1415 2879 1629 2919 Macrobius
1656 2879 1716 2928 (ut

341 2966 407 2999 254
