1846 3262
85 205 171 255 633
189 203 220 245 d
570 204 835 250 IOANNIS
877 202 1399 249 SARESBERIENSIS
1544 200 1658 263 [L113.
1675 211 1727 245 Ἦ

235 327 388 387 Igitur
416 328 500 372 hac
531 328 685 371 eadem
716 328 959 372 comitante
989 325 1141 370 omnia
1161 325 1385 369 horrenda
1405 324 1556 376 subiit,
1577 323 1730 368 omnia

234 399 426 442 aduersa
457 398 700 456 superauit.
773 397 948 455 Quippe
985 412 1037 440 ea
1076 396 1296 439 adiutrice
1336 394 1531 452 Ciclopis
1571 408 1729 452 specus

234 469 413 513 introiit
433 469 511 512 sed
531 483 734 527 egressus
754 471 833 520 est,
855 467 972 511 Solis
999 467 1137 510 boues
1164 466 1285 509 uidit
1311 465 1389 509 sed
1416 464 1650 518 abstinuit,
1670 463 1729 507 ad

235 539 405 583 inferos
436 539 663 582 demeauit
693 538 770 582 sed
798 538 1022 591 ascendit3
1053 537 1208 580 eadem
1233 535 1456 593 sapientia
1483 534 1728 579 comitante

236 610 420 653 Scillam
441 609 858 667 praeternauigauit
878 623 958 651 nec
980 611 1160 665 ereptus
1182 610 1261 658 est,
1283 605 1469 650 caribdi
1490 606 1728 663 conseptus
1748 618 1768 653 5

236 683 305 724 est
335 695 424 724 nec,
450 683 664 731 retentus,
705 678 856 723 Circes
891 678 1100 736 poculum
1139 677 1253 721 bibit
1285 692 1366 720 nec
1407 678 1612 719 mutatus
1649 677 1730 728 est,

236 750 294 793 ad
327 751 645 808 Lothophagos
675 750 860 794 accessit
889 764 970 793 nec
1000 748 1228 799 remansit,
1260 747 1443 791 Sirenas
1473 746 1620 790 audiit
1648 759 1730 790 nec

236 821 433 865 accessit.

238 951 344 1010 Cap.
370 965 436 1008 29.
471 951 600 1006 Quod
623 966 713 1008 pro
736 951 898 995 merito
923 951 1165 1008 principis
1183 951 1431 1008 formatur
1454 948 1662 1007 popalus
1690 949 1731 991 et

354 1038 405 1066 ex
420 1022 589 1080 populi
600 1023 760 1066 merito
770 1022 1014 1079 formatur
1022 1021 1337 1079 principatus,
1353 1021 1529 1078 Deoque
1542 1018 1731 1077 placido
1750 1032 1793 1057 10

355 1096 568 1136 ereatura
587 1091 805 1150 quaelibet
825 1092 1100 1136 mansuescit
1120 1096 1160 1136 et
1179 1091 1321 1135 serait
1345 1090 1538 1135 homini.

299 1185 423 1228 Haec
444 1184 663 1242 Apuleius
684 1185 914 1243 eleganter
934 1185 1114 1242 quidem
1135 1186 1182 1228 et
1202 1183 1459 1242 splendide3
1487 1186 1533 1227 et
1553 1182 1731 1226 utinam

85 1267 172 1317 634
191 1276 222 1305 a
239 1256 464 1300 audiatur.
524 1255 574 1299 Si
605 1256 725 1299 enim
756 1255 803 1298 in
835 1256 905 1299 sui
935 1255 1077 1313 ipsius
1107 1255 1233 1299 cultu
1264 1255 1453 1312 quisque
1483 1254 1657 1297 laboret
1686 1255 1735 1296 et

241 1342 355 1385 quae
387 1327 612 1371 exteriora
643 1329 751 1370 sunt
781 1329 962 1384 reputet
992 1327 1150 1377 aliena,
1182 1326 1386 1384 profecto
1416 1326 1614 1384 optimus
1645 1323 1733 1367 erit

239 1401 387 1441 status
422 1397 702 1454 singulorum
735 1399 781 1440 et
816 1397 1028 1448 omnium,
1059 1397 1322 1455 uigebitque
1352 1396 1501 1440 uirtus
1534 1399 1581 1439 et
1615 1394 1733 1438 ratio
1753 1411 1793 1447 ¹5

239 1467 530 1525 praeualebit‚
552 1469 770 1525 regnante
800 1468 999 1525 undique
1035 1472 1195 1512 mutua
1226 1468 1427 1519 caritate,
1449 1471 1503 1511 ut
1534 1467 1595 1511 sit
1629 1480 1733 1510 caro

241 1538 442 1581 subiecta
462 1537 643 1595 spiritui
664 1540 710 1580 et
730 1537 916 1595 spiritus
943 1538 1077 1596 plena
1104 1539 1342 1582 deuotione
1370 1538 1566 1582 Domino
1586 1537 1734 1581 famu·

239 1608 373 1652 letur.
418 1607 543 1661 Quae
564 1607 602 1650 si
623 1608 931 1665 processerint,
951 1623 1032 1652 nec
1047 1611 1224 1652 tumore
1244 1609 1406 1667 capitis
1426 1609 1737 1654 onerabuntur

239 1678 440 1721 membra
460 1692 542 1721 nec
563 1678 857 1721 destitutione
877 1679 1179 1722 membrorum
1196 1683 1277 1723 aut
1293 1679 1478 1737 ignauia
1498 1679 1735 1738 languebit

239 1751 376 1806 caput
390 1763 400 1802 ;
420 1748 510 1791 ista
530 1748 752 1805 siquidem
769 1764 796 1791 a
810 1749 981 1806 peccati
997 1749 1264 1793 infirmitate
1279 1750 1566 1808 proueniunt.
1611 1750 1657 1794 N
1658 1765 1733 1794 am
1754 1772 1798 1797 20

240 1822 286 1862 et
293 1818 558 1862 inferiorum
572 1818 736 1862 delicta
748 1819 915 1862 bonum
929 1820 1176 1878 principem
1184 1820 1482 1872 demerentur,
1491 1823 1538 1865 et
1549 1825 1735 1879 peccata

241 1889 522 1946 superiorum
543 1889 737 1933 subditis
757 1892 865 1933 sunt
895 1890 1065 1934 occasio
1096 1894 1143 1934 et
1162 1891 1409 1935 auctoritas
1429 1891 1733 1950 delinquendi.

241 1959 371 2002 Vnde
399 1959 535 2002 illud:
568 1959 712 2003 Omne
743 1963 879 2017 caput
898 1959 1166 2019 languidum
1196 1965 1243 2006 et
1267 1977 1399 2006 omne
1428 1977 1504 2006 cor
1532 1977 1733 2016 merens;

241 2045 269 2073 a
289 2030 448 2087 planta
468 2029 595 2087 pedis
615 2045 756 2087 usque
778 2030 835 2073 ad
856 2031 1071 2075 uerticem
1091 2046 1182 2075 non
1203 2035 1272 2076 est
1292 2033 1341 2075 in
1362 2047 1414 2076 eo
1434 2033 1618 2077 sanitas.

193 2105 223 2144 b
300 2100 574 2144 Mansuescit
594 2100 746 2158 itaque
767 2100 974 2159 princeps
994 2101 1052 2145 ab
1072 2102 1330 2146 innocentia
1349 2103 1505 2161 populi
1525 2106 1573 2147 et
1591 2118 1733 2162 popu·
1755 2123 1798 2159 ²5

240 2207 464 2289 {af-{gg}
482 2203 565 2240 CB:
589 2205 745 2250 areptus
763 2203 823 2241 8¹:
849 2207 1024 2253 arreptus
1042 2203 1083 2241 S²
1192 2216 1238 2243 10
1260 2204 1416 2253 placida
1432 2205 1588 2243 CBA¹M
1693 2208 1738 2245 16

293 2352 337 2387 16
361 2356 403 2387 ut
426 2352 477 2387 sit
500 2363 585 2387 caro
610 2353 706 2388 etc.:
734 2351 782 2388 cf.
810 2363 855 2389 ex
881 2351 1056 2390 oratione
1083 2352 1174 2391 eccl.
1201 2351 1439 2400 Anglicanae
1463 2352 1506 2389 in
1531 2352 1737 2392 Dominica

241 2398 368 2446 prima
385 2398 704 2446 Quadragesimae
724 2401 802 2436 that
818 2413 888 2436 our
895 2403 993 2446 flesh
1010 2402 1114 2447 beiny
1129 2403 1292 2437 subdued
1307 2406 1342 2438 to
1359 2403 1418 2437 the
1433 2403 1555 2448 spirit.
1606 2401 1738 2440 Etiam

244 2459 361 2493 supra
383 2460 415 2483 v.
441 2448 464 2484 6
488 2447 573 2494 (553
586 2452 630 2491 D)
649 2459 736 2483 cum
761 2447 833 2485 hoc
859 2448 1013 2485 Ioannis
1039 2449 1136 2493 loco,
1154 2451 1283 2486 saltem
1299 2450 1364 2486 hoc
1388 2451 1578 2486 tantillum
1601 2452 1736 2499 leuant,

243 2497 401 2531 audiant
432 2500 466 2531 et
499 2497 514 2530 i
564 2497 737 2532 uisitione
761 2498 931 2542 diliyenti
955 2499 1171 2544 discutiant,
1198 2496 1371 2534 conferre
1401 2496 1495 2534 licet
1521 2498 1739 2537 orationem

242 2543 334 2580 eccl.
351 2543 466 2589 Angl.
485 2542 526 2579 in
579 2543 748 2580 ominica
764 2545 933 2581 secunda
950 2545 1166 2582 Adventus:
1196 2545 1316 2580 Grant
1332 2547 1412 2581 that
1427 2558 1478 2581 we
1495 2559 1580 2593 may
1591 2549 1633 2583 in
1648 2548 1739 2584 such

244 2593 327 2627 wise
361 2593 452 2627 hear
477 2593 583 2634 them,
614 2594 713 2635 read,
741 2595 856 2636 mark,
886 2595 1000 2636 leam,
1030 2595 1108 2629 and
1139 2594 1323 2639 inwardly
1350 2595 1463 2640 diqest
1495 2595 1601 2631 them.
1650 2595 1738 2634 Non

245 2639 405 2676 absurde
440 2638 564 2676 conici
598 2642 726 2686 potest
758 2640 1019 2686 Cranmerum,
1045 2640 1379 2687 archiepiscopum
1412 2641 1737 2687 Cantuariensem‚

245 2698 378 2733 preces
406 2686 500 2723 istas
526 2687 620 2723 dum
645 2687 788 2732 scribit,
818 2688 974 2725 Ioannis
999 2688 1123 2726 nostri
1149 2688 1350 2726 verborum
1375 2689 1490 2727 fuisse
1514 2703 1736 2729 memorem.

246 2745 290 2770 21
319 2737 565 2771 demerentur:
603 2735 628 2771 i.
641 2748 672 2773 e.
698 2736 855 2783 perdere
881 2739 1100 2782 merentur;
1137 2737 1185 2774 cf.
1212 2736 1273 2772 Du
1299 2737 1429 2785 Gange
1455 2739 1511 2775 ed.
1543 2741 1633 2785 1884
1664 2753 1692 2777 s.
1702 2752 1736 2777 v.

246 2783 425 2818 demerere
445 2784 514 2829 (2).
563 2783 676 2830 Apud
694 2786 870 2822 auctores
888 2784 1007 2821 medii
1031 2784 1112 2822 aevi
1133 2784 1366 2822 recentiores
1383 2788 1561 2823 demereri
1577 2799 1644 2834 pro
1661 2800 1738 2825 non

247 2832 379 2865 mereri
397 2833 621 2877 usurpatum
640 2833 710 2875 est,
728 2832 831 2869 unde
856 2844 925 2869 nos
947 2832 1061 2870 hodie
1087 2834 1238 2869 demerit
1262 2845 1331 2880 pro
1358 2835 1467 2881 culpa
1491 2835 1656 2872 dicimus
1669 2850 1679 2879 ;
1704 2848 1736 2873 v.

246 2877 403 2923 Murray
420 2880 508 2914 New
521 2880 680 2925 Enylish
698 2881 916 2927 Dictionary
931 2892 960 2917 s.
974 2893 1006 2916 v.
1118 2891 1164 2927 23
1192 2882 1304 2918 Omne
1313 2887 1423 2929 eaput
1436 2884 1507 2920 etc.
1521 2894 1531 2920 :
1550 2883 1600 2921 Is.
1611 2883 1639 2920 i.
1654 2893 1688 2932 5,
1700 2884 1736 2923 6.

359 2949 404 2984 86
