<?xml version="1.0" encoding="UTF-8"?>
<!DOCTYPE html PUBLIC "-//W3C//DTD XHTML 1.0 Transitional//EN"
    "http://www.w3.org/TR/xhtml1/DTD/xhtml1-transitional.dtd">
<html xmlns="http://www.w3.org/1999/xhtml" xml:lang="en" lang="en">
 <head>
  <title>
</title>
<meta http-equiv="Content-Type" content="text/html;charset=utf-8" />
  <meta name='ocr-system' content='tesseract 3.04.00' />
  <meta name='ocr-capabilities' content='ocr_page ocr_carea ocr_par ocr_line ocrx_word'/>
</head>
<body>
  <div class='ocr_page' id='page_1' title='image "./ioannissaresberi02johnuoft_0238.png"; bbox 0 0 1846 3262; ppageno 0'>
   <div class='ocr_carea' id='block_1_1' title="bbox 373 655 1573 702">
    <p class='ocr_par' dir='ltr' id='par_1_1' title="bbox 373 655 1573 702">
     <span class='ocr_line' id='line_1_1' title="bbox 373 655 1573 702; baseline 0.002 -3"><span class='ocrx_word' id='word_1_1' title='bbox 373 655 611 700; x_wconf 85' lang='lat' dir='ltr'>INCIPIT</span> <span class='ocrx_word' id='word_1_2' title='bbox 642 655 826 699; x_wconf 86' lang='lat' dir='ltr'>LIBER</span> <span class='ocrx_word' id='word_1_3' title='bbox 857 655 1137 700; x_wconf 86' lang='lat' dir='ltr'><strong>OCTAVVS</strong></span> <span class='ocrx_word' id='word_1_4' title='bbox 1168 655 1573 702; x_wconf 81' lang='lat' dir='ltr'>POLICRATIOI.</span> 
     </span>
    </p>
   </div>
   <div class='ocr_carea' id='block_1_2' title="bbox 845 808 1095 840">
    <p class='ocr_par' dir='ltr' id='par_1_2' title="bbox 845 808 1095 840">
     <span class='ocr_line' id='line_1_2' title="bbox 845 808 1095 840; baseline 0.004 -1"><span class='ocrx_word' id='word_1_5' title='bbox 845 808 1095 840; x_wconf 84' lang='lat' dir='ltr'>PROLOGVS.</span> 
     </span>
    </p>
   </div>
   <div class='ocr_carea' id='block_1_3' title="bbox 77 906 1771 2441">
    <p class='ocr_par' dir='ltr' id='par_1_3' title="bbox 77 906 1771 1667">
     <span class='ocr_line' id='line_1_3' title="bbox 77 906 1712 967; baseline 0 -17"><span class='ocrx_word' id='word_1_6' title='bbox 77 926 163 967; x_wconf 88' lang='lat'>709</span> <span class='ocrx_word' id='word_1_7' title='bbox 184 926 209 957; x_wconf 79' lang='lat' dir='ltr'>c</span> <span class='ocrx_word' id='word_1_8' title='bbox 286 906 473 951; x_wconf 77' lang='lat' dir='ltr'>SOLENT</span> <span class='ocrx_word' id='word_1_9' title='bbox 512 907 590 965; x_wconf 91' lang='lat' dir='ltr'>qui</span> <span class='ocrx_word' id='word_1_10' title='bbox 631 921 752 950; x_wconf 88' lang='lat' dir='ltr'>mare</span> <span class='ocrx_word' id='word_1_11' title='bbox 796 906 1041 965; x_wconf 83' lang='lat' dir='ltr'>enauigant</span> <span class='ocrx_word' id='word_1_12' title='bbox 1085 906 1176 950; x_wconf 90' lang='lat' dir='ltr'>illis</span> <span class='ocrx_word' id='word_1_13' title='bbox 1220 906 1384 950; x_wconf 87' lang='lat' dir='ltr'>habere</span> <span class='ocrx_word' id='word_1_14' title='bbox 1428 906 1625 964; x_wconf 87' lang='lat' dir='ltr'>gratiam</span> <span class='ocrx_word' id='word_1_15' title='bbox 1665 908 1712 950; x_wconf 87' lang='lat' dir='ltr'>et</span> 
     </span>
     <span class='ocr_line' id='line_1_4' title="bbox 226 976 1713 1035; baseline 0 -15"><span class='ocrx_word' id='word_1_16' title='bbox 226 976 393 1020; x_wconf 86' lang='lat' dir='ltr'>referre</span> <span class='ocrx_word' id='word_1_17' title='bbox 414 992 603 1035; x_wconf 89' lang='lat' dir='ltr'>quorum</span> <span class='ocrx_word' id='word_1_18' title='bbox 628 977 841 1021; x_wconf 87' lang='lat' dir='ltr'>beneficio</span> <span class='ocrx_word' id='word_1_19' title='bbox 861 977 1061 1034; x_wconf 91' lang='lat' dir='ltr'>pericula</span> <span class='ocrx_word' id='word_1_20' title='bbox 1081 980 1336 1021; x_wconf 88' lang='lat' dir='ltr'>euaserunt.</span> <span class='ocrx_word' id='word_1_21' title='bbox 1393 976 1713 1021; x_wconf 86' lang='lat' dir='ltr'>Accenduntur</span> 
     </span>
     <span class='ocr_line' id='line_1_5' title="bbox 226 1046 1749 1106; baseline 0 -16"><span class='ocrx_word' id='word_1_22' title='bbox 226 1048 363 1106; x_wconf 84' lang='lat' dir='ltr'>ignes,</span> <span class='ocrx_word' id='word_1_23' title='bbox 413 1048 628 1092; x_wconf 88' lang='lat' dir='ltr'>clamores</span> <span class='ocrx_word' id='word_1_24' title='bbox 678 1048 946 1099; x_wconf 85' lang='lat' dir='ltr'>excitantur,</span> <span class='ocrx_word' id='word_1_25' title='bbox 998 1047 1236 1105; x_wconf 87' lang='lat' dir='ltr'>eriguntur</span> <span class='ocrx_word' id='word_1_26' title='bbox 1279 1050 1326 1091; x_wconf 89' lang='lat' dir='ltr'>et</span> <span class='ocrx_word' id='word_1_27' title='bbox 1373 1047 1503 1105; x_wconf 87' lang='lat' dir='ltr'>signa</span> <span class='ocrx_word' id='word_1_28' title='bbox 1547 1046 1711 1104; x_wconf 79' lang='lat' dir='ltr'>quibus</span> <span class='ocrx_word' id='word_1_29' title='bbox 1730 1065 1749 1100; x_wconf 84' lang='lat'><strong>5</strong></span> 
     </span>
     <span class='ocr_line' id='line_1_6' title="bbox 225 1117 1712 1176; baseline -0.001 -14"><span class='ocrx_word' id='word_1_30' title='bbox 225 1117 368 1162; x_wconf 85' lang='lat' dir='ltr'>Cillea</span> <span class='ocrx_word' id='word_1_31' title='bbox 407 1133 586 1176; x_wconf 87' lang='lat' dir='ltr'>uorago,</span> <span class='ocrx_word' id='word_1_32' title='bbox 627 1118 761 1162; x_wconf 90' lang='lat' dir='ltr'>turbo</span> <span class='ocrx_word' id='word_1_33' title='bbox 802 1117 1022 1169; x_wconf 85' lang='lat' dir='ltr'>Caribdis,</span> <span class='ocrx_word' id='word_1_34' title='bbox 1063 1133 1173 1161; x_wconf 85' lang='lat' dir='ltr'>saxa</span> <span class='ocrx_word' id='word_1_35' title='bbox 1207 1118 1407 1169; x_wconf 88' lang='lat' dir='ltr'>latentia,</span> <span class='ocrx_word' id='word_1_36' title='bbox 1447 1120 1621 1161; x_wconf 85' lang='lat' dir='ltr'>tractus</span> <span class='ocrx_word' id='word_1_37' title='bbox 1665 1121 1712 1161; x_wconf 84' lang='lat' dir='ltr'>et</span> 
     </span>
     <span class='ocr_line' id='line_1_7' title="bbox 224 1186 1710 1246; baseline 0 -15"><span class='ocrx_word' id='word_1_38' title='bbox 224 1189 445 1232; x_wconf 87' lang='lat' dir='ltr'>tenacitas</span> <span class='ocrx_word' id='word_1_39' title='bbox 485 1188 675 1231; x_wconf 75' lang='lat' dir='ltr'>Sittium</span> <span class='ocrx_word' id='word_1_40' title='bbox 716 1203 744 1231; x_wconf 90' lang='lat' dir='ltr'>a</span> <span class='ocrx_word' id='word_1_41' title='bbox 782 1188 1105 1246; x_wconf 87' lang='lat' dir='ltr'>nauigantibus</span> <span class='ocrx_word' id='word_1_42' title='bbox 1146 1191 1313 1246; x_wconf 87' lang='lat' dir='ltr'>queant</span> <span class='ocrx_word' id='word_1_43' title='bbox 1357 1187 1598 1231; x_wconf 76' lang='lat' dir='ltr'>salubriter</span> <span class='ocrx_word' id='word_1_44' title='bbox 1636 1186 1710 1231; x_wconf 84' lang='lat' dir='ltr'>de-</span> 
     </span>
     <span class='ocr_line' id='line_1_8' title="bbox 225 1257 1710 1316; baseline -0.001 -14"><span class='ocrx_word' id='word_1_45' title='bbox 225 1258 396 1302; x_wconf 86' lang='lat' dir='ltr'>clinari.</span> <span class='ocrx_word' id='word_1_46' title='bbox 457 1258 531 1302; x_wconf 83' lang='lat' dir='ltr'>Sic</span> <span class='ocrx_word' id='word_1_47' title='bbox 570 1262 616 1302; x_wconf 86' lang='lat' dir='ltr'>et</span> <span class='ocrx_word' id='word_1_48' title='bbox 656 1258 722 1310; x_wconf 90' lang='lat' dir='ltr'>iis,</span> <span class='ocrx_word' id='word_1_49' title='bbox 759 1258 836 1316; x_wconf 94' lang='lat' dir='ltr'>qui</span> <span class='ocrx_word' id='word_1_50' title='bbox 876 1274 929 1301; x_wconf 90' lang='lat' dir='ltr'>ea</span> <span class='ocrx_word' id='word_1_51' title='bbox 968 1258 1200 1301; x_wconf 87' lang='lat' dir='ltr'>imminere</span> <span class='ocrx_word' id='word_1_52' title='bbox 1241 1258 1512 1301; x_wconf 89' lang='lat' dir='ltr'>denuntiant</span> <span class='ocrx_word' id='word_1_53' title='bbox 1547 1257 1710 1315; x_wconf 89' lang='lat' dir='ltr'>quibus</span> 
     </span>
     <span class='ocr_line' id='line_1_9' title="bbox 225 1328 1710 1387; baseline 0 -16"><span class='ocrx_word' id='word_1_54' title='bbox 225 1329 346 1372; x_wconf 88' lang='lat' dir='ltr'>salus</span> <span class='ocrx_word' id='word_1_55' title='bbox 386 1329 667 1386; x_wconf 73' lang='lat' dir='ltr'>periclitatur</span> <span class='ocrx_word' id='word_1_56' title='bbox 706 1329 916 1381; x_wconf 90' lang='lat' dir='ltr'>humana,</span> <span class='ocrx_word' id='word_1_57' title='bbox 952 1329 1196 1372; x_wconf 84' lang='lat' dir='ltr'>rectissime</span> <span class='ocrx_word' id='word_1_58' title='bbox 1236 1328 1384 1387; x_wconf 86' lang='lat' dir='ltr'>gratia</span> <span class='ocrx_word' id='word_1_59' title='bbox 1424 1328 1613 1372; x_wconf 90' lang='lat' dir='ltr'>debetur</span> <span class='ocrx_word' id='word_1_60' title='bbox 1652 1343 1710 1372; x_wconf 84' lang='lat' dir='ltr'>ex</span> 
     </span>
     <span class='ocr_line' id='line_1_10' title="bbox 225 1398 1771 1457; baseline -0.002 -15"><span class='ocrx_word' id='word_1_61' title='bbox 225 1399 411 1452; x_wconf 88' lang='lat' dir='ltr'>merito;</span> <span class='ocrx_word' id='word_1_62' title='bbox 460 1402 506 1442; x_wconf 90' lang='lat' dir='ltr'>et</span> <span class='ocrx_word' id='word_1_63' title='bbox 547 1399 623 1456; x_wconf 93' lang='lat' dir='ltr'>qui</span> <span class='ocrx_word' id='word_1_64' title='bbox 665 1414 762 1442; x_wconf 88' lang='lat' dir='ltr'>eam</span> <span class='ocrx_word' id='word_1_65' title='bbox 801 1399 1079 1442; x_wconf 87' lang='lat' dir='ltr'>merentibus</span> <span class='ocrx_word' id='word_1_66' title='bbox 1120 1414 1210 1442; x_wconf 91' lang='lat' dir='ltr'>non</span> <span class='ocrx_word' id='word_1_67' title='bbox 1250 1398 1467 1456; x_wconf 88' lang='lat' dir='ltr'>rependit,</span> <span class='ocrx_word' id='word_1_68' title='bbox 1503 1398 1709 1457; x_wconf 85' lang='lat' dir='ltr'>ingratus</span> <span class='ocrx_word' id='word_1_69' title='bbox 1730 1415 1771 1439; x_wconf 91' lang='lat'>10</span> 
     </span>
     <span class='ocr_line' id='line_1_11' title="bbox 224 1469 1710 1528; baseline 0.001 -16"><span class='ocrx_word' id='word_1_70' title='bbox 224 1469 428 1512; x_wconf 88' lang='lat' dir='ltr'>beneficii</span> <span class='ocrx_word' id='word_1_71' title='bbox 458 1469 622 1528; x_wconf 86' lang='lat' dir='ltr'>dignus</span> <span class='ocrx_word' id='word_1_72' title='bbox 653 1473 722 1513; x_wconf 89' lang='lat' dir='ltr'>est</span> <span class='ocrx_word' id='word_1_73' title='bbox 753 1469 913 1513; x_wconf 85' lang='lat' dir='ltr'>salutis</span> <span class='ocrx_word' id='word_1_74' title='bbox 948 1469 1232 1527; x_wconf 88' lang='lat' dir='ltr'>dispendium</span> <span class='ocrx_word' id='word_1_75' title='bbox 1268 1469 1502 1512; x_wconf 87' lang='lat' dir='ltr'>sustinere.</span> <span class='ocrx_word' id='word_1_76' title='bbox 1564 1469 1710 1513; x_wconf 89' lang='lat' dir='ltr'>Nemo</span> 
     </span>
     <span class='ocr_line' id='line_1_12' title="bbox 225 1538 1709 1597; baseline 0 -15"><span class='ocrx_word' id='word_1_77' title='bbox 225 1542 377 1583; x_wconf 90' lang='lat' dir='ltr'>autem</span> <span class='ocrx_word' id='word_1_78' title='bbox 413 1542 482 1583; x_wconf 88' lang='lat' dir='ltr'>est</span> <span class='ocrx_word' id='word_1_79' title='bbox 514 1539 592 1596; x_wconf 90' lang='lat' dir='ltr'>qui</span> <span class='ocrx_word' id='word_1_80' title='bbox 628 1539 818 1583; x_wconf 89' lang='lat' dir='ltr'>salutem</span> <span class='ocrx_word' id='word_1_81' title='bbox 854 1539 982 1582; x_wconf 85' lang='lat' dir='ltr'>uitiis</span> <span class='ocrx_word' id='word_1_82' title='bbox 1022 1539 1192 1583; x_wconf 89' lang='lat' dir='ltr'>nesciat</span> <span class='ocrx_word' id='word_1_83' title='bbox 1227 1538 1438 1596; x_wconf 88' lang='lat' dir='ltr'>impediri</span> <span class='ocrx_word' id='word_1_84' title='bbox 1471 1554 1611 1597; x_wconf 90' lang='lat' dir='ltr'>eaque</span> <span class='ocrx_word' id='word_1_85' title='bbox 1651 1554 1709 1583; x_wconf 83' lang='lat' dir='ltr'>ex</span> 
     </span>
     <span class='ocr_line' id='line_1_13' title="bbox 225 1609 1709 1667; baseline 0 -14"><span class='ocrx_word' id='word_1_86' title='bbox 225 1625 374 1653; x_wconf 91' lang='lat' dir='ltr'>amore</span> <span class='ocrx_word' id='word_1_87' title='bbox 394 1610 701 1667; x_wconf 83' lang='lat' dir='ltr'>proximorum</span> <span class='ocrx_word' id='word_1_88' title='bbox 722 1610 870 1652; x_wconf 90' lang='lat' dir='ltr'>notari</span> <span class='ocrx_word' id='word_1_89' title='bbox 891 1609 948 1652; x_wconf 91' lang='lat' dir='ltr'>ad</span> <span class='ocrx_word' id='word_1_90' title='bbox 970 1609 1126 1667; x_wconf 82' lang='lat' dir='ltr'>fugam</span> <span class='ocrx_word' id='word_1_91' title='bbox 1146 1609 1323 1667; x_wconf 89' lang='lat' dir='ltr'>publice</span> <span class='ocrx_word' id='word_1_92' title='bbox 1343 1609 1543 1653; x_wconf 88' lang='lat' dir='ltr'>interest.</span> <span class='ocrx_word' id='word_1_93' title='bbox 1599 1609 1709 1653; x_wconf 87' lang='lat' dir='ltr'>Vita</span> 
     </span>
    </p>

    <p class='ocr_par' dir='ltr' id='par_1_4' title="bbox 175 1679 1770 2160">
     <span class='ocr_line' id='line_1_14' title="bbox 175 1679 1707 1738; baseline -0.001 -14"><span class='ocrx_word' id='word_1_94' title='bbox 175 1682 206 1724; x_wconf 85' lang='lat' dir='ltr'>d</span> <span class='ocrx_word' id='word_1_95' title='bbox 225 1680 446 1738; x_wconf 83' lang='lat' dir='ltr'>siquidem</span> <span class='ocrx_word' id='word_1_96' title='bbox 467 1680 664 1722; x_wconf 89' lang='lat' dir='ltr'>humana</span> <span class='ocrx_word' id='word_1_97' title='bbox 685 1680 845 1737; x_wconf 89' lang='lat' dir='ltr'>quouis</span> <span class='ocrx_word' id='word_1_98' title='bbox 873 1679 992 1723; x_wconf 82' lang='lat' dir='ltr'>freto</span> <span class='ocrx_word' id='word_1_99' title='bbox 1012 1679 1298 1737; x_wconf 83' lang='lat' dir='ltr'>procellosior</span> <span class='ocrx_word' id='word_1_100' title='bbox 1318 1681 1397 1731; x_wconf 90' lang='lat' dir='ltr'>est,</span> <span class='ocrx_word' id='word_1_101' title='bbox 1417 1694 1498 1723; x_wconf 87' lang='lat' dir='ltr'>nec</span> <span class='ocrx_word' id='word_1_102' title='bbox 1518 1682 1707 1736; x_wconf 88' lang='lat' dir='ltr'>possunt</span> 
     </span>
     <span class='ocr_line' id='line_1_15' title="bbox 224 1750 1767 1803; baseline -0.001 -10"><span class='ocrx_word' id='word_1_103' title='bbox 224 1750 362 1794; x_wconf 89' lang='lat' dir='ltr'>uitari</span> <span class='ocrx_word' id='word_1_104' title='bbox 383 1750 641 1794; x_wconf 88' lang='lat' dir='ltr'>discrimina</span> <span class='ocrx_word' id='word_1_105' title='bbox 662 1750 748 1793; x_wconf 89' lang='lat' dir='ltr'>nisi</span> <span class='ocrx_word' id='word_1_106' title='bbox 774 1750 867 1793; x_wconf 91' lang='lat' dir='ltr'>suis</span> <span class='ocrx_word' id='word_1_107' title='bbox 888 1750 1212 1793; x_wconf 87' lang='lat' dir='ltr'>denuntientur</span> <span class='ocrx_word' id='word_1_108' title='bbox 1233 1750 1424 1793; x_wconf 88' lang='lat' dir='ltr'>indiciis.</span> <span class='ocrx_word' id='word_1_109' title='bbox 1496 1750 1570 1792; x_wconf 92' lang='lat' dir='ltr'>Ad</span> <span class='ocrx_word' id='word_1_110' title='bbox 1590 1751 1706 1794; x_wconf 86' lang='lat' dir='ltr'>hanc</span> <span class='ocrx_word' id='word_1_111' title='bbox 1727 1768 1767 1803; x_wconf 87' lang='lat'>¹5</span> 
     </span>
     <span class='ocr_line' id='line_1_16' title="bbox 223 1820 1707 1878; baseline -0.001 -14"><span class='ocrx_word' id='word_1_112' title='bbox 223 1835 332 1864; x_wconf 88' lang='lat' dir='ltr'>uero</span> <span class='ocrx_word' id='word_1_113' title='bbox 363 1835 544 1878; x_wconf 83' lang='lat' dir='ltr'>operam</span> <span class='ocrx_word' id='word_1_114' title='bbox 576 1820 780 1878; x_wconf 90' lang='lat' dir='ltr'>publicae</span> <span class='ocrx_word' id='word_1_115' title='bbox 816 1820 1029 1864; x_wconf 89' lang='lat' dir='ltr'>utilitatis</span> <span class='ocrx_word' id='word_1_116' title='bbox 1061 1823 1107 1863; x_wconf 88' lang='lat' dir='ltr'>et</span> <span class='ocrx_word' id='word_1_117' title='bbox 1136 1822 1242 1864; x_wconf 86' lang='lat' dir='ltr'>tuae</span> <span class='ocrx_word' id='word_1_118' title='bbox 1273 1820 1482 1864; x_wconf 89' lang='lat' dir='ltr'>iussionis</span> <span class='ocrx_word' id='word_1_119' title='bbox 1511 1820 1707 1864; x_wconf 84' lang='lat' dir='ltr'>stimulis</span> 
     </span>
     <span class='ocr_line' id='line_1_17' title="bbox 223 1890 1706 1949; baseline 0.001 -15"><span class='ocrx_word' id='word_1_120' title='bbox 223 1906 396 1949; x_wconf 88' lang='lat' dir='ltr'>urgeor,</span> <span class='ocrx_word' id='word_1_121' title='bbox 418 1891 523 1934; x_wconf 89' lang='lat' dir='ltr'>licet</span> <span class='ocrx_word' id='word_1_122' title='bbox 546 1891 594 1933; x_wconf 90' lang='lat' dir='ltr'>in</span> <span class='ocrx_word' id='word_1_123' title='bbox 614 1906 685 1934; x_wconf 89' lang='lat' dir='ltr'>me</span> <span class='ocrx_word' id='word_1_124' title='bbox 712 1891 851 1934; x_wconf 91' lang='lat' dir='ltr'>nichil</span> <span class='ocrx_word' id='word_1_125' title='bbox 877 1905 1115 1948; x_wconf 88' lang='lat' dir='ltr'>agnoscam</span> <span class='ocrx_word' id='word_1_126' title='bbox 1141 1890 1259 1948; x_wconf 90' lang='lat' dir='ltr'>quod</span> <span class='ocrx_word' id='word_1_127' title='bbox 1280 1890 1576 1935; x_wconf 84' lang='lat' dir='ltr'>attentionem</span> <span class='ocrx_word' id='word_1_128' title='bbox 1603 1906 1706 1949; x_wconf 88' lang='lat' dir='ltr'>pro-</span> 
     </span>
     <span class='ocr_line' id='line_1_18' title="bbox 223 1961 1706 2019; baseline 0.001 -15"><span class='ocrx_word' id='word_1_129' title='bbox 223 1964 353 2005; x_wconf 88' lang='lat' dir='ltr'>uocet</span> <span class='ocrx_word' id='word_1_130' title='bbox 377 1962 646 2013; x_wconf 87' lang='lat' dir='ltr'>auditorum,</span> <span class='ocrx_word' id='word_1_131' title='bbox 666 1961 799 2004; x_wconf 91' lang='lat' dir='ltr'>homo</span> <span class='ocrx_word' id='word_1_132' title='bbox 829 1961 1028 2019; x_wconf 90' lang='lat' dir='ltr'>undique</span> <span class='ocrx_word' id='word_1_133' title='bbox 1059 1961 1325 2004; x_wconf 89' lang='lat' dir='ltr'>immunitus</span> <span class='ocrx_word' id='word_1_134' title='bbox 1355 1964 1402 2005; x_wconf 91' lang='lat' dir='ltr'>et</span> <span class='ocrx_word' id='word_1_135' title='bbox 1428 1961 1706 2014; x_wconf 90' lang='lat' dir='ltr'>imminutus,</span> 
     </span>
     <span class='ocr_line' id='line_1_19' title="bbox 223 2031 1708 2076; baseline 0.001 -1"><span class='ocrx_word' id='word_1_136' title='bbox 223 2033 295 2075; x_wconf 89' lang='lat' dir='ltr'>cui</span> <span class='ocrx_word' id='word_1_137' title='bbox 315 2047 395 2076; x_wconf 88' lang='lat' dir='ltr'>nec</span> <span class='ocrx_word' id='word_1_138' title='bbox 416 2032 514 2076; x_wconf 90' lang='lat' dir='ltr'>uita</span> <span class='ocrx_word' id='word_1_139' title='bbox 537 2031 595 2074; x_wconf 91' lang='lat' dir='ltr'>ad</span> <span class='ocrx_word' id='word_1_140' title='bbox 618 2031 935 2075; x_wconf 87' lang='lat' dir='ltr'>conscientiam</span> <span class='ocrx_word' id='word_1_141' title='bbox 962 2047 1043 2075; x_wconf 90' lang='lat' dir='ltr'>nec</span> <span class='ocrx_word' id='word_1_142' title='bbox 1067 2032 1125 2075; x_wconf 89' lang='lat' dir='ltr'>ad</span> <span class='ocrx_word' id='word_1_143' title='bbox 1150 2031 1398 2075; x_wconf 87' lang='lat' dir='ltr'>doctrinam</span> <span class='ocrx_word' id='word_1_144' title='bbox 1419 2032 1607 2076; x_wconf 86' lang='lat' dir='ltr'>scientia</span> <span class='ocrx_word' id='word_1_145' title='bbox 1626 2047 1708 2076; x_wconf 88' lang='lat' dir='ltr'>nec</span> 
     </span>
     <span class='ocr_line' id='line_1_20' title="bbox 223 2101 1770 2160; baseline -0.002 -14"><span class='ocrx_word' id='word_1_146' title='bbox 223 2117 358 2160; x_wconf 88' lang='lat' dir='ltr'>opera</span> <span class='ocrx_word' id='word_1_147' title='bbox 397 2105 644 2160; x_wconf 90' lang='lat' dir='ltr'>suppetunt</span> <span class='ocrx_word' id='word_1_148' title='bbox 684 2102 741 2145; x_wconf 87' lang='lat' dir='ltr'>ad</span> <span class='ocrx_word' id='word_1_149' title='bbox 782 2101 1048 2160; x_wconf 86' lang='lat' dir='ltr'>exemplum,</span> <span class='ocrx_word' id='word_1_150' title='bbox 1083 2102 1202 2145; x_wconf 90' lang='lat' dir='ltr'>unde</span> <span class='ocrx_word' id='word_1_151' title='bbox 1241 2102 1290 2144; x_wconf 88' lang='lat' dir='ltr'>in</span> <span class='ocrx_word' id='word_1_152' title='bbox 1308 2117 1400 2152; x_wconf 83' lang='lat' dir='ltr'>,me</span> <span class='ocrx_word' id='word_1_153' title='bbox 1435 2117 1463 2145; x_wconf 89' lang='lat' dir='ltr'>a</span> <span class='ocrx_word' id='word_1_154' title='bbox 1501 2102 1708 2160; x_wconf 84' lang='lat' dir='ltr'>plurimis</span> <span class='ocrx_word' id='word_1_155' title='bbox 1727 2119 1770 2143; x_wconf 68' lang='grc' dir='ltr'>πο</span> 
     </span>
    </p>

    <p class='ocr_par' dir='ltr' id='par_1_5' title="bbox 85 2172 1709 2441">
     <span class='ocr_line' id='line_1_21' title="bbox 85 2172 1708 2232; baseline 0.001 -16"><span class='ocrx_word' id='word_1_156' title='bbox 85 2191 160 2232; x_wconf 89' lang='lat'>710</span> <span class='ocrx_word' id='word_1_157' title='bbox 181 2191 207 2221; x_wconf 84' lang='lat' dir='ltr'>c</span> <span class='ocrx_word' id='word_1_158' title='bbox 223 2173 527 2216; x_wconf 87' lang='lat' dir='ltr'>conclamatur</span> <span class='ocrx_word' id='word_1_159' title='bbox 546 2176 599 2216; x_wconf 90' lang='lat' dir='ltr'>ut</span> <span class='ocrx_word' id='word_1_160' title='bbox 623 2175 807 2224; x_wconf 87' lang='lat' dir='ltr'>taceam,</span> <span class='ocrx_word' id='word_1_161' title='bbox 827 2172 1080 2216; x_wconf 88' lang='lat' dir='ltr'>dicentibus</span> <span class='ocrx_word' id='word_1_162' title='bbox 1107 2172 1227 2230; x_wconf 92' lang='lat' dir='ltr'>quod</span> <span class='ocrx_word' id='word_1_163' title='bbox 1253 2187 1334 2216; x_wconf 88' lang='lat' dir='ltr'>nec</span> <span class='ocrx_word' id='word_1_164' title='bbox 1363 2173 1500 2216; x_wconf 90' lang='lat' dir='ltr'>etiam</span> <span class='ocrx_word' id='word_1_165' title='bbox 1519 2173 1708 2217; x_wconf 89' lang='lat' dir='ltr'>uirtutis</span> 
     </span>
     <span class='ocr_line' id='line_1_22' title="bbox 222 2242 1709 2300; baseline 0.001 -14"><span class='ocrx_word' id='word_1_166' title='bbox 222 2243 419 2300; x_wconf 87' lang='lat' dir='ltr'>speciosa</span> <span class='ocrx_word' id='word_1_167' title='bbox 453 2243 552 2286; x_wconf 88' lang='lat' dir='ltr'>laus</span> <span class='ocrx_word' id='word_1_168' title='bbox 591 2245 660 2286; x_wconf 91' lang='lat' dir='ltr'>est</span> <span class='ocrx_word' id='word_1_169' title='bbox 692 2242 740 2285; x_wconf 93' lang='lat' dir='ltr'>in</span> <span class='ocrx_word' id='word_1_170' title='bbox 774 2257 850 2286; x_wconf 87' lang='lat' dir='ltr'>ore</span> <span class='ocrx_word' id='word_1_171' title='bbox 880 2242 1135 2300; x_wconf 85' lang='lat' dir='ltr'>peccatoris.</span> <span class='ocrx_word' id='word_1_172' title='bbox 1198 2242 1296 2286; x_wconf 91' lang='lat' dir='ltr'>Hoc</span> <span class='ocrx_word' id='word_1_173' title='bbox 1336 2243 1370 2285; x_wconf 87' lang='lat' dir='ltr'>ii</span> <span class='ocrx_word' id='word_1_174' title='bbox 1410 2243 1493 2286; x_wconf 86' lang='lat' dir='ltr'>soli</span> <span class='ocrx_word' id='word_1_175' title='bbox 1533 2242 1709 2287; x_wconf 81' lang='lat' dir='ltr'>faciunt</span> 
     </span>
     <span class='ocr_line' id='line_1_23' title="bbox 223 2313 1706 2371; baseline 0.001 -15"><span class='ocrx_word' id='word_1_176' title='bbox 223 2314 385 2370; x_wconf 88' lang='lat' dir='ltr'>quibus</span> <span class='ocrx_word' id='word_1_177' title='bbox 405 2314 521 2357; x_wconf 91' lang='lat' dir='ltr'>uitia</span> <span class='ocrx_word' id='word_1_178' title='bbox 540 2313 729 2371; x_wconf 88' lang='lat' dir='ltr'>placent,</span> <span class='ocrx_word' id='word_1_179' title='bbox 746 2316 975 2357; x_wconf 88' lang='lat' dir='ltr'>currentes</span> <span class='ocrx_word' id='word_1_180' title='bbox 990 2313 1039 2355; x_wconf 93' lang='lat' dir='ltr'>in</span> <span class='ocrx_word' id='word_1_181' title='bbox 1055 2315 1246 2356; x_wconf 91' lang='lat' dir='ltr'>mortem</span> <span class='ocrx_word' id='word_1_182' title='bbox 1261 2313 1439 2356; x_wconf 90' lang='lat' dir='ltr'>nemine</span> <span class='ocrx_word' id='word_1_183' title='bbox 1455 2316 1706 2366; x_wconf 85' lang='lat' dir='ltr'>reuocante,</span> 
     </span>
     <span class='ocr_line' id='line_1_24' title="bbox 221 2383 1707 2441; baseline 0.001 -14"><span class='ocrx_word' id='word_1_184' title='bbox 221 2386 303 2427; x_wconf 89' lang='lat' dir='ltr'>aut</span> <span class='ocrx_word' id='word_1_185' title='bbox 329 2384 407 2441; x_wconf 94' lang='lat' dir='ltr'>qui</span> <span class='ocrx_word' id='word_1_186' title='bbox 437 2384 672 2427; x_wconf 86' lang='lat' dir='ltr'>saluantur</span> <span class='ocrx_word' id='word_1_187' title='bbox 701 2383 848 2427; x_wconf 89' lang='lat' dir='ltr'>inuiti.</span> <span class='ocrx_word' id='word_1_188' title='bbox 909 2383 1029 2426; x_wconf 90' lang='lat' dir='ltr'>Nam</span> <span class='ocrx_word' id='word_1_189' title='bbox 1061 2384 1223 2441; x_wconf 88' lang='lat' dir='ltr'>quibus</span> <span class='ocrx_word' id='word_1_190' title='bbox 1253 2384 1370 2427; x_wconf 90' lang='lat' dir='ltr'>bona</span> <span class='ocrx_word' id='word_1_191' title='bbox 1399 2384 1590 2441; x_wconf 87' lang='lat' dir='ltr'>placent,</span> <span class='ocrx_word' id='word_1_192' title='bbox 1616 2399 1707 2428; x_wconf 89' lang='lat' dir='ltr'>non</span> 
     </span>
    </p>
   </div>
   <div class='ocr_carea' id='block_1_4' title="bbox 221 2489 1708 2689">
    <p class='ocr_par' dir='ltr' id='par_1_6' title="bbox 221 2489 1708 2689">
     <span class='ocr_line' id='line_1_25' title="bbox 224 2489 1708 2538; baseline 0.001 -12"><span class='ocrx_word' id='word_1_193' title='bbox 224 2501 240 2527; x_wconf 92' lang='lat'>1</span> <span class='ocrx_word' id='word_1_194' title='bbox 270 2490 469 2537; x_wconf 87' lang='lat' dir='ltr'>Incipiunt</span> <span class='ocrx_word' id='word_1_195' title='bbox 497 2489 667 2537; x_wconf 83' lang='lat' dir='ltr'>capitula</span> <span class='ocrx_word' id='word_1_196' title='bbox 692 2489 797 2526; x_wconf 88' lang='lat' dir='ltr'>Libri</span> <span class='ocrx_word' id='word_1_197' title='bbox 823 2490 918 2527; x_wconf 90' lang='lat' dir='ltr'>VIII</span> <span class='ocrx_word' id='word_1_198' title='bbox 945 2490 1100 2538; x_wconf 86' lang='lat' dir='ltr'>(Octaui</span> <span class='ocrx_word' id='word_1_199' title='bbox 1132 2490 1188 2534; x_wconf 88' lang='grc' dir='ltr'>Μ)</span> <span class='ocrx_word' id='word_1_200' title='bbox 1216 2490 1348 2527; x_wconf 84' lang='lat' dir='ltr'>CBSM</span> <span class='ocrx_word' id='word_1_201' title='bbox 1373 2496 1406 2527; x_wconf 79' lang='lat' dir='ltr'>et</span> <span class='ocrx_word' id='word_1_202' title='bbox 1432 2496 1516 2536; x_wconf 73' lang='lat' dir='ltr'>post</span> <span class='ocrx_word' id='word_1_203' title='bbox 1544 2493 1708 2538; x_wconf 80' lang='lat' dir='ltr'>capitula</span> 
     </span>
     <span class='ocr_line' id='line_1_26' title="bbox 221 2537 1707 2586; baseline 0.001 -12"><span class='ocrx_word' id='word_1_204' title='bbox 221 2537 447 2586; x_wconf 84' lang='lat' dir='ltr'>Expliciunt</span> <span class='ocrx_word' id='word_1_205' title='bbox 463 2537 636 2586; x_wconf 83' lang='lat' dir='ltr'>capitula</span> <span class='ocrx_word' id='word_1_206' title='bbox 652 2538 713 2574; x_wconf 89' lang='lat' dir='ltr'>CB</span> <span class='ocrx_word' id='word_1_207' title='bbox 730 2549 739 2574; x_wconf 89' lang='lat'>:</span> <span class='ocrx_word' id='word_1_208' title='bbox 766 2537 991 2586; x_wconf 83' lang='lat' dir='ltr'>Expliciunt</span> <span class='ocrx_word' id='word_1_209' title='bbox 1008 2538 1186 2585; x_wconf 85' lang='lat' dir='ltr'>Capitula</span> <span class='ocrx_word' id='word_1_210' title='bbox 1209 2538 1299 2575; x_wconf 87' lang='lat' dir='ltr'>libri</span> <span class='ocrx_word' id='word_1_211' title='bbox 1322 2538 1460 2575; x_wconf 88' lang='lat' dir='ltr'>Octaui</span> <span class='ocrx_word' id='word_1_212' title='bbox 1477 2538 1538 2575; x_wconf 80' lang='lat' dir='ltr'>M:</span> <span class='ocrx_word' id='word_1_213' title='bbox 1563 2538 1707 2586; x_wconf 87' lang='lat' dir='ltr'>Incipit</span> 
     </span>
     <span class='ocr_line' id='line_1_27' title="bbox 223 2585 1708 2635; baseline 0.001 -13"><span class='ocrx_word' id='word_1_214' title='bbox 223 2586 335 2624; x_wconf 87' lang='lat' dir='ltr'>Liber</span> <span class='ocrx_word' id='word_1_215' title='bbox 363 2586 471 2623; x_wconf 91' lang='lat' dir='ltr'>VIII.</span> <span class='ocrx_word' id='word_1_216' title='bbox 537 2586 698 2634; x_wconf 85' lang='lat' dir='ltr'>Prolgus</span> <span class='ocrx_word' id='word_1_217' title='bbox 727 2586 775 2622; x_wconf 89' lang='lat' dir='ltr'>C:</span> <span class='ocrx_word' id='word_1_218' title='bbox 814 2586 958 2633; x_wconf 82' lang='lat' dir='ltr'>Incipit</span> <span class='ocrx_word' id='word_1_219' title='bbox 982 2587 1161 2635; x_wconf 84' lang='lat' dir='ltr'>prologus</span> <span class='ocrx_word' id='word_1_220' title='bbox 1185 2586 1276 2622; x_wconf 91' lang='lat' dir='ltr'>libri</span> <span class='ocrx_word' id='word_1_221' title='bbox 1291 2586 1386 2623; x_wconf 92' lang='lat' dir='ltr'>VIII</span> <span class='ocrx_word' id='word_1_222' title='bbox 1414 2585 1486 2623; x_wconf 82' lang='lat' dir='ltr'>BS¹</span> <span class='ocrx_word' id='word_1_223' title='bbox 1513 2586 1708 2635; x_wconf 79' lang='lat' dir='ltr'>(prologus</span> 
     </span>
     <span class='ocr_line' id='line_1_28' title="bbox 221 2633 1707 2689; baseline 0.001 -18"><span class='ocrx_word' id='word_1_224' title='bbox 221 2647 313 2671; x_wconf 72' lang='lat' dir='ltr'>eras.</span> <span class='ocrx_word' id='word_1_225' title='bbox 347 2634 425 2675; x_wconf 71' lang='lat' dir='ltr'>S²Jt</span> <span class='ocrx_word' id='word_1_226' title='bbox 468 2633 611 2681; x_wconf 84' lang='lat' dir='ltr'>Incipit</span> <span class='ocrx_word' id='word_1_227' title='bbox 643 2634 828 2689; x_wconf 74' lang='lat' dir='ltr'>Prologus</span> <span class='ocrx_word' id='word_1_228' title='bbox 861 2635 1038 2683; x_wconf 81' lang='lat' dir='ltr'>(Prolgus</span> <span class='ocrx_word' id='word_1_229' title='bbox 1065 2636 1113 2678; x_wconf 74' lang='lat' dir='ltr'>A&gt;</span> <span class='ocrx_word' id='word_1_230' title='bbox 1144 2634 1249 2672; x_wconf 88' lang='lat' dir='ltr'>Libri</span> <span class='ocrx_word' id='word_1_231' title='bbox 1275 2634 1413 2672; x_wconf 83' lang='lat' dir='ltr'>Octaui</span> <span class='ocrx_word' id='word_1_232' title='bbox 1441 2634 1516 2670; x_wconf 89' lang='lat' dir='ltr'>AM</span> <span class='ocrx_word' id='word_1_233' title='bbox 1683 2636 1707 2672; x_wconf 93' lang='lat'><strong>6</strong></span> 
     </span>
    </p>
   </div>
   <div class='ocr_carea' id='block_1_5' title="bbox 221 2682 1707 2870">
    <p class='ocr_par' dir='ltr' id='par_1_7' title="bbox 221 2682 1707 2870">
     <span class='ocr_line' id='line_1_29' title="bbox 221 2682 1707 2728; baseline 0 -10"><span class='ocrx_word' id='word_1_234' title='bbox 221 2683 355 2720; x_wconf 83' lang='lat' dir='ltr'>scillea</span> <span class='ocrx_word' id='word_1_235' title='bbox 372 2683 411 2718; x_wconf 89' lang='lat' dir='ltr'>M</span> <span class='ocrx_word' id='word_1_236' title='bbox 589 2692 609 2727; x_wconf 96' lang='lat'><em>7</em></span> <span class='ocrx_word' id='word_1_237' title='bbox 636 2682 796 2719; x_wconf 80' lang='lat' dir='ltr'>circium</span> <span class='ocrx_word' id='word_1_238' title='bbox 811 2683 845 2719; x_wconf 84' lang='lat' dir='ltr'>A</span> <span class='ocrx_word' id='word_1_239' title='bbox 1013 2686 1034 2720; x_wconf 93' lang='lat'>8</span> <span class='ocrx_word' id='word_1_240' title='bbox 1059 2683 1135 2719; x_wconf 87' lang='lat' dir='ltr'>hiis</span> <span class='ocrx_word' id='word_1_241' title='bbox 1153 2683 1177 2720; x_wconf 94' lang='lat' dir='ltr'>S</span> <span class='ocrx_word' id='word_1_242' title='bbox 1348 2692 1390 2728; x_wconf 91' lang='lat'>17</span> <span class='ocrx_word' id='word_1_243' title='bbox 1415 2682 1657 2720; x_wconf 78' lang='lat' dir='ltr'>atentionem</span> <span class='ocrx_word' id='word_1_244' title='bbox 1673 2682 1707 2718; x_wconf 88' lang='lat' dir='ltr'>A</span> 
     </span>
     <span class='ocr_line' id='line_1_30' title="bbox 226 2730 1134 2768; baseline -0.001 0"><span class='ocrx_word' id='word_1_245' title='bbox 226 2733 268 2768; x_wconf 89' lang='lat'>18</span> <span class='ocrx_word' id='word_1_246' title='bbox 293 2733 333 2768; x_wconf 88' lang='lat' dir='ltr'>et</span> <span class='ocrx_word' id='word_1_247' title='bbox 353 2730 578 2767; x_wconf 85' lang='lat' dir='ltr'>imminutus</span> <span class='ocrx_word' id='word_1_248' title='bbox 593 2742 661 2767; x_wconf 87' lang='lat' dir='ltr'>om.</span> <span class='ocrx_word' id='word_1_249' title='bbox 681 2730 780 2767; x_wconf 77' lang='lat' dir='ltr'>S²M¹</span> <span class='ocrx_word' id='word_1_250' title='bbox 923 2741 968 2768; x_wconf 89' lang='lat'>22</span> <span class='ocrx_word' id='word_1_251' title='bbox 993 2730 1049 2767; x_wconf 91' lang='lat' dir='ltr'>hii</span> <span class='ocrx_word' id='word_1_252' title='bbox 1066 2731 1134 2768; x_wconf 86' lang='lat' dir='ltr'>SM</span> 
     </span>
     <span class='ocr_line' id='line_1_31' title="bbox 268 2822 1703 2870; baseline 0.001 -10"><span class='ocrx_word' id='word_1_253' title='bbox 268 2825 292 2860; x_wconf 88' lang='lat'><strong>6</strong></span> <span class='ocrx_word' id='word_1_254' title='bbox 319 2825 458 2860; x_wconf 78' lang='lat' dir='ltr'>Cillea:</span> <span class='ocrx_word' id='word_1_255' title='bbox 485 2824 509 2860; x_wconf 90' lang='lat' dir='ltr'>i.</span> <span class='ocrx_word' id='word_1_256' title='bbox 523 2836 554 2861; x_wconf 93' lang='lat' dir='ltr'>e.</span> <span class='ocrx_word' id='word_1_257' title='bbox 578 2825 751 2870; x_wconf 82' lang='lat' dir='ltr'>Scyllaea.</span> <span class='ocrx_word' id='word_1_258' title='bbox 994 2826 1038 2862; x_wconf 90' lang='lat'>16</span> <span class='ocrx_word' id='word_1_259' title='bbox 1062 2829 1169 2862; x_wconf 80' lang='lat' dir='ltr'>tuae:</span> <span class='ocrx_word' id='word_1_260' title='bbox 1203 2836 1252 2862; x_wconf 81' lang='lat' dir='ltr'>sc.</span> <span class='ocrx_word' id='word_1_261' title='bbox 1278 2824 1446 2862; x_wconf 73' lang='lat' dir='ltr'>&#39;rhomae</span> <span class='ocrx_word' id='word_1_262' title='bbox 1470 2822 1703 2861; x_wconf 83' lang='lat' dir='ltr'>cancellarii.</span> 
     </span>
    </p>
   </div>
   <div class='ocr_carea' id='block_1_6' title="bbox 222 2871 916 2978">
    <p class='ocr_par' dir='ltr' id='par_1_8' title="bbox 222 2871 916 2978">
     <span class='ocr_line' id='line_1_32' title="bbox 222 2871 916 2920; baseline 0.006 -14"><span class='ocrx_word' id='word_1_263' title='bbox 222 2881 263 2907; x_wconf 85' lang='lat'>21</span> <span class='ocrx_word' id='word_1_264' title='bbox 292 2884 356 2907; x_wconf 83' lang='lat' dir='ltr'>nec</span> <span class='ocrx_word' id='word_1_265' title='bbox 373 2873 483 2908; x_wconf 83' lang='lat' dir='ltr'>etiam</span> <span class='ocrx_word' id='word_1_266' title='bbox 500 2874 572 2909; x_wconf 85' lang='lat' dir='ltr'>etc.</span> <span class='ocrx_word' id='word_1_267' title='bbox 589 2885 598 2909; x_wconf 69' lang='grc' dir='ltr'><strong>ε</strong></span> <span class='ocrx_word' id='word_1_268' title='bbox 629 2885 661 2909; x_wconf 89' lang='lat' dir='ltr'>v.</span> <span class='ocrx_word' id='word_1_269' title='bbox 680 2871 787 2910; x_wconf 83' lang='lat' dir='ltr'>Eccli</span> <span class='ocrx_word' id='word_1_270' title='bbox 803 2883 862 2910; x_wconf 83' lang='lat' dir='ltr'>xv.</span> <span class='ocrx_word' id='word_1_271' title='bbox 882 2883 916 2920; x_wconf 85' lang='lat'>9.</span> 
     </span>
     <span class='ocr_line' id='line_1_33' title="bbox 334 2943 400 2978; baseline 0.015 -1"><span class='ocrx_word' id='word_1_272' title='bbox 334 2943 400 2978; x_wconf 76' lang='lat'>226</span> 
     </span>
    </p>
   </div>
  </div>
 </body>
</html>
