1846 3262
87 202 173 253 738,
188 203 218 244 b
576 198 840 244 IOANNIS
872 198 1394 244 SARESBERIENSIS
1501 201 1614 259 [ΗΒ.
1626 210 1722 245 VIII

234 323 477 367 Testantur
502 323 634 373 enirn,
654 325 708 366 ut
732 322 788 365 de
817 321 984 365 nostris
1010 324 1194 373 taceam,
1216 321 1385 366 Seneca
1411 325 1458 366 et
1484 322 1617 366 multi
1644 322 1723 366 alii

232 394 342 438 clari
368 393 487 436 inter
507 392 794 450 philosophos
822 391 942 448 quod
970 391 1046 435 ille
1075 406 1229 435 omnes
1250 392 1387 436 libros
1407 407 1510 436 suos
1531 393 1725 450 repleret

234 464 429 508 oleribus
450 466 496 506 et
517 462 661 520 pomis
682 465 728 505 et
747 462 916 505 uilibus
933 461 1056 513 cibis,
1077 462 1228 506 dicens
1255 463 1319 506 eis
1343 478 1438 507 esse
1465 463 1723 515 uiuendum,

235 534 341 591 quia
354 548 509 576 carnes
525 535 571 576 et
587 532 838 590 exquisitae
854 532 1013 590 epulae
1028 532 1203 591 ingenti
1219 548 1328 576 cura
1343 536 1389 577 et
1404 533 1585 577 miseria
1595 547 1722 591 prae-

233 606 451 661 parentur
480 602 782 659 maioremque
812 617 974 659 penam
1004 602 1201 646 habeant
1228 602 1276 645 in
1305 603 1559 660 quaerendo
1588 617 1723 661 quam
1743 621 1763 656 5

235 674 515 731 uoluptatem
537 673 583 715 in
605 672 843 724 abutendo,
864 687 1050 730 corpora
1070 676 1221 716 autem
1249 676 1405 716 nostra
1425 673 1523 717 cibo
1543 676 1724 717 tantum

193 760 218 790 c
236 746 281 787 et
301 746 413 800 potu
429 742 642 801 indigere.
705 742 794 785 Vbi
810 757 928 799 aqua
945 745 991 786 et
1006 742 1136 800 panis
1152 742 1213 786 sit
1228 746 1274 786 et
1289 746 1437 787 cetera
1457 743 1528 787 his
1549 743 1725 796 similia,

234 813 298 856 ibi
314 816 504 856 naturae
521 812 805 857 satisfactum
822 827 831 866 3
863 813 1075 870 quicquid
1091 828 1229 871 supra
1245 813 1397 866 fuerit,
1413 829 1503 857 non
1523 814 1582 856 ad
1602 814 1725 857 uitae

235 883 547 927 necessitatem
575 886 776 941 spectare
799 883 877 926 sed
905 883 963 926 ad
990 883 1155 926 uitium
1176 883 1438 942 uoluptatis.
1498 883 1659 927 Bibere
1680 884 1726 927 et

234 953 464 998 comedere
503 968 593 997 non
638 953 899 996 delitiarum
939 953 1143 997 ardorem
1185 954 1264 997 sed
1304 954 1428 997 sitim
1469 953 1725 1011 famemque
1747 971 1789 995 10

235 1024 517 1082 restringere.
592 1023 681 1077 Qui
714 1024 924 1067 carnibus
964 1026 1217 1076 uescantur‚
1250 1025 1452 1083 indigere
1486 1025 1623 1068 etiam
1655 1025 1727 1068 his

236 1109 350 1152 quae
370 1109 460 1137 non
481 1098 589 1138 sunt
609 1093 835 1146 carnium3
867 1093 944 1151 qui
973 1097 1124 1137 autem
1151 1095 1343 1153 simplici
1374 1095 1501 1138 uictu
1524 1096 1725 1146 utantur,

236 1179 310 1208 eos
337 1179 492 1207 carnes
512 1179 603 1208 non
624 1164 861 1222 requirere.
922 1163 1181 1222 Sapientiae
1204 1180 1381 1223 quoque
1410 1180 1591 1223 operam
1619 1165 1726 1208 dare

234 1249 326 1278 non
365 1249 612 1292 possumus,
645 1235 683 1278 si
724 1248 903 1277 mensae
943 1234 1269 1278 abundantiam
1316 1236 1574 1293 cogitemus,
1611 1249 1726 1293 quae

234 1303 387 1347 labore
407 1304 547 1347 nimio
568 1307 614 1347 et
634 1319 741 1348 cura
764 1304 951 1362 indiget.
1013 1303 1117 1349 Cito
1140 1306 1349 1364 expletur
1367 1309 1557 1349 naturae
1577 1320 1724 1349 neces·
1747 1324 1788 1360 15

235 1375 347 1418 sitas
364 1389 373 1427 ;
403 1373 549 1432 frigus
571 1378 617 1418 et
637 1374 781 1417 fames
796 1374 987 1432 simplici
1003 1376 1174 1419 uestitu
1195 1379 1242 1419 et
1261 1376 1359 1420 cibo
1381 1376 1545 1434 expelli
1565 1378 1727 1434 potest.

237 1445 336 1489 Hoc
363 1444 544 1502 quidem
577 1445 810 1502 Epicurus,
840 1445 945 1489 licet
968 1460 995 1489 a
1022 1446 1147 1504 turpi
1174 1447 1431 1504 sequacium
1460 1462 1597 1505 grege
1624 1462 1726 1491 con-

189 1522 220 1564 d
236 1516 431 1560 traxerit
451 1515 665 1558 infamiae
686 1518 853 1559 notam.
915 1515 1052 1559 Porro
1072 1516 1330 1561 Aristotiles
1351 1517 1479 1561 docet
1509 1532 1537 1560 a
1563 1517 1727 1575 quibus

238 1587 299 1630 sit
333 1586 645 1643 uoluptatibus
685 1585 922 1643 praecipue
957 1586 1288 1632 abstinendum.
1361 1587 1477 1631 Cum
1513 1587 1633 1631 enim
1669 1587 1726 1631 de

238 1655 604 1713 quinquepertito
629 1670 840 1699 sensuum
866 1655 993 1700 fonte
1022 1657 1233 1715 uoluptas
1261 1657 1445 1710 oriatur,
1466 1658 1591 1702 illam
1612 1673 1726 1716 quae
1747 1671 1792 1696 20

239 1730 308 1771 est
327 1729 489 1784 gustus
510 1728 556 1770 et
575 1729 736 1777 tactus,
757 1726 804 1769 id
826 1729 894 1769 est
914 1726 1002 1770 cibi
1028 1730 1074 1770 et
1104 1727 1289 1779 uentris,
1310 1728 1449 1772 solam
1470 1729 1728 1773 hominibus

237 1812 518 1841 communem
555 1796 666 1840 dicit
701 1811 796 1840 esse
831 1811 933 1840 cum
969 1797 1126 1852 beluis,
1148 1801 1194 1842 et
1230 1798 1388 1842 iccirco
1423 1799 1472 1842 in
1507 1799 1728 1857 pecudum

239 1866 526 1924 ferorumque
553 1866 817 1909 animalium
837 1882 1027 1911 numero
1050 1868 1243 1911 habetur
1273 1868 1475 1926 quisquis
1495 1869 1579 1913 hac
1599 1869 1728 1912 uolu-

239 1940 366 1995 ptate
391 1936 590 1980 ferarum
611 1940 867 1995 occupatur.
928 1937 1115 1982 Ceterae
1142 1953 1199 1981 ex
1226 1938 1373 1982 tribus
1401 1939 1501 1982 aliis
1525 1939 1729 1983 sensibus

238 2007 567 2065 proficiscentes
587 2007 821 2051 hominum
842 2011 1022 2052 tantum
1043 2009 1249 2066 propriae
1273 2012 1393 2054 sunt.
1454 2009 1567 2064 Quis
1587 2009 1730 2068 igitur
1750 2026 1792 2060 ²5

239 2078 411 2121 habens
443 2078 615 2135 aliquid
650 2078 837 2121 humani
867 2079 1063 2136 pudoris,
1090 2079 1402 2137 uoluptatibus
1427 2080 1528 2124 istis
1555 2080 1730 2124 duabus

240 2148 429 2192 coeundi
450 2151 586 2205 atque
606 2148 878 2200 comedendi,
899 2163 1013 2206 quae
1034 2149 1205 2192 homini
1227 2164 1328 2193 cum
1349 2165 1428 2194 sue
1448 2152 1584 2208 atque
1604 2150 1731 2194 asino

242 2233 498 2262 communes
533 2221 653 2271 sunt,
685 2219 971 2276 gratuletur?
1046 2219 1145 2263 Hoc
1180 2220 1448 2264 Aristotiles.
1524 2221 1731 2265 Socrates

242 2291 395 2332 autem
430 2288 608 2332 dicebat
639 2289 805 2332 multos
835 2289 1038 2333 homines
1070 2293 1307 2348 propterea
1340 2291 1456 2334 uelle
1488 2291 1643 2335 uiuere
1677 2294 1731 2335 ut

242 2358 427 2402 ederent
448 2362 494 2402 et
514 2358 746 2412 biberent;
776 2375 824 2403 se
843 2359 995 2403 bibere
1019 2363 1156 2418 atque
1177 2375 1271 2404 esse
1290 2363 1345 2404 ut
1363 2361 1550 2405 uiueret.
1600 2361 1730 2406 Vnde
1749 2376 1792 2410 30

243 2429 477 2473 satiricus:
1698 2434 1713 2441 ”

245 2544 262 2571 1
289 2545 451 2571 senecca
466 2533 536 2570 0¹8
732 2544 776 2580 14
801 2533 1107 2572 habundantiam
1124 2534 1242 2572 A¹SM
1438 2544 1481 2582 17
1507 2535 1588 2573 Hec
1607 2534 1730 2573 cBAS

242 2593 292 2619 20
315 2594 349 2618 ν.
366 2582 511 2629 partito
529 2581 618 2618 GBS
762 2592 808 2630 25
834 2582 972 2630 igitur]
991 2595 1081 2631 ergo
1099 2583 1140 2620 Μ

245 2658 403 2695 Hieron.
421 2661 501 2695 adv.
519 2660 636 2696 Iovin.
655 2658 695 2696 ii.
712 2669 750 2696 11
768 2658 918 2706 (Migne
929 2661 972 2695 P.
984 2661 1028 2696 L.
1042 2659 1149 2696 xxiii.
1166 2658 1265 2708 300).
1314 2660 1421 2697 Idem
1437 2660 1557 2698 habet
1572 2660 1730 2698 Hieron.

245 2718 305 2753 op.
325 2706 389 2743 cit.
406 2706 433 2742 i.
450 2708 509 2752 48.
635 2718 650 2745 1
671 2709 829 2743 nostris:
854 2707 880 2744 i.
893 2720 925 2745 e.
944 2706 1181 2745 Christianis,
1308 2719 1331 2745 2
1355 2710 1438 2746 ille:
1465 2721 1515 2746 sc.
1527 2708 1729 2763 Epicurus.

247 2766 369 2791 omnes
390 2756 501 2791 libros
525 2757 624 2793 etc.:
652 2755 807 2792 Hieron.
834 2757 913 2792 adv.
936 2757 1052 2792 Iovin.
1078 2755 1118 2792 ii.
1140 2766 1178 2793 11
1202 2755 1349 2804 (Migne
1373 2758 1415 2793 P.
1442 2758 1486 2794 L.
1512 2756 1620 2793 xxiii.
1646 2767 1727 2802 300,

248 2803 347 2847 301).
469 2813 510 2839 11
537 2805 773 2849 restn’nyere:
798 2805 1019 2850 restinyuere
1036 2803 1192 2842 Hieron.
1319 2806 1361 2842 18
1386 2807 1502 2842 Porro
1521 2806 1731 2841 Aristotiles

245 2852 321 2934 (ἐξ.
335 2850 594 2946 τηιὸλέαοέοἱ).
611 2853 687 2888 Sat.
705 2850 746 2888 ii.
765 2853 787 2889 8
806 2851 849 2900 ξς
874 2862 918 2889 ιο
928 2863 1033 2899 seqq.
1190 2852 1236 2889 28
1261 2853 1422 2890 Socrates
1438 2854 1534 2890 etc.:
1560 2851 1728 2889 Maerob.

299 2902 323 2934 t.
342 2909 384 2934 n.
484 2908 499 2936 1
529 2925 540 2937 .

357 2952 426 2996 276
