1846 3262
101 217 180 265 745
197 227 235 257 a·
578 213 840 258 IOANNIS
882 213 1400 259 SARESBERIENSIS
1486 212 1615 275 [ΗΒ.
1631 225 1724 259 vlu

246 335 367 380 siuit.
439 335 629 393 Cogitur
658 335 777 378 enim
806 337 888 378 aut
915 350 1079 393 negare
1106 350 1153 379 se
1182 335 1306 388 scire,
1326 335 1445 392 quod
1475 338 1725 379 extremum

245 405 539 449 uerecundiae
578 405 825 461 dampnum
864 408 1041 462 putant,
1071 408 1153 448 aut
1182 405 1452 462 respondens
1482 408 1648 449 temere
1678 420 1725 449 se

246 475 428 518 euentui
458 474 555 517 ueri
586 473 748 517 falsiue
783 474 1073 526 committere,
1103 475 1223 517 unde
1255 489 1385 532 saepe
1424 475 1624 518 nascitur
1657 475 1724 517 in-

247 545 400 588 scitiae
440 544 657 601 proditi03
708 546 754 587 et
793 559 923 587 omne
962 545 1045 587 hoc
1084 544 1385 588 infortunium
1434 544 1616 602 pudoris
1654 544 1726 589 sui

200 620 229 658 b
247 614 442 671 imputat
481 613 740 656 consulenti.
813 612 908 657 Nec
947 628 1038 657 non
1070 617 1116 657 et
1148 614 1226 671 qui
1257 615 1465 658 obierunt
1499 614 1641 657 maria
1679 617 1727 658 et
1743 628 1762 662 5

246 687 400 734 terras,
434 683 633 740 gaudent
667 698 768 726 cum
804 683 859 726 de
894 683 1050 741 ignoto
1085 684 1241 728 multis
1275 684 1349 727 uel
1381 687 1603 727 terrarum
1634 683 1726 727 situ

245 754 319 796 uel
359 753 461 796 sinu
500 753 637 796 maris
676 753 1025 811 interrogantur,
1055 753 1334 811 libenterque
1373 753 1643 811 respondent
1680 757 1728 798 et

245 822 342 866 loca
381 822 650 874 describunt,
685 822 816 865 modo
851 823 1014 874 uerbis,
1044 823 1176 866 modo
1207 823 1346 876 radio,
1375 823 1618 881 gloriosum
1647 837 1727 881 pu-

245 895 395 936 tantes
425 907 538 950 quae
569 892 655 950 ipsi
685 892 896 936 uiderant
935 892 1126 936 aliorum
1165 893 1305 936 oculis
1346 893 1530 936 obicere.
1607 891 1727 946 Quid

244 962 378 1006 duces
406 962 479 1005 uel
506 962 702 1007 milites‘ss
732 977 866 1019 quam
897 962 1078 1006 fortiter
1101 977 1129 1005 a
1154 977 1200 1005 se
1230 961 1352 1006 facta
1382 977 1555 1019 semper
1583 961 1726 1005 dictu·
1748 978 1789 1002 10

245 1032 372 1075 riunt
400 1034 447 1075 et
476 1035 628 1075 tamen
657 1034 810 1075 tacent
839 1031 1123 1089 arrogantiae
1152 1035 1287 1075 metu.
1348 1031 1510 1075 Nonne
1539 1031 1586 1084 ii,
1607 1032 1645 1075 si
1674 1034 1729 1076 ut

245 1102 354 1145 haec
383 1101 583 1144 referant
612 1101 877 1153 inuitentur,
909 1102 1156 1145 mercedem
1190 1101 1276 1145 sibi
1311 1102 1476 1145 laboris
1515 1102 1729 1146 estimant

245 1172 530 1229 persolutam,
560 1171 964 1215 remunerationem
994 1174 1207 1229 putantes
1236 1172 1356 1215 inter
1384 1172 1586 1216 uolentes
1625 1187 1727 1215 nar-

245 1257 345 1285 rare
380 1257 494 1299 quae
529 1241 759 1286 fecerant?
833 1241 958 1285 Adeo
998 1245 1149 1285 autem
1188 1242 1237 1285 id
1275 1257 1416 1300 genus
1456 1242 1727 1285 narrationis

244 1312 381 1355 habet
413 1311 635 1368 quendam
674 1311 842 1368 gloriae
883 1326 1085 1369 saporem
1115 1314 1178 1362 ut,
1211 1311 1248 1354 si
1279 1311 1423 1354 inuidi
1453 1311 1526 1354 uel
1561 1310 1726 1354 aemuli
1747 1329 1787 1363 15

246 1381 364 1426 forte
410 1384 665 1439 praesentes
712 1382 816 1434 sint,
861 1382 974 1424 tales
1013 1381 1386 1439 interrogationes
1430 1381 1726 1439 obstrependo

203 1468 229 1498 c
247 1451 491 1495 discutiant
510 1455 557 1495 et
576 1452 687 1494 alias
714 1451 948 1494 inserendo
976 1450 1153 1494 fabulas
1183 1450 1422 1508 prohibent
1447 1450 1527 1493 illa
1552 1451 1727 1494 narrari

246 1536 360 1578 quae
399 1522 544 1565 solent
592 1521 771 1564 laudem
821 1536 970 1565 creare
1013 1520 1228 1564 narranti.
1311 1520 1513 1564 Pericula
1552 1535 1728 1578 quoque

245 1592 490 1648 praeterita
523 1591 596 1634 uel
632 1606 870 1649 erumpnas
903 1591 1083 1648 penitus
1118 1590 1345 1634 absolutas
1381 1590 1458 1647 qui
1490 1591 1646 1643 euasit,
1673 1593 1726 1635 ut

245 1660 414 1704 referat
445 1661 700 1719 gratissime
734 1664 1012 1718 prouocatur.
1084 1660 1204 1703 Nam
1239 1660 1317 1718 qui
1351 1660 1498 1704 adhuc
1536 1660 1584 1702 in
1616 1660 1726 1718 ipsis
1746 1677 1791 1701 πο

245 1730 320 1774 1101
347 1731 580 1788 paululum
610 1731 849 1784 detinetur,
869 1731 1022 1774 horret
1053 1730 1414 1782 admonitionem,
1440 1733 1486 1774 et
1513 1730 1728 1774 formidat

246 1800 451 1852 relatum,
470 1804 524 1843 ut
544 1800 785 1857 Virgilius:

479 1886 649 1929 Forsan
679 1889 725 1929 et
755 1886 864 1931 haec
893 1886 1000 1930 olim
1030 1886 1283 1930 meminisse
1313 1886 1502 1931 iuuabit.

245 1967 385 2011 quat
405 1968 443 2011 si
465 1983 598 2026 quem
619 1968 764 2012 dicere
788 1968 970 2012 iusseris
990 1968 1122 2012 amici
1149 1968 1220 2012 sui
1240 1968 1521 2026 repentinam
1541 1967 1727 2013 felicita-

245 2040 351 2091 tem,
384 2053 519 2095 quam
554 2042 713 2095 sponte
748 2053 839 2082 non
873 2039 1068 2082 audebat
1109 2039 1254 2082 dicere
1292 2038 1366 2082 uel
1404 2041 1566 2091 tacere,
1594 2039 1727 2083 modo
1747 2053 1790 2092 25

246 2108 487 2152 iactantiae
526 2109 658 2152 modo
698 2109 898 2152 malitiae
937 2112 1072 2152 metu.
1154 2108 1243 2162 Qui
1283 2108 1522 2152 uenatibus
1560 2109 1729 2167 gaudet

256 2178 561 2237 interrogetur
590 2179 645 2222 de
675 2179 815 2223 siluae
850 2179 1036 2231 ambitu,
1071 2179 1127 2222 de
1161 2179 1350 2236 ambage
1388 2178 1644 2230 lustrorum,
1674 2179 1730 2223 de

246 2249 500 2292 uenationis
541 2252 718 2293 euentu.
794 2250 1045 2308 Religiosus
1080 2249 1118 2292 si
1153 2249 1291 2300 adest,
1321 2249 1379 2291 da
1408 2249 1476 2291 illi
1506 2248 1730 2292 referendi

248 2319 420 2376 copiam
451 2319 613 2376 quibus
642 2320 1030 2363 obseruationibus
1070 2319 1284 2362 meruerit
1323 2318 1493 2361 auxilia
1533 2318 1729 2370 deorum,

205 2399 234 2440 (1
251 2392 447 2446 quantus
485 2389 577 2433 illic
616 2390 957 2433 cerimoniarum
995 2389 1194 2442 fructus3
1239 2388 1346 2446 quia
1381 2391 1427 2432 et
1466 2388 1548 2432 hoc
1587 2402 1730 2446 genus
1747 2406 1791 2440 30

249 2460 477 2518 religionis
498 2459 760 2503 existimant
790 2460 1027 2502 numinum
1054 2459 1268 2502 beneficia
1294 2473 1385 2501 non
1412 2461 1585 2511 tacere3
1615 2458 1730 2502 adde

247 2559 270 2594 4
295 2548 368 2584 hoc
386 2559 499 2584 omne
520 2547 560 2583 M
687 2557 726 2583 11
754 2546 811 2582 hii
829 2546 876 2582 S:
902 2545 945 2581 hi
962 2546 1003 2582 M
1123 2555 1165 2582 21
1194 2545 1510 2583 ammonitionem
1529 2544 1570 2581 M
1682 2552 1726 2591 25

240 2602 325 2642 post
350 2596 516 2632 audebat
541 2597 625 2631 add.
643 2594 707 2632 uel
733 2593 778 2630 S:
804 2606 949 2630 erasum
974 2599 1024 2630 est
1048 2596 1254 2640 nescioquid
1279 2596 1321 2629 in
1346 2593 1374 2630 C
1548 2601 1593 2638 27
1618 2591 1731 2630 inter·

247 2645 402 2690 rogetur
419 2644 577 2679 Macrob.
593 2657 601 2679 ε
627 2642 888 2690 interrogatus
906 2642 1072 2679 CBASM

298 2721 339 2756 17
364 2713 577 2747 inserendo:
603 2712 791 2757 inferendo
809 2710 976 2746 Macrob.
1121 2720 1167 2756 23
1192 2710 1338 2746 Forsan
1356 2710 1426 2746 etc.
1441 2719 1450 2744 ε
1468 2709 1582 2756 Verg.
1595 2709 1686 2745 Aen.
1703 2706 1729 2743 i.

247 2770 316 2804 203
333 2771 341 2803 3
367 2759 471 2794 hunc
493 2758 716 2795 versiculum
734 2758 832 2795 citat
856 2758 1025 2795 Macrob.
1043 2758 1119 2793 Sat.
1136 2756 1200 2794 vii.
1219 2768 1240 2794 2
1260 2757 1277 2804 §
1298 2767 1343 2803 9;
1377 2756 1486 2793 cuius
1509 2756 1593 2803 ipsa
1615 2754 1730 2792 verba

246 2818 342 2851 quae
356 2809 442 2852 post
451 2808 634 2851 formidat
645 2808 799 2842 relatum
810 2806 1003 2854 leguntur,
1017 2805 1170 2842 invento
1187 2805 1290 2843 inter
1307 2817 1353 2842 ea
1368 2804 1552 2841 versiculo
1563 2803 1729 2850 quodam

246 2853 400 2896 Graeco,
420 2866 498 2890 non
521 2854 655 2890 retulit
678 2854 854 2891 Ioannes.
1012 2864 1058 2898 24
1082 2855 1197 2891 quat
1221 2855 1293 2890 etc.
1313 2863 1429 2899 usque
1455 2852 1503 2888 ad
1518 2852 1730 2898 familiaris

247 2900 331 2947 (745
346 2902 414 2947 n):
445 2901 614 2939 Macrob.
631 2903 707 2939 Sat.
727 2900 790 2938 vii.
808 2912 829 2938 2
850 2900 891 2949 §§
915 2911 1041 2946 12-14.

358 2957 424 2988 288
