1846 3262
149 213 252 248 GAP.
266 199 371 262 XIV]
694 201 1146 247 POLICRATICVS
1670 205 1757 245 608
1777 204 1807 244 d

151 339 285 370 suum
314 324 533 368 aduersus
556 324 671 369 tales
701 340 792 369 non
823 326 969 369 exerit
995 326 1214 384 princeps,
1241 326 1290 369 in
1321 325 1519 383 seipsum
1549 339 1650 383 pro·
1669 327 1698 367 d

151 395 364 440 culdubio
398 399 614 454 prouocat
648 396 850 455 gladium
883 397 953 440 bis
987 400 1172 440 acutum
1208 411 1341 454 quem
1377 396 1425 438 in
1461 410 1537 439 ore
1569 410 1652 439 suo

149 466 271 525 gerit
306 466 449 510 Filius
484 467 691 518 hominis,
721 467 924 525 gladium
954 467 1114 525 utique
1143 467 1221 524 qui
1251 467 1387 510 uiuus
1418 469 1464 510 et
1494 466 1652 510 efficax

151 539 232 588 est,
264 537 342 595 qui
378 552 539 595 corpus
573 537 708 580 findit
738 540 784 580 et
813 537 1012 580 animam
1043 540 1089 580 et
1119 537 1265 581 mittit
1294 538 1343 580 in
1372 537 1650 595 gehennam3

111 623 133 659 5
151 607 210 650 ad
251 622 384 665 quem
425 608 614 652 obtusus
654 610 723 651 est
762 607 908 651 omnis
947 607 1127 665 gladius
1163 610 1210 651 et
1241 608 1385 651 omnis
1419 610 1653 651 armatura

150 676 329 736 fragilis
354 678 496 722 fluida
523 682 569 722 et
595 678 775 721 infirma
798 680 979 736 praeter
1002 677 1128 720 illam
1154 692 1288 735 quam
1314 677 1410 721 sola
1429 678 1653 722 construit

149 748 300 807 gratia
319 748 368 791 in
389 749 608 793 bonorum
629 747 803 792 fabrica
822 748 1097 797 meritorum.
1159 748 1279 792 Sunt
1294 751 1446 792 tamen
1466 749 1652 806 plurimi

151 818 230 876 qui
257 819 479 862 malorum
506 819 698 862 clamore
727 833 925 876 operum,
947 818 1128 875 quando
1147 819 1338 863 militiae
1364 819 1652 863 consecrandi

150 888 383 947 cingulum
414 889 548 932 altari
579 888 855 939 obtulerunt,
879 888 1096 931 uidentur
1121 889 1364 946 protestari
1392 905 1439 933 se
1464 905 1516 934 eo
1543 893 1653 934 tunc

91 977 134 1003 10
151 959 304 1002 animo
335 958 570 1002 accessisse
605 961 658 1001 ut
698 958 833 1001 altari
869 960 915 1001 et
954 958 1176 1002 ministris
1212 959 1308 1002 eius
1344 960 1422 1003 sed
1462 964 1509 1003 et
1543 960 1653 1013 Deo,

151 1029 231 1086 qui
265 1029 330 1072 ibi
359 1029 534 1080 colitur,
565 1029 734 1072 bellum
764 1028 1100 1072 denuntiarent.
1163 1028 1358 1072 Facilius
1388 1030 1654 1073 crediderim

150 1099 234 1143 hos
267 1099 470 1143 malitiae
500 1101 731 1143 execratos
761 1113 897 1156 quam
930 1098 989 1141 ad
1023 1098 1274 1157 legitimam
1306 1099 1517 1142 militiam
1550 1115 1653 1144 con-

150 1172 357 1214 secratos.

210 1306 319 1367 Cap.
351 1322 420 1362 14.
460 1307 592 1362 Quod
618 1306 875 1364 disciplina
903 1306 1133 1351 militaris
1155 1306 1432 1363 plurimum
1457 1307 1653 1365 prodest,
1671 1314 1764 1362 609
1785 1324 1816 1352 a

92 1402 134 1436 15
446 1383 485 1424 et
515 1378 632 1437 quid
661 1378 888 1422 ‘militiam
917 1377 1122 1422 maxime
1139 1377 1349 1436 fromyit.

211 1472 404 1516 Proinde
434 1472 685 1516 necessaria
712 1474 781 1515 est
807 1471 1046 1529 disciplina
1072 1471 1296 1523 militaris,
1323 1472 1451 1516 cuius
1483 1475 1655 1530 quanta

150 1543 213 1587 sit
258 1543 435 1587 utilitas
478 1558 570 1587 non
618 1542 751 1586 facile
791 1542 999 1586 dixerim.
1080 1542 1145 1585 Vt
1185 1542 1306 1585 enim
1353 1542 1526 1586 dictum
1574 1546 1654 1594 est,

152 1614 368 1658 Romanis
395 1614 506 1658 adeo
534 1613 710 1672 profuit
737 1612 975 1671 disciplina
1001 1615 1055 1656 ut
1082 1612 1235 1656 orbem
1264 1627 1371 1656 suae
1398 1613 1655 1657 subicerent

151 1684 328 1728 ditioni.
387 1684 648 1728 Alexander
675 1698 852 1741 quoque
879 1683 1064 1727 Macedo
1091 1683 1303 1741 exiguam
1331 1698 1516 1727 manum
1537 1684 1654 1727 mili-

91 1775 137 1801 20
152 1759 299 1800 tarem
325 1755 522 1813 suscepit
548 1770 577 1798 a
603 1758 734 1813 patre
762 1754 840 1798 sed
867 1754 1058 1807 doctam,
1080 1769 1170 1811 qua
1189 1753 1444 1798 assuefacta
1464 1755 1655 1798 militiae

151 1827 305 1871 orbem
325 1829 550 1870 terrarum
570 1840 809 1884 aggressus
829 1825 1089 1868 innumeras
1108 1824 1309 1868 hostium
1329 1825 1480 1882 copias
1502 1825 1635 1869 fudit.

211 1898 375 1941 Xerses
397 1912 425 1940 a
444 1896 659 1941 trecentis
679 1895 1107 1939 Lacedemoniorum
1134 1895 1193 1938 ad
1214 1895 1492 1954 Termopilas
1517 1911 1655 1940 uexa-

150 1970 239 2019 tus,
259 1982 362 2011 cum
383 1982 458 2012 eos
477 1982 616 2010 manu
636 1967 828 2018 infinita,
849 1966 1146 2024 plurimisque
1171 1981 1355 2010 suorum
1376 1966 1553 2010 amissis
1574 1967 1656 2010 uix

151 2038 429 2091 confecisset,
449 2038 498 2081 in
518 2053 571 2082 eo
591 2053 638 2082 se
665 2037 902 2096 deceptum
928 2036 1106 2081 dicebat
1133 2037 1253 2094 quod
1277 2037 1445 2081 multos
1473 2038 1656 2095 quidem

91 2129 134 2182 ².⁵
152 2109 357 2153 homines
397 2109 596 2160 haberet,
630 2108 754 2152 uiros
789 2111 942 2152 autem
983 2108 1246 2166 disciplinae
1282 2111 1461 2152 tenaces
1495 2108 1655 2152 nullos.

150 2179 252 2224 Hoc
287 2180 495 2238 equidem
529 2194 637 2223 uere
672 2179 804 2232 dixit,
841 2178 961 2236 quod
994 2181 1040 2222 et
1072 2179 1185 2237 fuga
1220 2179 1300 2222 illa
1334 2183 1532 2223 testatur
1566 2194 1656 2236 qua
1673 2187 1703 2226 b

151 2251 275 2310 apud
310 2251 588 2295 Salaminam
623 2250 821 2308 turpiter
855 2250 1005 2294 uictus
1040 2250 1118 2308 qui
1151 2253 1222 2294 tot
1256 2253 1414 2308 gentes
1453 2250 1502 2292 in
1537 2250 1657 2293 bella

151 2321 365 2366 trahebat
396 2324 451 2365 ut
486 2321 622 2365 duces
656 2335 748 2364 non
783 2323 967 2379 possent
1003 2319 1136 2364 facile
1171 2321 1413 2372 numerari,
1446 2320 1528 2363 uix
1563 2335 1656 2363 una

155 2454 174 2493 5
201 2456 251 2492 op
252 2446 360 2482 tusus
375 2444 411 2480 A
570 2444 594 2481 6
615 2448 699 2490 post
714 2441 868 2491 fragilis
884 2444 970 2479 add.
989 2444 1030 2480 et
1049 2441 1090 2478 M
1247 2451 1268 2487 7
1293 2441 1443 2487 tamen]
1460 2443 1594 2479 autem
1611 2442 1653 2479 M

152 2504 176 2541 9
200 2493 427 2540 optulerunt
444 2492 479 2528 A
599 2502 644 2529 10
669 2493 709 2529 et
727 2497 812 2527 ante
829 2490 1017 2528 ministris
1034 2491 1201 2528 inserui:
1227 2502 1296 2527 om.
1315 2489 1484 2527 CBASM
1611 2501 1654 2528 12

152 2544 397 2580 exerecratos
415 2540 447 2576 B
546 2550 594 2576 20
619 2540 818 2577 asuefacta
835 2538 941 2575 C²AS

203 2663 225 2689 2
247 2655 416 2700 qladium
450 2654 506 2688 bis
536 2656 686 2688 acutum
720 2653 819 2688 etc.:
856 2663 892 2687 v.
920 2650 1040 2698 Apoc.
1071 2649 1097 2686 i.
1132 2651 1198 2696 16,
1243 2650 1340 2688 Heb.
1371 2650 1421 2688 iv.
1456 2662 1521 2695 123
1563 2652 1652 2689 Luc.

152 2701 221 2739 xii.
242 2711 277 2749 5.
411 2710 453 2746 17
479 2703 619 2737 dictum
635 2705 708 2736 est:
734 2711 851 2747 supra
868 2711 902 2736 c.
921 2709 942 2735 2
963 2699 1048 2746 (593
1059 2698 1119 2745 A).
1255 2710 1300 2746 19
1324 2701 1541 2737 Alexander
1555 2702 1653 2738 etc..

151 2763 186 2787 v.
204 2749 379 2787 Frontin.
396 2751 507 2786 Strat.
526 2747 574 2784 iv.
594 2759 616 2785 2
636 2747 654 2795 ξ
674 2758 708 2793 4.
894 2758 940 2784 22
965 2748 1100 2784 Xerses
1115 2748 1211 2785 etc.·
1239 2747 1412 2785 Frontin.
1431 2750 1545 2786 Str-at.
1564 2749 1612 2786 iv.
1632 2760 1654 2786 2

154 2798 173 2847 ξ
194 2810 228 2845 9.
424 2808 471 2843 24
496 2800 538 2834 in
554 2808 615 2834 eo:
642 2798 707 2833 hoc
720 2794 896 2833 Frontin.
1100 2797 1146 2833 26
1170 2797 1251 2833 Hoc
1265 2799 1430 2844 equidem
1446 2799 1546 2835 etc.:
1572 2797 1654 2842 Quo

151 2848 308 2884 auctore
325 2858 423 2893 quae
440 2846 655 2900 sequuntur
671 2845 720 2883 de
743 2844 858 2882 modo
884 2843 1078 2883 exercitus
1102 2844 1241 2882 Xerxis
1265 2846 1497 2884 numerandi
1521 2849 1655 2884 narret

152 2896 327 2940 Ioannes,
345 2895 472 2932 adhuc
488 2893 629 2932 nescio.

1499 2978 1542 3013 37
