1846 3262
77 227 170 278 Boo
190 241 221 271 a

189 427 219 465 b

195 1417 221 1447 C

568 226 834 272 IOANNIS
874 224 1396 270 SARESBERIENSIS
1543 221 1658 285 [ΜΒ.
1673 234 1725 267 VI

238 351 286 394 in
306 350 499 394 ueritate
518 349 684 392 milites
704 351 811 391 sunt
839 363 973 405 quam
1001 347 1251 391 sacerdotes
1279 349 1325 390 et
1351 345 1498 390 clerici
1529 360 1640 403 quos
1667 344 1725 388 ad

238 421 416 464 ordines
443 419 639 463 Ecclesia
666 433 756 461 non
784 418 976 461 uocauit.
1037 417 1167 461 Miles
1195 432 1388 474 namque
1416 417 1532 460 sicut
1560 415 1725 458 laboris

238 491 304 533 ita
324 490 504 533 honoris
525 503 687 532 nomen
708 491 787 531 est.
848 488 993 530 Nemo
1013 502 1121 531 uero
1142 487 1227 530 sibi
1256 488 1468 530 honorem
1489 485 1628 529 sumit
1647 484 1725 528 sed

236 561 313 618 qui
335 563 522 603 uocatur
542 575 569 602 a
589 558 782 602 Domino
803 558 857 601 de
878 558 1040 601 collato
1060 558 1227 601 honore
1247 557 1480 615 gloriatur.

294 631 472 687 Moyses
512 632 558 673 et
597 629 742 672 fidelis
781 628 935 686 populi
970 628 1115 679 duces,
1145 643 1247 672 cum
1283 629 1433 671 hostes
1465 629 1725 685 oportuerat

236 700 504 757 impugnari,
537 699 763 757 eligebant
795 699 917 742 uiros
953 698 1093 743 fortes
1124 701 1170 741 et
1200 698 1259 741 ad
1291 698 1405 741 bella
1435 696 1724 741 doctissimos.

237 770 509 813 Electionem
530 784 723 826 namque
743 769 832 812 ista
852 769 1165 826 praeueniunt.
1210 768 1298 822 Qui
1321 782 1428 811 uero
1448 780 1539 811 non
1559 766 1725 810 electus

237 840 431 897 seipsum
471 839 660 882 militiae
699 838 880 896 ingerit,
920 838 969 881 in
1009 853 1056 882 se
1095 838 1297 897 gladium
1337 839 1553 895 prouocat
1593 850 1725 894 quem

236 910 419 968 propria
448 909 703 952 temeritate
734 913 935 966 usurpat.

296 980 353 1023 In
377 979 743 1023 constitutionem
771 993 877 1036 ergo
904 981 1168 1036 perpetuam
1195 978 1355 1022 incidit
1385 977 1492 1036 quia
1521 977 1599 1034 qui
1628 976 1723 1035 gla-

237 1050 361 1093 dium
409 1049 582 1106 accipit,
621 1048 772 1106 gladio
818 1049 996 1106 peribit.
1076 1048 1125 1092 Si
1166 1063 1274 1092 uero
1318 1049 1367 1091 in
1407 1063 1458 1092 eo
1498 1047 1725 1092 Ciceronis

237 1120 483 1164 auctoritas
504 1119 730 1176 recipitur,
755 1119 794 1162 is
814 1134 904 1162 non
925 1119 1053 1162 miles
1078 1118 1156 1162 sed
1177 1119 1364 1163 sicarius
1384 1122 1503 1162 recte
1522 1118 1723 1162 nomina-

236 1194 325 1234 tur.
372 1190 492 1232 Nam
517 1189 566 1232 in
596 1191 801 1232 ueterum
830 1189 1007 1246 scriptis
1040 1189 1189 1232 sicarii
1217 1189 1431 1233 dicuntur
1459 1192 1506 1232 et
1530 1189 1725 1232 latrones

237 1260 504 1317 quicumque
536 1259 633 1316 lege
674 1273 765 1301 non
801 1259 1100 1316 praecipiente
1139 1273 1266 1302 arma
1304 1261 1513 1303 tractant.
1584 1258 1725 1301 Arma

236 1344 442 1386 namque,
472 1328 635 1386 quibus
665 1328 739 1371 lex
769 1343 860 1372 non
889 1329 1048 1379 utitur,
1078 1329 1222 1387 legem
1252 1329 1534 1387 impugnant.

297 1399 421 1442 Duos
440 1398 614 1456 gladios
634 1397 833 1441 sufficere
854 1398 1041 1455 imperio
1063 1398 1321 1443 Christiano
1343 1398 1578 1456 Euangelii
1600 1413 1725 1442 sacra

236 1472 432 1513 testatur
461 1468 676 1521 historia;
712 1483 865 1512 omnes
895 1469 972 1511 alii
1003 1483 1155 1512 eorum
1185 1472 1293 1512 sunt
1323 1468 1400 1526 qui
1430 1483 1531 1512 cum
1562 1468 1725 1526 gladiis

238 1543 283 1582 et
304 1538 502 1581 fustibus
523 1538 741 1581 accedunt
760 1541 813 1581 ut
841 1539 1072 1595 captiuum
1096 1538 1277 1596 capiant
1298 1537 1542 1590 Christum,
1562 1553 1724 1582 nomen

238 1609 334 1653 eius
368 1608 514 1652 delere
550 1608 791 1665 cupientes.
851 1608 926 1651 Illi
959 1623 1065 1666 ergo
1100 1609 1209 1666 quid
1245 1609 1414 1652 habent
1445 1608 1614 1660 militis,
1645 1609 1723 1666 qui

1745 641 1764 675 5

1745 995 1787 1020 10

1744 1351 1785 1386 Ι5

238 1679 386 1722 uocati
428 1693 484 1721 ex
523 1681 801 1722 sacramento
839 1693 930 1722 non
970 1679 1283 1736 obtemperant
1328 1678 1418 1736 legi
1465 1678 1543 1722 sed
1581 1678 1630 1721 in
1670 1693 1722 1723 eo
1742 1698 1785 1723 ιο

238 1748 427 1791 militiae
447 1763 553 1791 suae
580 1748 768 1806 gloriam
789 1751 992 1791 constare
1014 1749 1214 1800 credunt,
1235 1749 1273 1791 si
1300 1748 1635 1806 contemptibile
1663 1749 1724 1792 sit

239 1817 548 1868 sacerdotium,
578 1817 616 1859 si
648 1817 868 1861 Ecclesiae
898 1818 1084 1862 uilescat
1113 1818 1369 1869 auctoritas,
1400 1819 1439 1862 si
1469 1819 1535 1862 ita
1564 1818 1724 1862 dilata-

239 1888 390 1931 uerint
424 1902 612 1944 regnum
643 1887 836 1931 hominis
867 1891 920 1931 ut
952 1888 1122 1932 Christi
1152 1888 1389 1945 imperium
1420 1889 1725 1940 contrahatur,

240 1958 278 2002 si
308 1957 463 2000 laudes
492 1971 596 2000 suas
625 1957 883 2014 praedicent
913 1961 959 2002 et
989 1959 1157 2016 seipsos
1183 1958 1311 2002 falsis
1335 1959 1582 2016 praeconiis
1609 1960 1723 2003 mul-

238 2031 369 2071 ceant
419 2029 465 2070 et
503 2027 726 2071 extollant
775 2042 877 2072 cum
926 2028 1132 2072 irrisione
1172 2029 1454 2072 audientium
1494 2029 1725 2074 imitantes

239 2141 260 2178 3
282 2136 365 2177 post
382 2130 440 2167 ita
457 2132 541 2166 add.
560 2133 599 2167 et
618 2130 658 2167 M
815 2139 833 2178 5
861 2130 1000 2169 Moises
1017 2131 1042 2168 S
1190 2141 1233 2169 12
1259 2131 1447 2180 recipitur
1463 2133 1674 2171 auctoritas
1691 2133 1724 2170 A

242 2181 285 2217 16
311 2179 529 2226 euuangelii
547 2178 613 2215 BA
759 2187 801 2224 17
826 2179 1001 2226 hystoria
1018 2179 1059 2216 M

288 2285 308 2311 2
335 2275 471 2311 laboris
487 2276 584 2311 etc.:
613 2274 660 2311 cf.
678 2272 763 2320 Dig.
781 2272 883 2310 xxix.
904 2282 919 2309 1
942 2273 960 2321 ξ
985 2284 999 2310 1
1027 2275 1136 2311 Miles
1152 2275 1364 2321 appellatur
1380 2301 1391 2312 .
1411 2302 1420 2312 .
1438 2303 1449 2313 .
1467 2288 1492 2312 a
1508 2277 1644 2311 militia
1664 2277 1724 2313 ἀι.

238 2324 381 2359 duritia
397 2335 506 2369 quam
516 2334 588 2369 pro
603 2323 708 2358 nobis
722 2323 912 2358 sustinent.
1082 2332 1104 2369 3
1129 2324 1242 2359 Nemo
1257 2335 1344 2360 uero
1356 2325 1452 2360 etc.:
1479 2335 1513 2360 v.
1530 2323 1628 2360 Heb.
1642 2335 1675 2360 v.
1689 2335 1726 2369 4.

242 2380 260 2417 5
288 2372 429 2416 Moyses
457 2373 556 2407 etc.:
581 2382 614 2406 v,
643 2369 763 2406 Exod.
792 2368 881 2405 xvii.
911 2379 945 2415 9.
1175 2372 1196 2407 8
1221 2372 1388 2416 yladium
1415 2373 1514 2409 etc.:
1548 2384 1581 2408 v.
1610 2371 1725 2410 Matt-

241 2417 339 2454 xxvi.
360 2427 415 2465 52.
603 2427 657 2461 11,
680 2426 721 2454 12
751 2418 934 2454 Ciceronis
948 2420 1168 2456 auctoritas:
1196 2419 1315 2463 Quem
1332 2419 1381 2456 ad
1398 2418 1526 2456 locum
1545 2419 1725 2466 respiciat

1744 2050 1784 2084 ²5

241 2466 386 2509 Noster,
421 2465 574 2508 nescim
611 2466 658 2502 cf.
688 2468 730 2501 in
763 2467 871 2502 Catil.
903 2465 928 2502 i.
963 2476 1007 2502 10
1036 2465 1054 2513 ξ
1085 2475 1154 2512 27;
1188 2469 1341 2504 constat
1367 2470 1499 2504 tamen
1532 2468 1725 2506 orationes
1781 2507 1783 2509 ,

242 2514 423 2549 Ioannem
441 2513 482 2549 in
500 2512 677 2550 manibus
693 2525 770 2549 non
786 2513 982 2556 habuisse3
1007 2515 1074 2551 sed
1089 2526 1136 2552 ex
1151 2514 1259 2551 libris
1271 2517 1314 2551 de
1326 2517 1525 2562 Republica
1537 2516 1652 2554 hodie
1665 2517 1726 2554 de·

241 2561 404 2608 perditis
416 2561 488 2598 hoc
502 2562 744 2608 desumptum
755 2574 835 2599 esse
848 2561 1033 2609 suspicari
1047 2562 1139 2600 licet
1153 2575 1162 2606 ;
1180 2563 1228 2599 cf.
1245 2575 1371 2611 supra,
1386 2563 1435 2600 ad
1448 2562 1506 2601 iii.
1521 2574 1563 2600 12
1573 2565 1723 2611 (500A).

246 2619 288 2655 13
306 2611 479 2646 latrones:
507 2610 553 2646 cf.
572 2608 660 2656 Dig.
677 2609 704 2645 1.
726 2611 767 2646 16
787 2609 804 2657 §
822 2611 900 2646 118.
1024 2613 1067 2648 16
1084 2613 1186 2647 Duos
1198 2613 1341 2657 yladios
1355 2614 1452 2648 eta:
1476 2624 1508 2648 v.
1526 2612 1614 2648 Luc.
1631 2612 1726 2650 xxii.

244 2663 312 2701 3ὅς
338 2657 385 2694 de
409 2660 635 2711 argumento
662 2670 708 2694 ex
731 2657 804 2694 hoc
830 2658 911 2694 loco
937 2669 960 2694 a
981 2658 1098 2695 medii
1120 2659 1203 2695 aevi
1228 2659 1450 2696 doctoribus
1475 2659 1654 2707 repetito,
1674 2660 1724 2698 cf.

243 2703 404 2740 Goffridi
420 2705 711 2742 deocinensis
729 2708 855 2752 Opusc.
874 2706 910 2741 iv
929 2706 1078 2753 (Migne
1091 2709 1132 2742 P.
1148 2709 1191 2743 L.
1204 2707 1305 2744 clvii.
1324 2714 1420 2752 220),
1434 2710 1473 2745 et
1491 2708 1526 2745 S.
1541 2708 1727 2747 Bernard.

243 2752 316 2797 Ep.
335 2754 413 2798 256,
430 2755 473 2788 de
502 2754 643 2789 Consid.
666 2753 713 2789 iv.
735 2764 766 2798 3,
786 2756 835 2789 ad
861 2755 997 2790 Milites
1024 2756 1166 2801 Templi
1181 2767 1212 2791 c.
1231 2766 1251 2801 3
1273 2755 1422 2803 (Migne
1443 2758 1484 2793 P.
1503 2758 1547 2793 L.
1565 2756 1724 2793 clxxxii.

244 2801 325 2843 463,
342 2801 420 2844 464,
438 2802 519 2845 776,
532 2811 577 2846 92
584 2810 617 2847 5)
634 2814 642 2844 ;
667 2814 698 2837 ν.
716 2801 923 2849 Friedberg
944 2804 987 2837 de
997 2805 1139 2848 finium
1164 2805 1261 2839 inter
1282 2806 1464 2840 ecclesiam
1485 2810 1519 2840 et
1539 2806 1725 2841 ciuitatem

242 2849 486 2892 reyundorum
502 2850 637 2885 iudicio
658 2849 774 2896 (Lips.
792 2851 897 2895 1861)
916 2862 979 2896 pp.
999 2861 1055 2893 20,
1069 2861 1132 2892 21;
1157 2850 1297 2888 Gierke
1318 2853 1398 2887 Das
1412 2853 1577 2888 deutsche
1596 2853 1726 2890 Genos·

241 2896 535 2940 senschaflsrecht
551 2895 606 2932 iii.
625 2901 704 2944 528.
807 2907 848 2943 17
874 2910 955 2934 cum
969 2899 1108 2944 yladiis
1123 2901 1218 2936 etc.:
1243 2911 1276 2939 v.
1297 2899 1388 2937 Luc.
1405 2900 1497 2937 xxii.
1515 2909 1572 2947 52.
