1846 3262
107 231 213 266 on.
227 218 331 282 xxx]
401 206 407 212 ’
631 219 1072 266 PomcssA'ncvs

110 339 262 384 Dauid
292 340 374 384 uix
405 340 494 384 duo
528 340 758 398 potuerint
793 340 1002 394 inueniri,
1033 340 1135 398 quis
1168 339 1255 383 sibi
1287 339 1336 382 in
1370 353 1503 383 carne
1536 341 1584 382 et

107 410 327 468 sanguine
346 410 605 469 propagatis
629 410 977 468 perpetuitatem
997 425 1091 454 esse
1110 409 1327 454 confidit?
1387 409 1458 460 Et,
1478 408 1585 466 quia

109 479 350 524 Ecclesiam
390 480 472 523 Dei
514 481 650 524 immo
691 484 739 523 et
777 483 922 523 totum
963 480 1198 538 imperium
1238 479 1455 523 Lacerauit
1494 478 1584 522 Do·

108 549 337 600 mitianus,
356 549 509 593 eodem
531 550 579 592 in
598 564 645 593 se
667 549 749 592 Dei
769 564 876 592 usus
895 549 1062 593 iudicio
1082 552 1130 593 et
1148 549 1243 606 ipse
1258 549 1480 592 laceratus
1493 551 1586 591 est3

70 635 92 670 s
109 619 237 664 cuius
261 619 452 663 cadauer
476 619 680 677 populari
707 619 940 677 sandapila
968 634 1047 677 per
1077 619 1352 676 uispilliones
1378 621 1583 676 exporta—

110 692 211 733 tum
235 691 371 746 atque
398 688 814 747 ignominiofflssime
840 688 1064 747 sepultum
1094 692 1173 732 est.
1232 688 1468 732 Successor
1490 687 1586 730 eius

112 758 268 802 Nerua
292 759 442 802 omnia
463 762 564 802 acta
594 759 689 802 eius
718 759 947 802 reuocauit
975 759 1024 802 in
1053 758 1232 802 irritum
1257 761 1316 810 et,
1343 757 1587 814 asscriptus

111 828 389 886 principibus
435 842 524 871 non
569 828 773 879 tirannis,
813 828 969 872 morbo
1016 828 1246 872 confectus
1294 827 1412 870 diem
1462 826 1587 876 obiit,

112 897 305 941 Traiano
343 897 557 955 adoptato
606 898 653 940 in
698 912 898 956 regnum.
977 898 1065 951 Qui
1114 901 1244 941 tanta
1286 897 1587 940 moderatione

53 983 98 1010 1ο
113 968 324 1012 succesit
342 970 406 1018 ut,
426 967 542 1011 sicut
561 969 795 1025 Augustus
822 967 1116 1019 felicissimus,
1135 968 1201 1011 ita
1221 971 1267 1011 et
1293 968 1379 1011 iste
1399 967 1588 1024 impera-

113 1043 189 1082 tor
225 1037 421 1096 optimus
459 1036 709 1080 diutissime
747 1037 930 1081 habitus
969 1038 1041 1088 sit,
1081 1041 1139 1088 et,
1176 1040 1230 1081 ut
1269 1037 1435 1087 ferunt,
1470 1035 1589 1094 apud

115 1105 363 1151 Seleuciam
391 1106 546 1150 urbem
576 1106 776 1150 Isauriae
805 1107 1026 1164 profluuio
1055 1107 1228 1151 uentris
1256 1107 1482 1150 extinctus
1510 1109 1590 1149 est.

115 1176 172 1221 Ei
183 1177 395 1221 suoefflt
405 1176 566 1220 Helius
578 1176 816 1229 Adrianus,
828 1180 957 1234 pater
970 1178 1156 1235 patriae,
1167 1177 1245 1234 qui
1259 1191 1353 1219 rem
1366 1175 1589 1234 publicam

115 1246 373 1290 iustissimis
405 1245 579 1304 legibus
617 1245 846 1290 ordinauit
877 1250 924 1290 et
957 1246 1120 1290 Iudeos
1156 1246 1371 1290 scelerum
1409 1259 1590 1288 suorum

58 1336 73 1361 1
79 1337 100 1371 ⁵
117 1315 454 1375 perturbatione
473 1315 735 1373 exagitatos,
755 1319 808 1359 ut
826 1316 875 1359 in
895 1316 1165 1359 Palestinam
1184 1315 1418 1365 irruerent,
1431 1314 1593 1357 ultima

118 1385 252 1449 caede
276 1385 542 1443 perdomuit,
561 1385 770 1443 ultusque
800 1389 869 1429 est
895 1385 1185 1440 Christianos,
1206 1400 1317 1443 quos
1343 1385 1410 1427 illi
1437 1398 1592 1428 excru-

118 1455 311 1507 ciabant,
329 1455 643 1513 praecepitque
662 1470 719 1498 ne
748 1456 820 1500 cui
847 1455 987 1500 Iudeo
1010 1455 1266 1499 introeundi
1289 1454 1592 1498 Ierosolimam

122 1528 238 1569 esset
266 1525 458 1576 licentia,
484 1524 755 1570 Christianis
783 1529 963 1569 tantum
991 1525 1178 1569 ciuitate
1206 1524 1431 1582 permissa,
1458 1538 1591 1581 quam

119 1594 171 1638 in
197 1594 417 1653 optimum
446 1597 615 1638 statum
645 1609 873 1638 murorum
896 1594 1189 1639 instructione
1218 1593 1446 1651 reparauit
1468 1607 1593 1650 prae·

61 1683 107 1709 ao
121 1665 328 1722 cepitque
367 1664 518 1707 uocari
558 1663 737 1707 Heliam
777 1665 832 1708 de
877 1665 1162 1723 praenomine
1200 1678 1293 1708 suo.
1371 1663 1596 1706 Antonius

122 1737 417 1793 cognomento
437 1733 544 1777 Pius
562 1734 803 1791 tranquille
823 1738 870 1778 et
888 1738 1040 1778 sancte
1058 1734 1330 1792 gubernauit
1348 1733 1597 1790 imperium,

123 1803 360 1848 succedens
379 1803 579 1847 Adriano
598 1818 700 1847 cum
719 1804 871 1848 liberis
896 1805 1001 1857 suis,
1022 1808 1069 1848 et
1098 1804 1257 1847 merito
1283 1803 1384 1861 pius
1403 1806 1450 1846 et
1468 1805 1598 1860 pater

122 1874 298 1932 patriae
329 1873 585 1916 nominatus
616 1877 695 1924 est,
726 1877 774 1917 et
802 1874 1104 1918 intercedente
1133 1873 1310 1916 Iustino
1334 1872 1597 1930 philosopho

125 1958 174 1988 se
213 1942 484 1987 Christianis
531 1942 775 2000 benignum
823 1944 1041 1987 exhibuit,
1114 1943 1292 1986 Marcus
1340 1941 1598 1985 Antoninus

66 2030 110 2065 ²5
125 2012 271 2056 Verus
299 2026 521 2055 successor
550 2011 618 2054 Pii
647 2026 749 2055 cum
789 2012 973 2056 Aurelio
1002 2011 1198 2057 Comodo
1227 2011 1367 2054 fratre
1406 2010 1600 2067 suscepit

127 2081 375 2140 imPerium.
452 2080 662 2123 Aurelius
710 2084 861 2124 autem
909 2096 1014 2125 casu
1062 2081 1218 2132 morbi,
1261 2095 1392 2137 quem
1441 2079 1598 2123 Graeci

127 2149 408 2210 apoplexiam
447 2152 622 2200 uocant,
661 2150 901 2193 suffocatus
938 2150 1144 2203 interiit3
1202 2164 1341 2207 eoque
1389 2149 1600 2193 defuncto

129 2219 274 2263 frater
291 2219 411 2263 solus
431 2219 495 2262 rei
515 2219 720 2276 publicae
739 2219 949 2276 praefuit,
970 2220 1043 2262 uir
1065 2234 1197 2276 quem
1225 2219 1438 2262 admirari
1466 2233 1601 2276 quam

129 2288 326 2339 laudare,
357 2288 395 2332 si
438 2288 654 2346 Eutropio
693 2288 901 2339 creditur,
932 2288 1109 2332 facilius
1148 2292 1226 2332 est.
1304 2288 1347 2331 A
1384 2289 1603 2347 principio

134 2423 154 2462 5
179 2413 356 2468 populari
372 2415 469 2450 Suet.
489 2414 612 2450 orm:
636 2412 832 2461 popularis
846 2413 1011 2450 CBASM
1157 2423 1200 2451 12
1223 2413 1375 2460 ysaurie
1391 2414 1425 2451 A
1558 2415 1601 2452 18

131 2472 316 2509 permissa
331 2460 488 2498 ciuitate
506 2460 532 2498 S

182 2588 202 2626 5
228 2581 334 2615 ouius
349 2580 619 2616 cadaverem:
644 2577 749 2614 Oros.
765 2576 828 2614 vii.
844 2576 973 2624 10§7.
1225 2586 1246 2622 7
1272 2579 1603 2616 omniaadaetc.:

132 2626 269 2664 saltem
282 2628 404 2673 primo
419 2628 531 2662 edicto
545 2637 611 2662 suo
627 2630 771 2662 candoe
786 2627 909 2661 exules
923 2630 1097 2668 manant.
1116 2627 1161 2661 ut
1176 2625 1294 2662 refert
1309 2624 1462 2662 Orosius
1477 2625 1540 2662 vii.
1562 2636 1602 2664 11

134 2673 208 2722 ξπ.
386 2671 1607 2720 1out,eicutAu9uetusetc.:v.Eutrop.viii.5§3;cf.mpra

132 2721 301 2768 v.8(559
314 2722 372 2766 Α).
504 2730 543 2758 ιι
569 2722 750 2767 adserunt
766 2722 858 2758 etc-z
882 2720 987 2757 Oros.
1003 2719 1066 2756 vii.
1089 2731 1130 2756 12
1149 2719 1168 2767 ξ
1187 2722 1224 2756 8.
1348 2730 1389 2766 13
1413 2722 1609 2758 Adrianus

133 2771 227 2806 etc-z
253 2781 285 2805 v.
304 2768 406 2806 Oros.
425 2768 490 2805 vii.
510 2778 565 2814 ¹3-
748 2779 795 2804 20
817 2770 1024 2804 Antonius:
1048 2767 1074 2803 i.
1088 2779 1120 2804 e.
1137 2769 1358 2804 Antoninus.
1423 2770 1610 2805 Antonius

134 2815 565 2861 etc-zv.01·oo.vii.14.
720 2814 1607 2864 ulamuAneonimetc.:v.0m·-vii.15

136 2862 340 2913 §§1,3‚4.
487 2865 533 2901 28
556 2861 1338 2911 uirquemetc.:v.nutmp.viii.u§1.

203 2935 322 2955 mn
814 2930 838 2968 3
868 2930 896 2958 s
1430 2921 1499 2967 3⁶⁹

1596 231 1672 272 791
1691 221 1719 260 b

1601 626 1626 655 c

1608 1530 1638 1570 d
