1846 3262
137 257 241 291 0111».
259 243 299 307 1]
662 242 1108 289 POLICRATICVS
1287 274 1291 276 -
1653 252 1742 294 590
1762 244 1792 284 b

142 372 189 414 et
217 372 374 414 uterus
405 369 500 413 eius
530 371 772 427 praeparat
802 368 936 412 dolos.
998 367 1345 411 Publicanorum
1376 367 1577 411 omnium
1609 381 1637 411 a

140 441 340 485 maximo
360 455 502 498 usque
532 440 590 483 ad
617 440 856 483 minimum
882 441 1007 483 cetus
1034 439 1312 483 concussioni
1338 453 1459 482 nunc
1485 438 1638 496 potius

142 526 279 570 quam
299 511 501 555 iustitiae
517 514 662 562 uacat,
677 513 723 554 et
738 511 805 554 ita
823 510 871 553 in
891 509 1109 568 populum
1130 510 1431 553 debaccantur
1450 512 1504 553 ut
1517 509 1637 567 quod
1657 521 1683 551 c

142 582 328 640 reliquit
357 597 488 634 unus,
513 582 591 626 alii
622 597 713 625 non
740 585 977 640 ‘morentur
1007 581 1198 634 auferre,
1224 595 1275 624 ac
1305 580 1344 624 si
1374 580 1507 623 iuxta
1535 595 1638 624 con-

103 668 124 703 5
144 653 424 711 questionem
445 653 755 711 propheticam
775 653 834 695 ad
860 653 945 696 hoc
972 651 1175 695 instituti
1202 651 1307 703 sint,
1328 654 1381 695 ut
1409 651 1640 694 residuum

139 724 341 768 locustae
366 724 570 768 comedat
595 724 771 767 brucus.
832 723 904 774 Et,
925 726 978 766 ut
1006 723 1070 766 eis
1094 723 1155 766 sit
1181 722 1325 766 maior
1350 722 1534 766 licentia
1560 737 1639 766 no-

142 795 285 848 cendi,
297 810 415 838 unus
436 795 484 837 in
505 809 552 838 se
571 794 704 851 plura
723 796 958 837 coaceruat
978 793 1132 846 officia,
1145 796 1198 836 ut
1219 793 1338 850 quod
1358 793 1416 836 ab
1436 808 1527 838 uno
1548 808 1640 836 non

143 865 316 924 accepit
346 865 501 917 officio,
528 865 660 909 tollat
688 865 746 908 ab
773 865 873 908 alio.
934 864 1140 908 Tradunt
1167 864 1407 922 phisiologi
1435 864 1555 921 quod
1583 878 1640 907 ex

143 937 317 980 locusta
331 936 533 980 nascitur
548 936 724 988 brucus,
738 935 815 993 qui
832 935 899 978 ita
911 938 1100 978 uocatur
1113 949 1343 992 quousque
1356 934 1451 978 alas
1463 934 1640 977 habeat.

84 1020 128 1045 10
146 1007 323 1051 Exinde
353 1006 733 1051 succrescentibus
761 1006 856 1057 alis,
886 1020 989 1049 cum
1017 1005 1186 1063 ceperit
1217 1005 1422 1056 uolitare,
1451 1008 1643 1049 uocatur

145 1077 391 1130 athelebus.
452 1076 568 1122 Cum
602 1077 722 1120 enim
757 1076 1014 1135 plenissime
1046 1075 1200 1119 uolare
1234 1076 1414 1133 poterit,
1450 1075 1642 1120 efficitur

144 1149 318 1193 locusta
337 1148 527 1202 iterum3
559 1150 605 1192 et
631 1148 776 1191 multo
803 1147 988 1205 grauior
1015 1149 1084 1190 est
1110 1146 1275 1190 brucus
1303 1161 1439 1204 quam
1467 1147 1641 1190 locusta

144 1222 192 1264 et
210 1219 458 1273 athelebus,
480 1219 587 1276 quia
607 1218 649 1262 ei
675 1218 839 1262 desunt
866 1218 964 1261 alae
991 1232 1072 1261 nec
1099 1216 1190 1260 cito
1216 1219 1367 1274 potest
1392 1217 1639 1261 abscedere.

144 1290 342 1348 Ideoque
362 1304 642 1348 quocumque
661 1289 850 1342 uenerit,
871 1288 1027 1347 fruges
1051 1288 1234 1332 omnino
1260 1288 1494 1331 consumit.
1556 1288 1638 1331 Lo-
1656 1291 1686 1332 d

85 1375 127 1411 15
146 1364 275 1406 custa
306 1363 460 1404 tamen
495 1363 542 1404 et
575 1360 810 1404 athelebus
844 1374 1124 1417 quocumque
1155 1358 1366 1402 uenerint
1400 1361 1564 1402 nocent
1595 1362 1642 1402 et

146 1431 266 1476 forte
300 1431 349 1474 in
383 1431 491 1475 locis
525 1431 732 1489 pluribus
764 1431 842 1474 sed
874 1433 1027 1474 tamen
1059 1430 1211 1473 minus
1242 1430 1391 1481 bruco,
1428 1430 1506 1487 qui
1539 1445 1642 1474 cum

145 1502 362 1546 insederit
381 1517 472 1546 non
492 1505 712 1553 mouetur,
734 1501 874 1546 donec
894 1501 1069 1545 labores
1093 1500 1327 1544 hominum
1355 1500 1538 1544 omnino
1566 1491 1642 1544 ex-

146 1573 342 1618 hauriat.
421 1573 486 1616 At
521 1573 570 1616 in
611 1572 874 1616 officialibus
914 1571 1106 1615 eundem
1146 1572 1347 1623 brucum,
1383 1571 1643 1615 athelebum

147 1644 351 1688 inuenies
382 1647 428 1688 et
457 1643 688 1695 locustam,
713 1643 791 1701 qui
822 1642 1087 1701 propinquis
1116 1646 1275 1686 noceat
1305 1645 1351 1686 et
1380 1642 1576 1694 remotis,
1597 1646 1644 1686 et

87 1730 132 1755 πο
148 1715 283 1767 illius,
307 1715 380 1759 0111
400 1714 537 1758 semel
557 1714 784 1767 insederit,
812 1714 1044 1757 fortunam
1075 1713 1274 1766 deuoret,
1293 1728 1375 1757 nec
1406 1715 1512 1756 ante
1542 1713 1643 1757 abs-

147 1786 279 1831 cedat
298 1800 433 1844 quam
454 1800 608 1829 omnes
628 1785 724 1829 eius
751 1784 932 1828 auferat
958 1784 1211 1828 facultates.
1263 1783 1376 1837 Quis
1406 1799 1644 1828 numerare

146 1859 298 1916 potest
328 1859 438 1915 quot
468 1857 664 1915 pupillos
690 1856 1008 1900 officiosissime
1034 1855 1432 1913 circumscripserit
1459 1859 1506 1899 et
1533 1859 1644 1914 quot

147 1927 330 1971 uenales
370 1928 539 1971 iniuria
578 1927 737 1971 fecerit
776 1941 908 1985 agros
941 1930 988 1970 et
1027 1929 1138 1984 quot
1177 1926 1299 1984 apud
1339 1941 1421 1970 nos
1460 1927 1644 1970 licentia

148 1998 341 2042 istorum
373 1999 467 2042 suis
496 1998 691 2042 nudatos
720 1998 851 2041 bonis
885 1997 970 2041 sub
1004 1997 1202 2056 imagine
1234 1998 1465 2056 religionis
1496 1997 1644 2041 alioue

86 2085 130 2121 ²5
149 2071 392 2127 praetextu
421 2084 513 2113 non
543 2071 639 2112 tam
670 2068 931 2126 Romipetas
961 2070 1007 2111 et
1036 2068 1296 2126 peregrinos
1325 2083 1462 2126 quam
1490 2067 1645 2112 exules

149 2139 339 2185 fecerit?
388 2139 557 2197 Vtique
577 2139 669 2182 iam
689 2139 808 2182 fiunt
828 2138 918 2182 ista
936 2138 1100 2196 palam,
1119 2153 1200 2183 nec
1221 2153 1296 2182 eos
1315 2138 1542 2197 praesides
1563 2142 1645 2183 aut

1703 474 1716 517 ³.

151 2313 173 2349 3
199 2300 464 2339 debachantur
479 2301 521 2337 M
668 2309 687 2348 5
713 2301 806 2346 sunt
821 2299 963 2337 CBAM
1110 2310 1153 2347 13
1179 2300 1363 2338 abcedere
1379 2299 1439 2336 As
1599 2310 1645 2346 14

149 2350 341 2388 consumit
358 2349 515 2387 omnino
532 2348 579 2385 A¹
723 2359 780 2393 20,
800 2358 844 2387 21
872 2348 1035 2386 abcedat
1052 2347 1077 2385 S

201 2507 219 2546 5
255 2499 445 2535 residuum
472 2498 571 2534 etc.:
608 2508 642 2533 v.
672 2495 791 2534 Ioel
778 2508 803 2532 1.
829 2506 865 2541 4.
1010 2495 1032 2532 8
1062 2496 1235 2531 Tradunt
1257 2494 1458 2541 phisioloqi
1483 2495 1582 2531 etc.:
1610 2507 1645 2533 v.

150 2546 272 2584 Glosa
300 2545 390 2584 Ord.
415 2545 464 2582 ad
488 2545 567 2581 Ioel
587 2544 660 2582 loc.
689 2543 754 2581 cit.
781 2545 914 2580 brucus
940 2548 1097 2580 uocatur
1113 2545 1240 2589 foetus
1266 2544 1422 2578 locu-stae
1449 2547 1646 2589 antequam

150 2597 279 2632 habeat
301 2595 404 2640 ala33
433 2595 576 2639 deinde,
596 2605 679 2629 cum
699 2593 832 2638 incipit
845 2603 986 2638 parum
1009 2592 1146 2636 uolare,
1163 2592 1304 2627 dicitur
1321 2591 1532 2636 athelabus;
1562 2603 1646 2627 cum

151 2655 241 2680 uero
260 2644 423 2689 pleniter
444 2643 557 2686 uolat,
582 2642 722 2678 dicitur
743 2642 904 2686 locusta5
929 2644 962 2675 et
987 2644 1039 2675 est
1064 2640 1198 2676 brucus
1221 2639 1335 2675 multo
1354 2640 1512 2684 grauior
1534 2651 1646 2686 quam

153 2693 290 2728 locusta
305 2692 366 2727 uel
383 2691 593 2736 athelabus;
618 2690 708 2736 quia
728 2690 852 2724 iacens
873 2689 915 2723 in
931 2699 1005 2724 uno
1023 2689 1096 2724 loeo
1116 2688 1296 2723 radicitus
1316 2688 1467 2723 comedit
1478 2689 1642 2733 fructus.

154 2739 260 2776 Haec
287 2750 333 2776 ex
356 2738 512 2775 Hieron.
539 2739 673 2774 Comm.
698 2738 740 2773 in
762 2738 887 2773 Naum
903 2737 959 2773 iii.
979 2745 1022 2782 13
1039 2747 1076 2771 se
1151 2734 1278 2782 (Mign
1282 2746 1302 2772 e
1319 2736 1364 2770 P.
1380 2736 1426 2771 L.
1445 2746 1531 2772 xxv.
1553 2737 1646 2782 1264

153 2799 245 2834 seq„
262 2788 352 2823 1268
364 2786 458 2833 seq.)
479 2785 684 2832 desumpta
701 2796 779 2823 esse
796 2784 992 2826 videntum
1019 2783 1068 2820 cf.
1077 2747 1278 2820 qssueher.
1274 2782 1384 2830 Lugd
1332 2782 1448 2830 gd.un
1467 2785 1642 2821 Instruct.

153 2835 194 2872 ii.
216 2845 259 2872 12
279 2833 427 2881 (Migne
444 2836 487 2871 P.
504 2835 547 2870 L.
564 2833 589 2870 l.
608 2833 707 2880 821).
805 2843 849 2869 22
868 2837 952 2879 quot
963 2833 1129 2879 pupillos
1141 2833 1486 2878 circumscripserit:
1513 2844 1547 2868 v.
1565 2831 1646 2870 Iuv.

154 2885 232 2921 Sat.
258 2895 295 2919 x.
323 2893 405 2926 222,
432 2892 513 2928 223.
680 2892 736 2925 22,
764 2891 810 2927 23
835 2885 921 2927 quot
944 2882 1094 2918 uenales
1118 2881 1216 2918 etc.:
1250 2879 1332 2917 Iuv.
1355 2880 1432 2918 Sat.
1457 2879 1534 2918 xiV.
1564 2889 1643 2928 151.

151 2933 202 2970 26
217 2934 325 2978 fiunt
340 2932 412 2967 ista
422 2931 580 2978 palam:
607 2941 642 2968 v.
659 2929 739 2967 Iuv.
757 2931 837 2967 Sat.
854 2928 894 2965 11.
916 2930 997 2976 136.

1512 3011 1533 3046 5
