1846 3262
116 224 345 286 0³1».me
641 221 1080 268 PomcssAncvs
1603 218 1689 268 766
1711 227 1736 257 c

116 347 189 392 cui
214 347 402 405 quisque
428 346 567 390 fuerit
586 345 868 395 inhumanus,
888 343 943 387 de
962 343 1059 386 iure
1085 341 1271 398 antiquo
1300 340 1481 398 iniquus
1505 340 1584 382 est.

117 417 359 462 Declarant
398 417 480 460 hoc
518 416 667 474 legum
713 414 893 458 tabulae
939 418 984 456 et
1024 412 1185 456 titulus
1224 411 1335 454 iuris
1373 409 1451 467 qui
1491 412 1585 452 est:

118 486 329 531 Statutus
349 486 443 530 dies
462 500 563 530 cum
593 485 733 528 hoste.
791 483 879 537 Qui
910 496 1018 525 uero
1047 480 1372 524 humanitatem
1402 478 1586 523 exhibet

117 556 284 614 hospiti
319 559 366 600 et
395 556 627 599 caritatem
662 553 831 611 implet,
862 552 998 596 nichil
1034 566 1186 595 eorum
1217 549 1444 594 subtrahit
1472 563 1585 606 quae
1602 550 1632 590 d

80 643 101 678 5
119 626 236 670 ratio
255 626 478 684 permittit
497 624 672 682 exponi.
733 622 936 666 Effundit
955 620 1132 679 quidem
1148 620 1196 663 in
1208 619 1404 677 hospites
1417 619 1588 663 uiscera

118 709 224 749 sua3
264 695 342 739 sed
376 710 545 739 memor
578 693 720 744 officii,
759 693 797 736 si
838 692 1054 735 discretus
1093 693 1172 741 est,
1210 690 1268 733 ad
1307 689 1460 747 turpia
1497 703 1588 731 non

119 765 321 823 impellit,
341 779 422 808 nec
442 767 574 822 urget
594 763 845 821 quempiam
866 762 914 804 in
934 761 979 804 id
1001 761 1049 803 in
1069 760 1186 818 quod
1207 775 1253 803 se
1268 759 1407 803 nollet
1427 758 1588 816 urgeri.

120 834 204 879 Est
232 835 384 892 itaque
416 835 464 877 in
496 833 716 891 hospitem
748 832 1031 890 peregrinum
1070 830 1214 874 omnis
1253 829 1511 873 humanitas
1543 831 1590 872 et

120 904 269 948 sobria
287 904 532 947 liberalitas
562 902 832 954 exercenda3
862 904 908 944 et
937 900 1171 958 indigenae
1202 899 1367 956 hospiti
1396 899 1590 957 gratiam

61 989 106 1015 ιο
121 973 363 1032 pleniorem
384 973 550 1016 referre
569 972 701 1015 debet
730 971 876 1014 tenaci
900 969 1212 1013 beneficiorum
1236 969 1449 1012 memoria
1468 983 1591 1026 pere-

121 1044 291 1102 grinus.
349 1043 479 1086 Hanc
499 1056 673 1099 quoque
699 1041 892 1099 gratiam
919 1054 1001 1083 nec
1029 1039 1243 1082 aduersae
1265 1038 1493 1096 religionis
1511 1051 1593 1081 nec

121 1112 426 1171 praecedentis
456 1111 716 1155 inimicitiae
751 1110 914 1153 titulus
944 1109 1135 1167 perimit.
1206 1107 1326 1150 Nam
1358 1111 1404 1150 et
1434 1107 1592 1150 beatus

122 1181 364 1240 Gregorius
383 1180 764 1225 Gneocesariensis
783 1180 1024 1237 episeopus,
1042 1193 1144 1222 cum
1163 1180 1352 1235 urgente
1380 1176 1594 1234 temporis

123 1254 171 1296 et
208 1250 425 1309 procellae
464 1250 674 1308 angustia
711 1249 760 1292 in
805 1248 997 1306 Alpibus
1035 1248 1308 1304 interceptus
1346 1247 1395 1289 in
1434 1245 1592 1289 fanum

62 1339 106 1375 ¹⁵
124 1320 357 1379 Apollinis,
391 1320 469 1378 qui
501 1320 564 1363 ibi
596 1319 653 1363 ab
684 1318 908 1377 indigenis
937 1317 1175 1368 colebatur,
1204 1316 1462 1360 diuertisset
1490 1318 1537 1359 et
1566 1308 1602 1358 a¹

122 1390 349 1435 sacerdote
382 1390 479 1441 loci,
508 1390 612 1433 licet
643 1388 844 1447 profano,
879 1387 1192 1431 officiosissime
1231 1389 1444 1444 exceptus
1478 1388 1595 1429 esset

122 1460 329 1518 hospitio,
357 1474 526 1503 memor
559 1458 690 1502 officii
725 1461 772 1502 et
804 1457 1000 1515 hospitii,
1030 1456 1295 1514 Apollinem,
1326 1470 1458 1513 quem
1497 1469 1592 1498 sus-
1610 1455 1691 1505 767
1711 1464 1741 1493 a
1771 1451 1774 1453 ’

121 1529 338 1589 penderat
351 1544 380 1573 a
393 1529 614 1587 responsis
628 1531 675 1573 et
688 1527 1066 1571 ludificationibus
1080 1526 1343 1576 animarum,
1354 1525 1595 1568 sacerdotis

124 1599 329 1658 precibus
348 1599 581 1643 relaxauit.
641 1598 871 1656 Siquidem
890 1597 1011 1655 apud
1031 1596 1272 1640 Eusebium
1292 1594 1595 1640 Cesar-iensem

64 1687 110 1714 ao
125 1669 175 1713 in
204 1669 512 1714 Ecclesiastica
540 1668 745 1712 Historia
782 1670 996 1726 poterunt
1025 1667 1133 1710 haec
1171 1665 1347 1723 plenius
1386 1664 1597 1709 inueniri.

126 1739 278 1798 quue
309 1738 530 1782 referente
563 1740 739 1782 constat
773 1736 892 1794 quod
930 1735 1133 1780 sacerdos
1171 1734 1395 1792 querulus,
1414 1734 1597 1777 beatum

127 1809 394 1868 Gregorium
428 1811 688 1866 prosecutus
721 1810 768 1850 et
802 1821 939 1864 agens
970 1805 1184 1849 aduersus
1218 1818 1320 1847 eum
1355 1803 1598 1862 ingratitu-

126 1878 245 1922 dinis
275 1881 322 1922 et
355 1877 629 1935 exprobrans
660 1875 933 1920 humanitati
962 1889 1068 1918 suae
1098 1874 1252 1931 iniquo
1281 1873 1475 1931 pondere
1504 1888 1599 1916 esse

126 1962 374 2006 repensum,
389 1947 504 1990 hanc
524 1961 553 1989 a
571 1949 724 1990 sancto
743 1946 843 1988 uiro
863 1945 921 1988 ad
941 1944 1194 2002 Apollinem
1214 1957 1345 1986 suum
1365 1942 1598 2000 epistolam

67 2037 111 2073 ²5
129 2017 400 2076 reportauit:
446 2016 687 2074 Gregorius
726 2015 938 2073 Apollini.
1019 2013 1235 2056 Permitto
1272 2015 1319 2055 te
1358 2012 1503 2055 redire
1541 2011 1600 2055 ad

130 2086 276 2130 locum
305 2090 436 2129 tuum
470 2089 516 2129 et
546 2100 677 2143 agere
707 2099 820 2142 quae
850 2082 1131 2128 consueuisti.
1190 2081 1306 2126 Cum
1338 2095 1444 2138 ergo
1479 2080 1599 2123 idolo

128 2156 331 2200 sacerdos
377 2155 610 2213 epistolam
650 2153 927 2204 reddidisset,
966 2153 1139 2195 solutus
1178 2151 1338 2194 demon
1377 2150 1599 2208 responsis

131 2240 254 2270 more
287 2225 421 2269 solito
454 2224 682 2267 ludificare
720 2223 876 2280 coepit.
950 2221 1079 2264 Vnde
1108 2221 1322 2271 sacerdos,
1351 2220 1600 2263 admiratus

130 2295 252 2339 illius
285 2294 565 2338 maiestatem
599 2293 726 2337 cuius
769 2292 887 2336 serui
923 2291 1114 2335 humiles
1147 2293 1335 2348 possunt
1367 2290 1431 2333 sic
1462 2289 1598 2332 etiam

69 2387 114 2421 ³0
129 2365 216 2409 diis
245 2364 449 2423 gentium
482 2364 701 2421 imperare
735 2366 781 2406 et
819 2362 956 2405 uerbo
995 2360 1261 2418 suspendere
1301 2363 1348 2403 et
1381 2363 1600 2416 torquere,
1618 2366 1648 2405 b

129 2437 384 2492 contempto
411 2433 618 2491 Apolline
646 2447 727 2476 suo
753 2445 1027 2489 sequensque
1054 2429 1317 2488 Gregorium
1347 2428 1525 2472 adth
1547 2428 1607 2479 ei,-
1684 2435 1689 2439 ’

131 2504 366 2561 factusque
399 2502 643 2561 discipulus
674 2501 845 2546 Christi
872 2500 949 2558 qui
976 2500 1178 2544 sacerdos
1201 2498 1424 2557 Apollinis
1450 2498 1602 2542 fuerat

134 2632 150 2660 1
177 2619 350 2668 quisquis
365 2618 391 2655 S
535 2619 580 2655 16
603 2616 805 2664 prophano
826 2615 867 2653 M
1008 2616 1056 2653 26
1078 2613 1195 2662 ydolo
1210 2613 1349 2651 CBAM

177 2741 200 2768 2
224 2730 425 2767 Marone
440 2728 505 2765 hoe
520 2728 611 2764 ete:
637 2728 683 2762 ut
703 2725 762 2762 ait
783 2724 860 2762 Cic.
884 2723 955 2761 loc.
980 2735 1097 2771 supra
1119 2724 1186 2761 cit.
1366 2732 1388 2768 3
1413 2723 1604 2759 Statum:

129 2780 256 2816 &atus
277 2776 356 2814 Cic.
503 2784 559 2817 12,
575 2783 618 2819 13
642 2775 740 2810 Nan·
763 2778 796 2809 ot
820 2774 943 2809 boatus
970 2772 1165 2817 G-nyon'us
1188 2773 1282 2809 etc.:
1306 2782 1338 2806 v.
1363 2770 1490 2806 Rufin.
1514 2782 1603 2808 m.

130 2827 264 2863 Εκοώ.
281 2826 378 2861 Hm.
393 2824 491 2859 Eecl.
506 2822 571 2858 vii.
587 2830 632 2876 ²5
652 2820 727 2868 (ed.
743 2819 913 2858 Cacciari
928 2819 954 2856 i.
966 2831 1005 2867 p.
1023 2820 1123 2867 435).
1269 2828 1312 2865 13
1331 2819 1604 2855 (ἔπαυσαν-ὼν

131 2876 202 2911 εἰει
227 2872 253 2910 i.
264 2884 298 2910 e.
314 2869 656 2909 neocaesariensi..

1426 2946 1491 2980 ³²5
