1846 3262
95 209 184 257 639
204 207 233 248 d
574 206 839 252 IOANNIS
880 206 1400 253 SARESBERIENSIS
1533 210 1645 267 [ΜΒ.
1659 219 1733 254 VII

246 342 411 379 eorum,
432 342 546 385 quae
566 327 660 386 egit
679 327 753 370 uel
772 327 821 370 in
841 327 1059 385 proximo,
1080 328 1313 371 scientiam
1332 328 1499 373 habet?
1557 328 1732 373 Deinde

88 400 179 448 640
199 410 230 439 a
246 413 441 455 quanam
480 398 557 441 uia
596 398 644 440 in
684 398 992 455 philosophiae
1032 399 1381 456 inuestigatione
1417 399 1621 457 proficiet
1658 399 1731 443 cui

244 469 362 512 ratio
401 468 539 512 nichil
575 468 816 526 persuadet
846 468 965 526 quod
995 471 1149 512 teneat
1181 472 1262 512 aut
1293 474 1519 527 sequatur,
1550 469 1628 513 sed
1663 472 1732 513 est

242 540 301 582 ad
340 540 491 582 omnia
531 554 705 596 semper
744 539 972 583 incertus'l
1034 539 1156 583 Talis
1195 539 1353 597 utique
1393 540 1731 594 Achademicus,

241 625 342 653 cum
379 625 459 653 nec
499 609 645 652 brutis
685 609 957 653 animalibus
992 610 1145 654 ualeat
1177 610 1419 668 adaequari
1449 625 1530 654 nec
1566 610 1731 668 dignus
1747 629 1766 664 5

241 684 309 724 est
339 681 533 739 hominis
563 680 729 723 nedum
756 680 1011 738 philosophi
1043 681 1116 724 uel
1147 681 1316 724 honore
1346 680 1420 724 uel
1450 680 1653 734 nomine3
1684 682 1731 724 et

241 752 421 808 quidem
451 751 667 794 aduersus
697 751 886 794 istorum
918 751 1112 809 ineptias
1139 766 1331 810 magnus
1358 755 1489 809 pater
1515 753 1562 794 et
1585 750 1731 794 fidelis

240 822 395 868 doctor
415 822 635 865 Ecclesiae
648 821 933 880 Augustinus
954 822 1031 866 sed
1052 825 1098 866 et
1119 821 1274 866 Cicero
1294 822 1458 865 ualidis
1479 821 1730 865 rationibus

239 895 285 935 et
305 908 507 936 sermone
523 892 856 951 elegantissimo
871 893 1092 950 copiosius
1105 893 1352 951 disputant.
1404 892 1728 936 Verumtamen

239 963 297 1006 ad
332 963 432 1007 illos
465 964 542 1021 qui
583 964 639 1007 de
679 963 869 1021 singulis
909 963 1123 1007 dubitant
1164 979 1278 1021 quae
1318 963 1512 1021 sapienti
1552 962 1729 1007 faciunt
1748 978 1792 1004 10

239 1035 558 1091 quaestionem,
587 1033 741 1078 Cicero
772 1033 916 1091 seipso
946 1036 1062 1077 teste
1092 1034 1330 1087 transiuit;
1361 1048 1442 1077 nec
1472 1047 1546 1077 eos
1575 1036 1730 1077 noster

239 1105 524 1163 Augustinus
544 1104 840 1162 persequitur,
861 1119 962 1147 cum
983 1108 1029 1148 et
1049 1105 1144 1162 ipse
1165 1105 1213 1147 in
1234 1104 1443 1162 operibus
1467 1103 1560 1147 suis
1581 1103 1727 1147 Acha-

239 1175 409 1218 demico
436 1177 788 1232 temperamento
816 1177 975 1217 utatur
1005 1174 1288 1232 frequentius
1318 1179 1364 1219 et
1394 1175 1478 1218 sub
1505 1175 1726 1233 ambigui-

237 1248 333 1288 tate
353 1247 575 1302 proponat
595 1244 740 1287 multa
760 1259 874 1301 quae
895 1244 973 1286 alii
994 1245 1291 1288 confidentius
1311 1260 1392 1289 nec
1421 1245 1566 1304 magis
1585 1248 1724 1290 teme·

191 1319 221 1358 b
239 1316 355 1358 rarie
375 1315 626 1373 disputanti
646 1329 737 1358 non
758 1314 1022 1358 uiderentur
1041 1315 1205 1358 habere
1226 1316 1544 1373 quaestionem.
1586 1315 1724 1359 Michi
1744 1331 1785 1374 ¹v⁵

237 1390 389 1430 tamen
429 1401 520 1429 non
559 1385 742 1428 uidetur
782 1385 1019 1443 quisquam
1059 1400 1110 1429 eo
1150 1386 1272 1444 loqui
1312 1386 1510 1430 securius
1545 1386 1623 1444 qui
1658 1386 1726 1431 ita

236 1457 580 1514 circumspectus
601 1458 670 1499 est
690 1455 737 1498 in
758 1455 896 1498 uerbo
916 1471 973 1499 ne
993 1456 1167 1513 prolabi
1187 1456 1329 1514 possit
1349 1456 1407 1499 ad
1428 1456 1556 1500 falsa.
1604 1454 1734 1501 Sunt

235 1530 387 1570 autem
418 1526 686 1570 dubitabilia
715 1525 908 1584 sapienti
939 1541 1052 1583 quae
1086 1541 1167 1570 nec
1202 1526 1306 1570 fidei
1337 1542 1418 1570 nec
1452 1541 1608 1570 sensus
1641 1530 1724 1571 aut

236 1597 426 1640 rationis
459 1595 726 1640 manifestae
762 1596 1001 1653 persuadet
1035 1597 1280 1640 auctoritas
1315 1600 1361 1640 et
1396 1612 1510 1654 quae
1544 1597 1638 1641 suis
1672 1598 1721 1641 in

237 1671 475 1725 utramque
491 1670 665 1725 partem
680 1667 892 1710 nituntur
905 1667 1210 1710 firmamentis.
1271 1667 1398 1710 Talia
1413 1667 1594 1725 quidem
1614 1671 1721 1712 sunt
1741 1685 1785 1710 20

238 1753 352 1795 quae
382 1740 661 1795 quaeruntur
690 1737 746 1780 de
774 1737 1071 1794 prouidentia,
1097 1737 1152 1780 de
1181 1737 1436 1787 substantia
1466 1738 1722 1795 quantitate

238 1809 412 1852 uiribus
446 1807 639 1852 efficacia
674 1810 720 1851 et
758 1808 930 1866 origine
966 1808 1155 1860 animae,
1188 1808 1243 1851 de
1276 1808 1373 1851 fato
1414 1811 1459 1852 et
1499 1808 1721 1853 facilitate

237 1883 437 1931 naturae,
458 1894 564 1923 casu
585 1882 630 1922 et
650 1879 790 1923 libero
811 1879 1011 1932 arbitrio,
1028 1879 1083 1922 de
1107 1879 1297 1922 materia
1317 1882 1363 1922 et
1383 1882 1510 1922 motu
1531 1882 1577 1923 et
1597 1881 1720 1938 prin-

237 1951 366 2008 cipiis
386 1965 632 2007 corporum,
653 1950 708 1993 de
728 1964 966 2007 progressu
990 1949 1296 1992 multitudinis
1323 1952 1370 1993 et
1393 1949 1720 2007 magnitudinis

234 2021 429 2063 sectione
449 2035 507 2063 an
529 2020 743 2063 terminos
761 2019 952 2063 'omnino
971 2034 1062 2062 non
1082 2019 1279 2062 habeant
1299 2034 1358 2062 an
1378 2034 1452 2063 eos
1479 2020 1719 2066 dumtaxat
1740 2034 1782 2070 25

233 2091 385 2149 alogos
414 2091 598 2134 tandem
625 2090 874 2143 inueniant,
895 2090 950 2133 de
975 2093 1175 2148 tempore
1196 2093 1242 2133 et
1262 2090 1369 2141 loco,
1389 2090 1444 2133 de
1464 2105 1651 2135 numero
1672 2095 1718 2136 et

190 2173 215 2203 c
232 2161 445 2212 oratione,
466 2161 521 2204 de
552 2161 705 2204 eodem
729 2165 775 2204 et
800 2161 988 2212 diuerso,
1016 2161 1064 2203 in
1093 2175 1181 2217 quo
1211 2160 1407 2218 plurima
1434 2161 1611 2205 attritio
1638 2166 1718 2215 est,

232 2232 287 2275 de
318 2232 504 2275 diuiduo
534 2237 580 2275 et
610 2231 856 2282 indiuiduo,
882 2231 937 2274 de
968 2231 1222 2274 substantia
1251 2234 1297 2274 et
1327 2231 1474 2274 forma
1502 2232 1636 2283 uocis,
1663 2232 1718 2276 de

230 2305 355 2346 statu
375 2302 711 2353 uniuersalium,
724 2303 778 2345 de
794 2317 880 2346 usu
896 2304 942 2345 et
954 2302 1042 2345 fine
1058 2305 1250 2358 ortuque
1271 2301 1496 2345 uirtutum
1518 2305 1564 2346 et
1583 2302 1718 2347 uitio-

230 2388 345 2424 rum,
364 2389 423 2416 an
453 2388 605 2416 omnes
635 2373 830 2416 uirtutes
854 2373 1020 2416 habeat
1046 2372 1126 2430 qui
1154 2387 1292 2414 unam
1313 2372 1461 2428 habet,
1483 2387 1543 2415 an
1567 2373 1718 2418 omnia
1737 2388 1780 2422 30

231 2443 324 2487 sint
343 2447 524 2501 peccata
545 2443 751 2500 aequalia
766 2445 812 2486 et
828 2443 1076 2500 aequaliter
1095 2442 1346 2500 punienda3
1376 2442 1486 2486 item
1501 2443 1556 2486 de
1572 2444 1718 2489 causis

231 2528 382 2556 rerum
403 2516 450 2556 et
469 2513 755 2556 adiunctione
785 2527 938 2555 earum
966 2512 1039 2555 uel
1063 2512 1374 2570 repugnantia,
1394 2512 1450 2556 de
1479 2513 1717 2559 effluxione

229 2647 253 2683 9
276 2636 580 2684 verumptamen
595 2635 629 2672 A
772 2645 814 2671 21
843 2632 955 2681 quae]
974 2632 1042 2680 qui
1057 2633 1091 2668 A
1234 2643 1276 2680 31
1305 2635 1466 2680 peccata
1480 2634 1561 2672 sint
1575 2635 1610 2672 A

277 2748 299 2784 8
324 2748 578 2793 Auyustinus:
605 2744 673 2792 qui
690 2744 806 2781 libros
821 2746 898 2781 tres
914 2749 1041 2781 contra
1057 2744 1291 2780 Academicos
1307 2744 1469 2792 scripsit.
1667 2746 1714 2784 26

227 2797 368 2840 aloqos:
393 2794 620 2831 vocabulum
646 2805 669 2830 a
694 2792 889 2829 Martiano
915 2791 1072 2839 Capella
1096 2792 1142 2830 de
1168 2791 1280 2829 lineis
1301 2792 1363 2838 (vi.
1386 2793 1403 2840 ξ
1425 2794 1494 2839 718
1507 2793 1639 2840 seqq.),
1665 2793 1714 2832 de

227 2842 521 2879 diastematibus
539 2842 604 2889 (ix.
622 2841 753 2926 5949),
771 2841 818 2878 de
834 2839 996 2887 pedibus
1009 2840 1078 2895 fid.
1095 2838 1233 2894 §975)‚·
1244 2840 1292 2877 de
1309 2841 1478 2879 numeris
1494 2841 1591 2890 (id.§
1611 2843 1709 2889 992),

226 2890 331 2927 haud
347 2892 480 2928 tamen
497 2891 544 2928 de
562 2902 629 2927 mu
646 2889 814 2927 titudine
832 2891 871 2926 et
888 2888 1159 2936 magnitudine
1177 2890 1375 2926 usitatum.

338 2965 384 3008 98
