1846 3262
162 221 263 255 οΑΡ.
278 211 372 268 xn]
685 210 1130 256 POLICRATICVS
1669 215 1756 256 662
1777 225 1809 256 a

160 331 317 376 limina
352 332 614 388 doctiorum,
645 335 1007 392 quaestiunculas
1042 338 1237 386 mouent,
1261 335 1478 379 intricant
1509 336 1649 380 uerba

159 406 213 446 ut
231 417 364 447 suum
390 407 436 448 et
464 405 660 448 alienum
685 406 911 449 obducant
939 421 1129 458 sensum,
1149 407 1397 464 paratiores
1427 407 1648 450 uentilare

158 487 294 530 quam
329 475 586 519 examinare
625 476 663 519 si
705 477 814 534 quid
853 476 1131 520 difficultatis
1171 477 1363 522 emersit.
1421 477 1648 520 Verentur

156 545 309 588 tamen
339 546 526 603 prodere
556 547 827 604 imperitiam
859 563 986 591 suam
1016 547 1253 592 iactatores
1287 547 1533 605 sapientiae
1563 563 1644 591 nec

117 630 139 666 ⁵
157 618 391 667 amatores,
412 619 458 660 et
485 617 531 660 id
562 618 681 674 quod
711 618 917 661 nesciunt
946 633 1087 675 prauo
1117 618 1286 675 pudore
1310 618 1478 662 nescire
1506 633 1640 676 quam
1660 618 1689 657 b

158 700 372 743 quaerere
393 690 439 730 et
459 687 626 731 discere
647 688 846 741 malunt3
872 689 1135 746 praesertim
1156 688 1194 731 si
1214 689 1358 732 assint
1377 689 1467 741 alii,
1480 690 1643 747 quibus

156 758 315 799 notum
332 757 611 801 arbitrentur
626 758 744 815 quod
760 759 846 816 ipsi
862 758 1078 802 nesciunt.
1125 759 1311 802 Fastum
1324 761 1476 802 tamen
1489 774 1643 803 eorum

156 824 276 869 ferre
296 841 386 870 non
407 827 574 884 poteris
591 842 600 880 ;
631 827 686 871 de
708 828 829 871 omni
854 828 1045 871 materia
1074 828 1322 886 loquuntur
1345 829 1506 881 subito,
1527 830 1644 874 diiu-

156 895 310 940 dicant
339 912 504 950 omnes,
528 898 713 956 culpant
743 899 865 950 alios,
896 899 1062 956 seipsos
1092 899 1365 956 praedicant,
1395 900 1567 944 iactant
1596 916 1643 945 se

95 982 139 1009 ιο
155 966 379 1010 inuenisse
400 967 455 1011 de
475 983 593 1012 nouo
614 969 733 1026 quod
753 969 914 1012 tritum
935 972 1003 1012 est
1022 969 1080 1012 ab
1100 969 1300 1026 antiquis
1320 973 1366 1013 et
1385 971 1643 1016 testimonio

154 1036 370 1081 librorum
395 1053 476 1096 per
502 1042 644 1082 etates
663 1039 830 1083 multas
860 1039 917 1082 ad
947 1042 1151 1097 tempora
1178 1042 1333 1082 nostra
1362 1041 1641 1097 perductum.

153 1107 303 1151 Verba
322 1109 626 1167 multiplicant
652 1112 705 1152 ut
731 1124 863 1166 saepe
890 1110 1040 1152 minus
1069 1109 1286 1153 intellecti
1313 1109 1406 1153 sint
1435 1126 1567 1155 onere
1595 1115 1642 1156 et

151 1178 443 1222 multitudine
463 1179 703 1222 uerborum
725 1194 859 1236 quam
880 1194 1029 1222 rerum
1050 1179 1323 1223 difficultate.
1384 1179 1499 1224 Cum
1522 1182 1641 1225 enim

151 1264 208 1292 ne
248 1249 576 1308 intelligeretur
616 1250 772 1302 effecit,
812 1250 1062 1293 arbitratur
1102 1265 1148 1293 se
1187 1250 1402 1293 meruisse
1440 1253 1494 1294 ut
1533 1267 1640 1309 prae

92 1335 133 1369 15
151 1320 310 1363 ceteris
349 1320 641 1378 philosophus
680 1320 900 1364 uideatur.
975 1320 1036 1364 Et
1075 1335 1206 1378 saepe
1246 1321 1324 1378 qui
1371 1322 1640 1378 paucissima

150 1390 290 1442 nouit,
320 1391 531 1448 proponit
557 1391 752 1449 plurima
779 1406 894 1448 quae
923 1405 1004 1435 nec
1034 1391 1130 1449 ipse
1158 1390 1391 1449 Pitagoras
1419 1392 1640 1437 sufficeret

150 1459 402 1517 explanare.
470 1461 706 1505 Interdum
739 1462 894 1505 eadem
930 1461 1118 1519 replicat
1149 1464 1195 1504 et
1228 1462 1423 1505 reuoluit
1454 1466 1511 1514 et,
1532 1464 1639 1521 quia
1655 1473 1683 1504 c

149 1545 240 1573 non
261 1531 398 1575 habet
418 1546 506 1589 quo
526 1531 736 1583 diuertat,
748 1531 924 1575 laborat
938 1531 1110 1582 misere,
1126 1531 1245 1574 idem
1266 1532 1374 1575 terit
1395 1535 1440 1575 et
1460 1534 1637 1578 easdem

149 1599 337 1644 circinat
366 1616 522 1655 auras,
552 1602 660 1644 dum
691 1616 793 1645 eum
816 1601 972 1659 procul
999 1601 1140 1653 audis,
1160 1602 1346 1645 tertium
1368 1602 1585 1647 Catonem
1613 1619 1637 1647 e

89 1690 133 1715 20
149 1670 243 1714 celo
273 1671 507 1715 miraberis
536 1672 755 1715 cecidisse.
817 1671 1073 1725 Quemlibet
1108 1672 1226 1715 enim
1257 1673 1483 1717 hominem
1514 1677 1636 1718 attu-

147 1740 251 1785 lisse
270 1741 500 1785 uidebitur
516 1756 525 1796 ;
555 1743 593 1786 si
614 1742 935 1800 professionem
957 1742 1134 1800 quaeris
1158 1746 1238 1786 aut
1258 1746 1414 1796 artem,
1435 1747 1503 1789 est

263 1826 548 1884 gramaticus,
579 1827 743 1878 rethor,
772 1828 1010 1884 geometer,
1039 1827 1195 1885 pictor,
1226 1827 1398 1885 aliptes,

265 1899 421 1942 augur,
451 1885 698 1937 cenobates,
728 1886 937 1937 medicus,
968 1901 1150 1944 magus;
1180 1887 1331 1930 omnia
1360 1888 1499 1939 nouit,

149 1973 195 2014 et
215 1971 438 2015 esuriente
455 1972 644 2016 Greculo
659 1973 790 2031 longe
805 1974 1115 2031 praestantior.
1178 1974 1296 2017 Nam
1314 1978 1369 2026 et,
1387 1975 1424 2019 si
1441 1976 1632 2027 iusseris,

87 2058 128 2094 ²5
148 2041 234 2085 ibit
253 2041 302 2084 in
321 2042 464 2086 celum
485 2045 531 2086 et
547 2043 718 2086 Dedalo
738 2044 911 2087 doctior
929 2044 1123 2102 teipsum
1145 2060 1232 2102 quo
1253 2046 1448 2090 uolueris
1464 2047 1631 2090 incolu-

147 2125 265 2155 mem
281 2113 509 2170 perinane
524 2113 713 2157 traiciet.
764 2114 935 2157 Accede
952 2117 1005 2157 ut
1020 2115 1234 2169 docearis3
1266 2116 1375 2173 quid
1389 2116 1438 2158 in
1454 2117 1632 2174 scriptis

145 2182 238 2225 suis
257 2185 461 2226 auctores
481 2186 716 2226 senserunt
737 2183 977 2241 diligenter
996 2185 1172 2242 inquire
1189 2200 1198 2238 ;
1230 2189 1388 2229 excute
1408 2186 1630 2239 litteram3

144 2252 299 2296 statim
321 2253 570 2311 increpabit
590 2254 804 2297 duritiam
821 2258 948 2298 tuam
969 2257 1015 2298 et
1036 2256 1161 2299 asino
1174 2256 1424 2299 Archadiae
1446 2259 1491 2300 te
1512 2257 1630 2301 dicet

143 2322 398 2366 tardiorem.
470 2324 658 2367 Plumbo
688 2324 858 2368 ebetior
888 2340 945 2376 es,
976 2325 1084 2368 dum
1116 2326 1224 2383 quid
1254 2326 1302 2368 in
1332 2326 1486 2370 littera
1515 2327 1629 2371 latet

142 2454 166 2489 4
189 2443 465 2491 imperiticiam
483 2444 545 2481 CB
674 2446 717 2481 16
742 2445 965 2492 pithagoras
981 2445 1056 2481 AM
1192 2449 1234 2484 18
1260 2446 1394 2484 eadem
1413 2446 1453 2483 Μ
1581 2458 1626 2494 27

141 2491 332 2529 senserint
349 2492 373 2528 S
519 2494 564 2529 28
590 2492 695 2529 asine
713 2492 753 2528 M
896 2504 944 2540 29
968 2492 1141 2530 hebetior
1158 2494 1197 2530 M

193 2601 245 2643 18,
270 2611 312 2646 19
337 2602 478 2636 easdem
504 2603 658 2637 circinat
686 2612 823 2637 auras:
851 2600 918 2637 Ov.
948 2603 1032 2638 Met.
1060 2601 1100 2638 ii.
1131 2612 1212 2646 721.
1410 2613 1453 2650 19
1478 2606 1627 2641 tertium

144 2649 316 2684 Catonem
332 2650 427 2686 etc.:
453 2661 484 2685 v.
505 2649 581 2685 Iuv.
601 2651 675 2685 Sat.
693 2648 733 2686 ii.
751 2661 808 2694 40.
988 2660 1034 2685 20
1061 2652 1258 2694 Quemlibet
1274 2653 1344 2689 etc.
1360 2662 1370 2688 :
1396 2664 1429 2688 v.
1450 2652 1530 2690 Iuv.
1548 2655 1624 2690 Sat.

139 2695 195 2732 iii.
214 2704 269 2742 75.
414 2707 458 2733 22
482 2700 704 2743 gramaticus
721 2700 791 2734 etc.
808 2708 817 2733 τ
845 2697 923 2734 IuV.
940 2699 1019 2734 Sat.
1035 2697 1090 2734 iii.
1111 2700 1167 2744 76,
1187 2708 1245 2744 77.
1376 2710 1422 2745 24
1447 2703 1626 2737 esuriente

145 2745 321 2780 Greculo:
347 2756 380 2780 V.
401 2744 479 2781 Iuv.
498 2747 573 2781 Sat.
590 2744 645 2782 iii.
664 2748 720 2790 78.
867 2756 928 2790 24,
945 2755 990 2792 25
1017 2747 1050 2781 si
1067 2748 1226 2791 iusseris,
1244 2748 1312 2782 ibit
1327 2749 1370 2783 in
1387 2749 1502 2784 celum
1520 2750 1596 2786 etc.
1613 2760 1623 2785 ι

139 2803 171 2827 v.
190 2791 267 2828 Iuv.
287 2794 362 2829 Sat.
383 2792 437 2829 iii.
454 2795 499 2838 78
510 2805 614 2839 seqq.
762 2794 807 2829 28
833 2796 937 2830 asino
953 2795 1183 2830 Archadiae:
1210 2807 1242 2831 v.
1259 2794 1338 2831 Iuv.
1356 2797 1431 2832 Sat.
1449 2795 1512 2832 vii.
1534 2798 1623 2840 160;

139 2839 242 2876 Pers.
261 2841 337 2876 Sat.
357 2840 412 2876 iii.
431 2851 474 2886 93
501 2841 548 2878 cf.
566 2841 711 2878 scholia
733 2845 861 2878 vetera
883 2842 932 2878 ad
955 2841 1026 2878 loc.
1047 2846 1094 2889 (v.
1112 2842 1214 2880 Pers.
1233 2843 1313 2879 Iuv.
1333 2842 1524 2891 Sulpiciae
1543 2843 1624 2883 Sat.

141 2887 199 2925 ed.
213 2887 312 2923 Iahn
329 2889 362 2924 δε
380 2888 604 2936 Buecheler,
623 2901 686 2937 pp.
708 2900 764 2934 22,
786 2891 880 2936 138).

194 2959 276 2979 vnn
291 2960 312 2979 n
853 2952 879 2979 ‘1'
1449 2957 1464 2981 1
1471 2954 1511 2992 37
