1846 3262
121 243 222 278 cAr.
237 233 354 295 xxv]
642 231 1084 279 POLICRATICVS
1619 239 1704 282 ⁷05
1723 241 1754 271 ἃ

121 356 391 414 coepiscopis
411 356 568 414 parcit.
620 356 715 400 Nec
730 359 881 400 tamen
896 356 1043 413 ipsum
1058 353 1256 398 inuidiae
1272 353 1386 397 uitio
1406 353 1602 397 arbitror

121 425 368 480 laborasse;
403 427 481 470 sed
514 427 588 470 uir
616 427 813 485 prudens
843 426 962 484 quod
991 424 1247 469 hominibus
1278 423 1603 482 quodammodo

121 495 374 554 ingenitum
402 500 470 541 est
498 498 726 555 eleganter
749 496 981 554 expressit.
1042 495 1102 538 Et
1129 494 1247 539 forte
1267 495 1349 538 hoc
1369 494 1455 538 sibi
1475 508 1603 552 prae-

121 565 247 610 fatus
285 570 414 625 pater
453 568 668 626 imposuit
707 571 760 611 ut
799 567 862 610 sic
902 566 1203 609 laborantium
1242 565 1402 608 turbae
1445 572 1604 622 sponte

83 650 103 685 5
121 641 351 681 consertus
381 638 618 695 benignius
650 638 896 680 audiretur.
957 636 1075 680 Sane
1105 636 1250 679 Iulius
1280 635 1418 679 Cesar
1447 634 1605 677 audita

123 706 308 752 Catonis
328 711 471 751 morte
491 708 674 751 tandem
695 722 950 765 compassus
971 709 1039 750 est
1059 706 1287 749 laboribus
1309 709 1355 748 et
1375 704 1604 762 erumpnis

123 777 323 829 extincti,
345 781 391 821 et
418 778 648 836 egregium
674 778 817 821 ciuem
844 777 976 820 rebus
1004 776 1213 819 humanis
1243 775 1427 818 defleuit
1456 790 1604 818 exem·

121 850 263 905 ptum.
324 848 504 891 Publice
532 850 684 891 tamen
714 847 942 891 confessus
972 850 1042 890 est
1076 846 1195 903 quod
1226 849 1271 888 et
1302 845 1416 889 Cato
1442 845 1605 888 uirtuti

123 917 219 961 eius
238 917 464 960 inuiderat
480 920 525 960 et
541 918 659 974 quod
679 918 775 974 ipse
791 916 976 961 Catonis
997 916 1165 974 gloriae
1185 915 1428 958 inuidebat.
1480 915 1605 968 Quae

64 1001 107 1026 10
123 1002 232 1031 uero
261 987 319 1030 ad
353 987 547 1046 gratiam
577 987 673 1030 sine
703 987 876 1030 inuidia
904 986 982 1029 uia
1008 985 1344 1043 expeditissima
1374 985 1435 1028 sit
1469 999 1606 1027 senex

123 1058 252 1102 docet
286 1058 334 1100 in
366 1057 550 1109 Andria,
583 1057 690 1100 dum
730 1057 875 1100 filium
915 1056 1122 1099 omnibus
1154 1055 1350 1112 obsequi,
1380 1055 1605 1098 neminem
1622 1060 1652 1099 b

122 1127 270 1171 ledere
309 1126 461 1170 refert.
520 1127 601 1170 Ait
641 1141 816 1184 quoque
856 1125 1106 1183 sequendae
1146 1124 1442 1168 beatitudinis
1477 1128 1606 1182 pater

122 1197 405 1255 Augustinus
441 1197 547 1254 quia
577 1197 756 1240 dentem
786 1196 996 1240 caninum
1026 1194 1099 1238 uel
1127 1195 1319 1238 euitabit
1349 1195 1608 1238 cautissima

124 1267 357 1310 humilitas
387 1267 461 1310 uel
495 1267 706 1310 retundet
741 1266 1009 1310 solidissima
1037 1266 1207 1309 ueritas
1219 1279 1230 1318 3
1267 1265 1356 1308 alia
1386 1265 1606 1322 siquidem

65 1349 107 1386 15
125 1337 296 1381 uirtute
326 1352 457 1381 nemo
488 1337 778 1381 detractionis
812 1336 1008 1380 declinat
1042 1335 1227 1386 aculeos,
1257 1335 1424 1378 liberae
1454 1339 1607 1378 tamen

122 1408 478 1466 reprehensionis
518 1407 735 1451 medelam
777 1422 886 1450 sana
932 1421 1058 1450 mens
1101 1406 1286 1449 minime
1328 1408 1607 1463 aspernatur,

123 1478 230 1523 licet
248 1479 346 1522 iure
365 1478 564 1522 conuitia
583 1478 832 1536 puniantur
852 1477 1101 1534 famosique
1120 1476 1273 1520 libelli.
1334 1476 1455 1520 Nam

241 1570 279 1614 si
309 1570 428 1613 mala
457 1570 707 1614 condiderit
735 1570 784 1612 in
814 1584 946 1627 quem
977 1569 1077 1627 quis
1107 1569 1318 1622 carmina,
1347 1569 1418 1613 ius
1449 1572 1518 1612 est

238 1629 540 1687 iudiciumque
557 1644 566 1682 ;

67 1740 110 1764 ιο
126 1723 173 1765 et
193 1721 407 1765 aduersus
433 1722 750 1765 conuitiatores
770 1721 943 1779 pridem
963 1720 1039 1764 lex
1059 1724 1128 1764 est
1147 1723 1340 1779 accepta,
1360 1721 1609 1779 chorusque

125 1791 181 1835 de
200 1791 355 1849 inepta
373 1791 556 1834 licentia
574 1791 956 1849 praesumentium
977 1792 1023 1833 et
1042 1791 1327 1834 abutentium

299 1872 495 1931 turpiter
523 1873 715 1917 obticuit
743 1872 921 1916 sublato
950 1872 1049 1916 iure
1078 1872 1279 1916 nocendi.

127 2000 236 2060 Cap.
259 2011 326 2058 25.
358 2001 424 2044 De
444 1999 668 2044 libertatis
688 2014 842 2044 amore
862 2003 901 2043 et
911 2001 1084 2057 fauore
1094 2018 1114 2051 ;
1145 2003 1184 2043 et
1206 1999 1260 2043 de
1275 1999 1347 2043 his
1366 1999 1452 2056 qui
1471 1998 1607 2043 libere
1625 2014 1652 2044 c

243 2071 368 2115 dicta
391 2070 598 2128 patienti
632 2070 794 2114 animo
825 2070 1023 2114 ‘maiores
1053 2070 1250 2114 tulerint
1265 2089 1284 2121 ;
1325 2074 1364 2113 et
1396 2069 1451 2113 de
1481 2069 1606 2127 diffe-

68 2170 111 2207 ,5
245 2141 399 2185 remia
418 2141 616 2185 ledoriae
636 2144 676 2184 et
694 2140 914 2184 scematis.

186 2234 391 2278 Libertas
423 2249 529 2292 ergo
560 2233 616 2277 de
651 2233 840 2291 singulis
871 2247 953 2290 pro
988 2233 1178 2276 arbitrio
1210 2232 1392 2283 iudicat,
1413 2235 1459 2275 et
1494 2246 1609 2288 quae

128 2304 249 2348 sanis
286 2304 413 2347 uidet
452 2304 651 2347 moribus
690 2303 884 2352 obuiam,
924 2303 1246 2360 reprehendere
1283 2317 1374 2346 non
1414 2305 1608 2345 ueretur.

130 2373 285 2418 Nichil
334 2377 485 2417 autem
535 2373 772 2431 gloriosius
816 2373 1025 2416 libertate
1070 2375 1250 2430 praeter
1297 2372 1528 2424 uirtutem,
1570 2371 1609 2414 si

130 2448 283 2488 tamen
332 2443 516 2487 libertas
568 2446 686 2487 recte
735 2458 763 2486 a
813 2443 985 2486 uirtute
1038 2442 1302 2500 seiungitur.
1389 2441 1610 2484 Omnibus

68 2529 114 2564 30
131 2515 250 2558 enim
284 2516 403 2557 recte
435 2512 712 2570 sapientibus
752 2512 895 2569 liquet
930 2512 1036 2569 quia
1067 2512 1251 2555 libertas
1283 2526 1391 2554 uera
1430 2511 1611 2554 aliunde

133 2636 177 2671 14
202 2625 380 2662 retondet
396 2623 437 2660 0¹
455 2636 465 2661 t
492 2622 674 2660 recondet
691 2620 830 2659 G²BAS
953 2631 997 2668 19
1016 2626 1100 2669 post
1115 2620 1375 2667 iudiciumque
1392 2622 1477 2658 add.
1494 2622 1551 2658 est
1567 2620 1609 2657 M

129 2675 175 2710 28
195 2678 281 2720 post
296 2674 425 2709 autem
441 2674 524 2708 add.
543 2673 600 2708 est
616 2670 651 2705 A

179 2781 198 2819 5
226 2773 349 2808 Iulius
368 2772 479 2807 Cesar
494 2772 587 2807 etc.:
607 2783 640 2807 v.
657 2768 743 2806 Val.
762 2767 864 2804 Max.
882 2781 914 2804 v.
936 2778 951 2805 1
975 2768 993 2815 ξ
1016 2779 1072 2805 ιο.
1208 2778 1246 2804 11
1275 2768 1446 2804 Andria:
1470 2780 1504 2803 v.
1522 2766 1608 2804 Ter.

129 2821 229 2856 And.
260 2819 286 2856 i.
317 2829 347 2856 1.
379 2829 423 2866 35
441 2830 544 2864 seqq.
763 2827 805 2862 13
830 2818 1082 2863 Anqustinus:
1119 2814 1228 2852 Nihil
1255 2815 1474 2852 huiusmodi
1506 2816 1609 2862 apud

130 2866 389 2915 Augustinum
415 2867 540 2904 adhuc
564 2864 735 2902 invenire
759 2863 881 2911 potui.
1046 2866 1086 2901 18
1114 2866 1147 2900 si
1171 2865 1272 2900 mala
1295 2865 1392 2901 etc.:
1418 2864 1509 2900 Hor.
1532 2865 1610 2901 Sat.

131 2916 173 2953 ii.
197 2927 226 2952 1.
246 2917 302 2959 82,
319 2917 377 2962 83.
538 2925 584 2951 22
610 2915 769 2960 turpiter
784 2914 878 2950 etc.:
905 2911 997 2950 Hor.
1014 2914 1061 2949 A.
1077 2913 1119 2948 P.
1138 2913 1219 2957 284.

185 2988 267 3008 wua
282 2987 303 3007 u
834 2974 860 3001 F
879 2961 902 3001 f
1437 2977 1501 3011 ²17
