1846 3262
127 217 227 250 cn.
243 204 304 267 11]
642 206 1083 252 POLICRATICVS
1625 215 1697 257 ⁷14
1715 206 1746 246 b

127 326 306 370 cohibet
337 327 474 371 etiam
505 343 665 371 manus
699 328 883 372 hostiles
922 331 968 372 et
997 343 1025 371 a
1055 327 1170 372 facie
1200 328 1432 371 hominum
1463 328 1609 386 operit

127 396 464 441 multitudinem
485 403 779 456 peccatorum.
840 399 928 453 Qui
951 414 1057 457 ergo
1076 399 1254 457 linguas
1275 399 1508 442 hominum
1528 402 1609 441 aut

126 471 313 525 captant
332 471 413 511 aut
438 472 659 520 metuunt,
680 469 918 512 effundunt
938 469 1208 527 patrimonia
1228 484 1321 521 sua,
1340 469 1532 512 mittunt
1559 469 1608 511 in

127 538 293 596 uulgus
326 539 525 590 missilia,
556 540 765 582 conuiuia
799 543 1030 590 extruunt,
1064 539 1239 597 pusillis
1278 543 1324 583 et
1364 539 1609 583 maioribus

88 621 109 656 5
128 607 384 660 adulantur,
403 613 449 653 et
475 610 686 667 plerique,
706 625 888 667 porcum
913 610 1064 667 potius
1088 612 1272 668 agentes
1298 625 1432 667 quam
1460 610 1606 653 homi-

126 692 243 729 nem,
281 679 653 722 comesationibus
693 683 740 723 et
773 680 1066 723 ebrietatibus
1101 680 1329 731 insistunt,
1365 679 1524 722 mimos
1564 683 1611 723 et

126 747 367 792 histriones
387 748 557 799 fouent,
578 750 872 807 nequissimas
892 753 1013 793 artes
1034 754 1336 798 remunerant,
1355 750 1609 793 admittunt

126 817 382 871 nebulones,
420 819 736 863 maledicorum
777 820 979 864 excitant
1018 820 1197 877 linguas
1237 820 1296 863 ad
1335 819 1608 877 implendam

127 889 412 946 procacitatis
431 904 536 932 suae
551 890 783 940 malitiam,
803 890 910 933 dum
939 890 1168 933 silentium
1197 905 1350 933 eorum
1378 893 1459 932 aut
1486 889 1608 932 uiru-

69 974 111 999 10
127 958 252 1002 lenta
270 959 481 1002 dicacitas
507 959 622 1003 male
649 961 808 1003 merito
834 960 1028 1003 donatur
1052 961 1261 1018 praemio.
1323 960 1442 1003 Sunt
1462 960 1541 1017 qui
1561 959 1608 1002 in

127 1028 199 1071 his
226 1029 473 1071 maximum
500 1033 547 1072 et
575 1045 680 1073 uere
704 1030 847 1073 solum
878 1030 1143 1073 diuitiarum
1170 1033 1384 1087 reputant
1407 1045 1551 1081 usum,
1570 1029 1609 1072 si

127 1098 429 1156 multiplicent
448 1099 559 1142 ollas
586 1100 800 1151 carnium,
820 1100 1222 1144 conuiscerationes
1243 1103 1480 1143 exerceant
1500 1100 1608 1143 coti·
1627 1117 1653 1147 c

127 1168 296 1219 dianas,
335 1168 374 1211 si
414 1184 495 1212 nec
534 1169 714 1212 modum
755 1171 953 1213 conuiuii
994 1185 1075 1213 nec
1118 1185 1356 1213 numerum
1400 1169 1611 1213 nouerint

126 1238 419 1283 conuiuarum
446 1254 527 1282 nec
553 1239 750 1296 aliquam
772 1239 969 1283 habeant
995 1240 1215 1297 regendae
1245 1239 1444 1282 familiae
1472 1239 1610 1282 ratio-

68 1322 110 1357 τε
127 1323 246 1353 nem.
303 1309 449 1362 Quam
470 1309 508 1352 si
529 1309 647 1352 forte
668 1310 836 1354 uideris
856 1310 1127 1363 conuenisse,
1147 1309 1296 1353 forum
1317 1313 1610 1352 conuocatum

127 1379 291 1431 credes,
328 1393 419 1422 non
465 1379 783 1436 prandentium
830 1383 912 1423 aut
958 1380 1216 1424 cenantium
1259 1379 1452 1422 turbam.
1511 1379 1610 1422 Hoc

126 1452 280 1492 tamen
308 1449 429 1506 apud
460 1450 717 1501 ditissimos,
746 1451 852 1494 licet
879 1454 925 1494 et
954 1465 1115 1493 manus
1144 1449 1336 1493 inferior
1364 1450 1415 1492 in
1445 1454 1497 1492 eo
1528 1463 1610 1506 pro

126 1519 308 1563 modulo
346 1534 428 1563 suo
466 1521 826 1578 praepotentium
866 1521 1060 1579 uestigia
1098 1521 1316 1563 imitetur.
1394 1519 1610 1576 Quisquis

0 1625 6 1631 f
128 1590 248 1633 enim
283 1589 430 1633 famae
465 1591 632 1647 petitor
666 1594 746 1642 est,
785 1591 904 1634 uires
940 1606 1044 1634 suas
1079 1590 1267 1641 excedit,
1300 1594 1347 1633 et
1378 1604 1469 1633 non
1502 1589 1611 1646 quid

0 1659 2 1700 ἰ
67 1676 112 1701 ao
129 1660 270 1718 possit
308 1660 387 1703 sed
427 1660 536 1717 quid
573 1661 674 1704 aliis
718 1661 894 1719 placeat
932 1661 1142 1711 attendit,
1182 1663 1229 1704 et
1268 1659 1382 1703 illud
1422 1659 1611 1703 festinat

128 1730 324 1788 implere.
396 1730 486 1773 Sed
525 1734 621 1774 esto
660 1735 715 1774 ut
753 1731 811 1774 ad
850 1731 1019 1774 famam
1059 1731 1211 1789 potius
1246 1745 1380 1788 quam
1416 1730 1475 1772 ad
1508 1744 1610 1773 con-

126 1801 358 1844 scientiam
398 1801 499 1858 quis
537 1801 855 1845 liberalitatem
894 1806 1111 1854 exerceat,
1147 1801 1253 1858 quia
1292 1800 1407 1843 nulli
1447 1800 1610 1843 uirtuti

127 1871 454 1929 praecludenda
468 1874 538 1914 est
557 1871 645 1923 uia,
664 1872 824 1915 mimos
844 1875 996 1915 tamen
1016 1875 1063 1915 et
1082 1871 1379 1929 professiones
1399 1870 1611 1914 obscenas

128 1941 283 1985 fouere
309 1941 535 1985 beneficiis
562 1942 770 1985 illicitum
801 1945 870 1985 est
899 1945 945 1985 et
975 1941 1157 1984 infame.
1218 1940 1377 1984 Refert
1402 1940 1610 1983 Valerius

66 2027 112 2063 ²5
129 2011 249 2070 quod
268 2011 430 2055 ciuitas
445 2011 790 2055 Massiliensium
805 2015 960 2055 tantae
975 2011 1216 2070 grauitatis
1235 2014 1384 2054 custos
1404 2010 1608 2054 extiterit
1623 2017 1653 2058 d

127 2084 182 2125 ut
201 2081 375 2124 nullum
396 2082 570 2125 aditum
590 2082 739 2125 mimis
759 2082 889 2125 daret
907 2082 956 2124 in
976 2096 1108 2124 scena
1133 2095 1322 2138 quorum
1343 2083 1610 2138 argumenta

127 2151 295 2194 maiore
335 2166 393 2194 ex
432 2155 560 2208 parte
600 2155 859 2209 stuprorum
898 2151 1180 2195 continerent
1220 2153 1359 2200 actus,
1398 2165 1455 2192 ne
1499 2150 1611 2193 talia

126 2221 359 2279 spectandi
399 2221 673 2264 consuetudo
718 2221 856 2264 etiam
901 2221 1111 2263 imitandi
1158 2220 1385 2263 licentiam
1430 2219 1610 2264 faceret.

128 2290 363 2348 Numquid
403 2305 508 2348 ergo
548 2291 785 2334 honestum
820 2293 890 2334 est
920 2291 1021 2333 illos
1052 2305 1080 2333 a
1116 2288 1404 2341 Christianis,
1438 2289 1529 2333 imo
1563 2294 1611 2333 et

66 2375 112 2410 30
127 2360 309 2411 clericis,
340 2360 488 2403 audiri
520 2361 569 2403 in
599 2375 708 2404 cena
743 2360 821 2418 qui
857 2375 939 2404 nec
968 2375 997 2403 a
1030 2359 1276 2417 gentilibus
1310 2358 1611 2402 audiebantur

126 2430 176 2473 in
215 2431 375 2473 scena?
434 2430 743 2474 Lacedemonii
778 2430 915 2473 libros
947 2429 1204 2472 Archilochi
1244 2444 1268 2471 e
1303 2429 1489 2471 ciuitate
1528 2444 1611 2472 sua

127 2500 356 2558 exportari
394 2500 633 2552 iusserunt,
667 2500 787 2557 quod
826 2515 979 2543 eorum
1018 2514 1177 2557 parum
1217 2499 1515 2542 uerecundam
1555 2515 1610 2544 ac

125 2629 151 2663 4
175 2619 377 2655 exstruunt
395 2617 435 2653 Μ
617 2618 641 2654 6
666 2614 1044 2652 commessationibus
1060 2614 1148 2650 BA:
1174 2613 1535 2652 commesationibus
1552 2615 1608 2653 CS

125 2667 175 2703 26
201 2677 296 2703 cena
312 2664 479 2701 c²BA¹M
623 2666 669 2701 28
693 2663 903 2700 inmitandi
920 2663 945 2700 S
1088 2673 1131 2709 31
1160 2674 1256 2699 cena.
1271 2662 1442 2699 C²BA¹M

179 2776 209 2809 1,
228 2775 250 2801 2
276 2767 393 2811 operit
415 2766 686 2801 multitudinem
711 2768 965 2810 peccatorum:
1002 2772 1017 2799 1
1046 2761 1146 2799 Petr.
1164 2761 1214 2797 iv.
1233 2762 1267 2798 8.
1458 2771 1502 2798 12
1526 2775 1608 2800 cem-

126 2815 404 2850 viscerationes:
430 2826 464 2850 v.
482 2813 587 2849 infra
601 2811 651 2848 ad
667 2823 699 2848 c.
717 2821 739 2857 7
758 2811 793 2858 (7
798 2821 843 2856 32
854 2810 913 2856 A).
1105 2820 1151 2855 24
1178 2810 1303 2854 Refert
1323 2810 1495 2846 Valerius
1509 2813 1583 2849 etc.
1599 2826 1609 2848 ι

125 2874 160 2898 v.
177 2861 260 2898 Val.
274 2861 374 2898 Max.
384 2860 425 2897 ii.
436 2862 460 2898 6
477 2860 496 2908 §
517 2870 550 2906 7.
695 2869 738 2906 31
766 2859 1023 2895 Lacedemonii
1037 2859 1134 2895 etc.:
1160 2857 1243 2894 VaL
1259 2856 1363 2893 Max.
1380 2855 1431 2894 vi.
1442 2867 1465 2903 3
1483 2862 1559 2896 ext.
1575 2869 1606 2897 1.

183 2944 300 2969 wmn
826 2932 859 2959 11
878 2919 909 2959 h
1432 2932 1498 2965 ²³3
