1846 3262
109 229 210 264 ou.
225 216 322 280 xn]
645 217 1093 265 POLICRATIGVS

168 343 364 387 Militem
391 357 499 401 ergo
527 342 577 386 in
607 344 817 387 omnibus
847 343 919 387 his
946 358 1062 401 quae
1092 342 1151 386 ad
1180 345 1353 386 statum
1382 341 1613 400 publicum

108 414 342 473 pertinent
369 414 510 458 nichil
537 415 722 458 omnino
742 417 966 473 temptare
986 415 1092 459 licet
1111 414 1200 458 nisi
1228 413 1357 457 ducis
1382 414 1509 456 iussu
1539 412 1614 456 uel

108 485 294 530 licentia
323 485 444 543 quod
475 485 571 544 ipse
602 485 860 529 faciendum
891 485 1142 530 decreuerit
1174 485 1422 529 roboretur.
1483 483 1615 527 Vnde

80 615 82 618 .
110 556 161 600 hi
199 556 478 615 plerumque,
513 557 591 614 qui
632 557 798 600 ducum
843 559 1102 615 contempto
1136 556 1210 600 uel
1246 571 1337 599 non
1378 558 1616 613 expectato

70 619 301 686 {imperio
335 627 676 686 congredientes
715 642 817 671 cum
859 628 989 671 hoste
1029 627 1094 671 rei
1135 627 1341 686 publicae
1375 626 1616 671 uictoriam

108 698 414 750 contulerunt,
428 712 561 756 saepe
575 713 667 742 non
682 701 779 742 tam
798 698 990 757 gloriam
1006 698 1199 742 assecuti
1220 701 1329 742 sunt
1348 698 1405 741 de
1424 697 1615 741 uictoria

110 783 248 827 quam
288 769 344 812 de
384 769 641 812 temeritate
682 769 756 812 uel
796 769 1076 828 negligentia
1114 784 1290 828 penam.
1351 769 1473 823 Quid
1508 783 1616 826 ergo

110 839 360 890 merebitur
390 839 632 898 transfuga
664 839 932 883 stationisue
967 840 1180 893 desertor,
1216 840 1255 884 si
1291 855 1349 883 ex
1378 839 1618 898 disciplina

110 910 301 954 militari
331 913 464 954 tanta
492 910 737 954 seueritate
768 910 1014 968 corripitur
1042 911 1381 968 triumphator?

51 997 96 1023 10
170 981 230 1026 In
260 981 719 1040 Strategemmatibus
749 981 858 1024 Iulii
889 981 1125 1024 inuenitur
1155 981 1391 1026 Clearcum
1425 981 1617 1025 Lacede-

110 1052 366 1096 moniorum
412 1051 572 1095 ducem
619 1051 788 1095 dixisse
835 1052 1154 1109 imperatorem
1198 1052 1417 1095 exercitui
1464 1052 1617 1109 potius

110 1122 364 1167 timendum
385 1137 481 1166 esse
500 1137 636 1180 quam
653 1123 840 1173 hostem,
857 1137 909 1165 eo
930 1122 1050 1180 quod
1070 1122 1149 1180 qui
1170 1123 1219 1165 in
1239 1123 1410 1180 praelio
1430 1122 1616 1165 dubiam

109 1196 303 1238 mortem
342 1194 604 1245 timuerant,
640 1208 715 1237 eos
755 1193 951 1237 statione
991 1193 1149 1237 relicta
1188 1197 1362 1236 certum
1403 1193 1618 1236 manebat

111 1265 395 1323 supplicium.
467 1264 633 1308 Lucius
674 1264 876 1322 Papilius
916 1263 1086 1308 Cursor
1126 1264 1317 1307 Fabium
1358 1263 1617 1343 Ruptilium

51 1349 95 1386 1⁵
112 1336 382 1395 magistrum
417 1336 635 1394 equitum,
667 1335 787 1416 quod
819 1335 1038 1379 aduersus
1072 1335 1245 1379 dictum
1278 1335 1376 1379 eius
1408 1334 1618 1393 quamuis

111 1421 324 1466 prospere
342 1411 640 1466 pugnauerat,
661 1407 806 1465 uirgis
829 1406 1034 1465 poposcit
1058 1421 1238 1450 caesum
1265 1406 1410 1450 securi
1437 1420 1617 1464 percus-

110 1492 269 1532 surus3
323 1493 406 1522 1166
453 1477 732 1522 contentioni
777 1482 859 1521 aut
899 1477 1107 1536 precibus
1151 1477 1351 1520 militum
1398 1477 1619 1521 concessit

19 1548 24 1563 ¹
112 1549 562 1602 animaduersionem,
579 1564 771 1607 eumque
791 1548 1127 1607 profugientem
1144 1548 1334 1591 Romam
1354 1551 1616 1606 persecutus

114 1623 208 1675 est;
237 1635 295 1664 ne
325 1620 390 1664 ibi
420 1620 601 1679 quidem
630 1620 818 1664 remisso
846 1620 975 1678 prius
1004 1620 1214 1678 supplicii
1241 1623 1367 1663 metu
1395 1634 1532 1677 quam
1559 1619 1619 1663 ad

52 1709 99 1748 ²⁹
114 1706 267 1751 genua
298 1691 395 1736 eius
427 1695 475 1735 et
505 1691 674 1735 Fabius
703 1706 806 1735 cum
836 1694 967 1750 patre
997 1691 1343 1749 prouolueretur
1372 1694 1419 1735 et
1449 1692 1622 1749 pariter

114 1765 300 1806 senatus
319 1776 371 1806 ac
390 1762 586 1820 populus
606 1765 832 1821 rogarent.
895 1761 955 1805 Et
975 1777 1032 1805 116
1053 1777 1156 1806 611111
1181 1762 1337 1806 credas
1357 1763 1441 1807 hoc
1462 1761 1622 1806 fecisse

114 1847 173 1876 ex
191 1832 296 1876 odio
315 1832 614 1890 praecedenti,
627 1832 822 1883 Mallius,
838 1832 911 1876 6111
932 1831 1182 1890 Imperioso
1196 1836 1353 1891 postea
1373 1848 1621 1892 cognomen

115 1902 220 1955 fuit,
233 1903 393 1960 filium,
406 1903 527 1961 quod
547 1903 587 1947 is
606 1906 765 1948 contra
785 1903 983 1947 edictum
1004 1903 1150 1961 patris
1171 1919 1273 1948 cum
1294 1904 1423 1948 hoste
1444 1919 1620 1963 pugna-

115 1977 260 2027 uerat,
271 1974 481 2033 quamuis
492 1975 712 2019 uictorem
727 1974 777 2017 in
792 1978 1034 2032 conspectu
1047 1975 1272 2018 exercitus
1284 1975 1428 2033 uirgis
1442 1990 1623 2019 caesum

55 2061 98 2096 ²5
116 2045 262 2090 securi
289 2045 525 2104 percussit.
589 2045 699 2089 Fuit
727 2048 882 2089 autem
910 2045 1149 2103 disciplina
1178 2045 1391 2089 militaris
1414 2046 1533 2090 sicut
1555 2045 1622 2089 rei

114 2116 323 2175 publicae
342 2116 605 2167 necessaria,
621 2116 688 2160 ita
709 2119 756 2160 et
776 2116 986 2160 omnibus
1006 2116 1218 2175 gratiosa,
1238 2116 1350 2160 adeo
1371 2117 1552 2174 quidem
1568 2119 1623 2159 ut

115 2187 301 2231 Mallius
329 2187 451 2231 filius
480 2202 564 2245 pro
594 2202 642 2231 se
671 2187 890 2231 aduersus
916 2190 1093 2245 patrem
1122 2187 1324 2231 exercitu
1354 2188 1622 2231 seditionem

114 2261 308 2317 parante
341 2258 582 2316 negauerit
614 2258 731 2301 tanti
763 2273 858 2302 esse
890 2273 1161 2316 quemquam
1191 2261 1246 2301 ut
1274 2261 1461 2315 propter
1491 2258 1622 2301 illum

115 2332 481 2387 corrumperetur
519 2329 760 2387 disciplina
799 2328 991 2372 militiae
1031 2332 1078 2372 et
1124 2328 1326 2386 optinuit
1372 2330 1426 2371 ut
1471 2328 1623 2386 ipsum

55 2414 99 2450 30
115 2399 272 2459 puniri
291 2402 570 2458 paterentur.
622 2399 769 2458 Apius
790 2398 1011 2444 Claudius
1032 2414 1090 2442 ex
1110 2399 1167 2442 iis
1183 2399 1263 2456 qui
1281 2399 1377 2442 loco
1397 2402 1624 2442 cesserant

120 2532 167 2559 10
191 2520 533 2569 strategematibus
549 2520 591 2556 M
741 2530 785 2565 14
809 2519 1017 2566 suplicium
1035 2519 1061 2556 S
1221 2530 1265 2567 19
1291 2519 1465 2558 remissio
1482 2519 1627 2557 c¹B¹A¹

117 2580 167 2618 29
190 2569 364 2608 obtinuit
380 2568 443 2605 CB
590 2579 638 2615 30
661 2568 738 2605 hiis
754 2568 810 2604 A:
834 2567 897 2605 his
914 2568 956 2605 M

170 2691 218 2718 ιο
238 2682 361 2718 Iulii:
388 2693 439 2717 sc.
458 2679 648 2737 Frontini.
819 2680 1010 2735 Qlearcum
1028 2681 1102 2733 etc.
1119 2690 1129 2715 ε
1156 2691 1190 2715 v.
1208 2678 1381 2716 Frontin.
1400 2681 1516 2738 Str-at.
1531 2679 1580 2738 iv.
1602 2689 1619 2718 1

119 2729 225 2815 {22⁷4
247 2778 339 2813 R...
335 2778 373 2812 -ι-
365 2739 418 2813 {22
438 2727 1300 2845 ῗέΐῖιῑιῖῗξ’,ἷοῇἶῗῖᾱεῗὲῗξῑὲῂὶιῗβέω
1316 2729 1623 2814 11ηέιὲἴῶῗῖἒέ

118 2837 314 2881 agnomen
331 2825 421 2862 fuit.
494 2835 540 2862 22
556 2827 671 2862 Malli
656 2837 717 2861 ms
730 2827 826 2862 etc.:
853 2824 883 2860 F
886 2824 1027 2862 rontin.
1045 2826 1160 2861 Strat.
1177 2836 1225 2861 ιν.
1247 2834 1263 2861 1
1282 2823 1373 2871 §4o.
1441 2826 1621 2862 Mallius:

119 2873 253 2924 potius
269 2875 450 2910 Manlius.
591 2883 636 2919 27
662 2875 820 2909 Mallius
834 2874 904 2919 fili
903 2886 949 2909 us
964 2875 1061 2910 etc.:
1089 2872 1264 2911 Frontin.
1280 2875 1395 2910 strat.
1414 2872 1463 2911 iv.
1487 2884 1503 2911 1
1526 2873 1544 2920 ξ
1563 2884 1624 2919 41.

120 2934 171 2973 30
194 2924 319 2970 Apias
334 2924 436 2960 6161
462 2921 636 2959 Frontin.
655 2923 769 2959 Str-at.
786 2921 836 2959 iv.
859 2932 874 2958 1
897 2920 915 2970 ξ
936 2932 995 2968 34.

178 2994 300 3016 'mn
858 2984 886 3012 F
1469 2986 1511 3020 33

1628 217 1723 258 606
1745 218 1775 256 b

1633 708 1659 738 C

1632 1548 1663 1589 d
