1846 3262
119 201 193 243 731
212 191 242 232 d
577 190 842 237 IOANNIS
884 191 1407 238 SARESBERIENSIS
1529 191 1638 254 [mn.
1652 205 1747 238 VIII

256 313 567 367 existimatur3
596 328 756 357 uerum
777 317 936 372 sponte
956 314 1127 358 irruere
1147 314 1196 358 in
1216 315 1475 359 conuiuium
1500 316 1601 360 aliis
1621 331 1748 374 prae-

255 388 465 442 paratum
478 399 558 428 nec
573 384 770 428 Homero
786 385 882 428 sine
898 388 1007 428 nota
1022 385 1095 428 uel
1117 385 1165 428 in
1187 385 1330 429 fratre
1350 390 1647 430 memoratum
1668 390 1746 431 est.

256 454 468 498 Ceterum
489 454 609 512 leges
630 455 733 498 illae
753 455 1014 512 ualuipatae
1038 470 1117 499 seu
1144 455 1439 514 ualuifragae,
1459 455 1565 500 licet
1589 456 1748 500 Portu-

255 525 381 567 niani
401 524 567 567 iudicio
581 524 778 581 optimae
794 524 978 576 fuerint,
994 524 1296 569 obstinatione
1312 528 1465 569 tamen
1480 525 1687 570 luxuriae
1703 528 1749 570 et

107 611 188 652 732
207 612 239 641 a
255 595 471 638 uitiorum
485 594 656 638 inuicta
667 595 1033 639 concordianullo
1046 596 1291 654 abrogante
1305 596 1460 639 irritae
1470 595 1618 640 factae
1630 599 1750 642 sunt.
1768 613 1787 646 5

255 665 586 716 Antonius,etsi
599 666 713 708 nulli
727 666 1034 724 sumptuariae
1048 666 1136 724 legi
1149 666 1364 724 paruerit,
1370 666 1514 724 legem
1527 669 1681 710 tamen
1693 667 1749 711 de

254 735 514 779 cohibendis
545 736 801 793 sumptibus
834 736 954 789 tulit,
989 736 1122 779 homo
1158 736 1340 794 quidem
1373 737 1638 781 temerarius
1671 737 1750 781 sed

255 821 394 848 manu
424 805 653 849 inualidus
689 809 735 849 et
765 806 972 850 luxuriae
1004 806 1185 850 deditus
1216 822 1550 865 usquequaque.
1616 808 1749 852 Sum-

255 879 506 934 ptuumque
528 876 690 920 merito
712 877 879 934 Magno
900 877 1111 934 Pompeio
1132 878 1344 921 suecessit
1365 893 1423 921 ex
1443 878 1621 922 decreto
1646 878 1749 922 Gaii

256 946 445 998 Cesaris,
471 946 526 989 de
556 961 645 1004 quo
674 946 1004 1005 triumphatore
1031 947 1152 991 orbis
1178 947 1282 991 uilis
1311 948 1520 992 adulator
1543 951 1590 992 ct
1616 948 1750 993 homo
1770 963 1813 988 10

255 1018 384 1061 uitiis
399 1017 606 1061 sordidus
621 1017 926 1074 triumphauit
941 1031 951 1071 ;
981 1021 1140 1075 captus
1157 1021 1226 1062 est
1241 1021 1394 1062 tamen
1410 1017 1549 1063 Cesar
1563 1018 1751 1063 uirtutis

256 1088 465 1146 imagine,
487 1103 538 1131 eo
559 1087 678 1145 quod
699 1088 956 1145 profusione
978 1089 1192 1146 pecuniae
1219 1092 1266 1133 et
1293 1089 1751 1133 conuiseerationibus

257 1161 304 1202 et
338 1158 565 1201 latronum
601 1161 647 1201 et
679 1157 950 1201 histrionum
984 1159 1157 1216 stipatu
1193 1159 1459 1217 magnificus
1499 1159 1752 1218 uulgariter

257 1228 508 1272 uidebatur.
571 1227 691 1286 Ergo
711 1228 823 1271 bene
843 1227 998 1286 agitur
1021 1243 1122 1272 cum
1150 1229 1429 1287 principibus
1458 1229 1751 1287 popularibus

258 1299 336 1357 qui
362 1314 419 1342 ex
443 1299 708 1342 necessitate
728 1302 952 1356 eoguntur
979 1298 1037 1342 ad
1064 1299 1315 1343 custodiam
1344 1299 1492 1343 famae
1519 1300 1751 1344 uilissimis
1771 1313 1811 1348 15

257 1369 556 1413 nebulonibus
582 1369 783 1421 adulari3
814 1384 918 1412 nam
951 1369 1000 1411 in
1030 1384 1078 1412 re
1103 1369 1282 1427 publica
1309 1384 1439 1413 nemo
1467 1370 1751 1414 tirannorum

260 1437 423 1482 Cesare
447 1436 591 1494 magis
618 1436 803 1480 accessit
823 1436 881 1479 ad
902 1436 1174 1494 principem3
1205 1437 1310 1481 licet
1337 1437 1456 1481 enim
1485 1453 1579 1481 rem
1604 1438 1751 1496 publi·

211 1516 242 1556 b
261 1522 359 1551 cam
379 1507 682 1565 oppressisset,
704 1507 897 1565 populus
918 1510 1070 1550 tamen
1093 1507 1321 1550 Romanus
1342 1507 1494 1551 omnia
1521 1523 1635 1565 quae
1655 1508 1751 1566 ipse

260 1578 522 1622 decreuerat
561 1577 843 1636 approbauit,
874 1576 993 1622 forte
1021 1577 1195 1621 ueritus
1222 1577 1488 1621 seditionem
1524 1581 1570 1622 et
1603 1578 1752 1623 ciuilis

260 1649 366 1692 belli
406 1648 633 1693 residuam
673 1648 936 1706 passionem.
998 1647 1163 1705 Opinio
1204 1651 1356 1691 tamen
1396 1649 1653 1706 praeualuit
1685 1652 1751 1701 ut,
1770 1667 1813 1693 πο

259 1719 367 1777 quia
405 1734 581 1762 summa
620 1718 805 1770 uirtute,
840 1718 888 1761 id
928 1720 996 1761 est
1035 1718 1284 1769 clementia,
1315 1718 1548 1776 praeditus
1587 1718 1752 1772 fuerat,

258 1792 433 1833 statuta
473 1790 570 1833 eius
604 1789 732 1847 quasi
768 1804 827 1832 ex
861 1788 1061 1831 maxima
1096 1791 1225 1846 parte
1260 1789 1525 1847 benigniora
1558 1789 1752 1847 populus

259 1860 541 1918 approbaret.
603 1859 733 1903 Vnde
753 1859 802 1902 in
822 1859 955 1902 laude
986 1859 1082 1903 eius
1105 1858 1259 1903 Cicero
1284 1859 1376 1903 ait:
1408 1859 1548 1904 Nulla
1578 1859 1634 1904 de
1658 1860 1752 1904 uir-

258 1931 436 1974 tutibus
466 1930 558 1974 tuis
586 1944 667 1973 nec
694 1929 1002 1973 admirabilior
1029 1944 1111 1973 nec
1137 1929 1312 1987 gratior
1341 1929 1645 1974 misericordia
1668 1933 1750 1975 est.

260 1997 708 2061 W
716 2012 738 2048 8
763 2014 957 2049 sumtuum
977 2010 1039 2047 CB
1147 2022 1170 2059 9
1195 2023 1337 2059 magno
1356 2011 1494 2068 merito
1510 2011 1604 2049 0¹3¹
1706 2022 1749 2051 12
1813 2026 1820 2033 ’

258 2061 445 2155 ἴηῑὲἓῗὲἶῆ
460 2061 665 2156 {amalfi
684 2060 930 2108 hystrionum
951 2059 991 2095 M
1181 2061 1224 2098 18
1250 2062 1474 2107 opressisset
1492 2060 1516 2097 S
1704 2071 1750 2099 22

309 2192 330 2218 2
355 2183 512 2217 Homero
532 2194 539 2217 :
565 2193 600 2218 v.
618 2181 665 2217 Π.
685 2179 727 2218 ii.
746 2180 826 2225 408,
847 2178 943 2215 Plat.
962 2180 1086 2226 Symp.
1107 2188 1222 2225 1740.
1399 2190 1421 2226 3
1447 2180 1665 2226 ualuipatae
1687 2191 1752 2216 seu

260 2231 518 2276 ualuifrayae:
558 2228 657 2273 Quid
683 2228 902 2275 significent
927 2227 1112 2264 vocabula
1138 2226 1224 2272 ista,
1252 2239 1350 2274 quae
1383 2239 1454 2265 nec
1479 2230 1621 2265 norunt
1645 2227 1752 2265 Lexi-

260 2277 446 2324 cographi
470 2289 541 2315 nec
568 2276 725 2314 exhibet
749 2276 856 2313 locus
881 2275 1068 2312 Macrobii
1093 2287 1207 2322 quem
1225 2276 1322 2313 citat
1350 2275 1514 2313 Ioannes
1538 2277 1677 2320 noster,
1703 2287 1751 2313 ex

259 2325 579 2372 praecedentibus
604 2325 763 2372 planum
794 2326 875 2361 est:
914 2325 1007 2371 leyes
1039 2326 1137 2360 enim
1169 2325 1385 2371 ualuipatae
1416 2336 1480 2360 seu
1511 2326 1752 2370 ualuifrayae

260 2376 352 2411 sunt
376 2385 474 2420 quae
498 2373 642 2414 ualuas,
674 2372 715 2409 id
742 2375 798 2410 est
821 2372 965 2416 ianuas,
994 2371 1239 2419 patefaciunt
1272 2374 1311 2409 et
1344 2372 1540 2419 frangunt,
1557 2374 1602 2409 ut
1630 2371 1752 2418 priva·

259 2424 391 2459 torum
408 2421 612 2458 hominum
628 2420 820 2458 luxuriam
837 2420 1053 2458 cohibeant.
1181 2431 1205 2466 4
1229 2421 1388 2466 optimae
1404 2422 1478 2457 etc.
1494 2433 1503 2457 ε
1528 2433 1560 2458 v.
1579 2419 1748 2457 Macrob-

259 2472 337 2507 Sat.
355 2469 412 2508 iii.
435 2479 475 2515 17
496 2469 514 2517 ξ
539 2481 594 2516 13.
803 2469 827 2504 6
852 2469 1040 2505 Antonius
1056 2470 1154 2505 etc.:
1180 2480 1213 2504 v.
1233 2468 1399 2505 Macrob.
1418 2470 1494 2505 Sat.
1511 2467 1567 2504 iii.
1590 2477 1632 2514 17
1652 2467 1670 2515 ξ
1694 2477 1748 2513 14.

262 2527 284 2564 7
310 2520 414 2556 homo
430 2519 576 2565 quidem
590 2519 684 2555 etc.:
710 2516 816 2554 Haec
829 2517 876 2554 de
890 2516 1061 2553 Antonio
1079 2518 1119 2553 et
1138 2515 1237 2553 Iulio
1255 2516 1427 2562 Caesare,
1438 2528 1536 2563 quae
1553 2527 1625 2553 nec
1643 2515 1750 2563 apud

263 2566 502 2604 Macrobium
536 2565 722 2613 leguntur
751 2576 821 2602 nec
846 2564 935 2602 stilo
970 2563 1217 2601 Macrobiano
1250 2565 1397 2612 scripta
1429 2563 1526 2601 mihi
1557 2563 1750 2607 videntur,

260 2615 363 2652 unde
396 2614 648 2660 desumpserit
682 2613 858 2656 Ioannem
887 2613 1012 2649 adhue
1042 2612 1185 2649 nescio.
1285 2622 1328 2648 12
1358 2613 1748 2649 conuiscerationibue:

261 2662 499 2700 Vocabulum
513 2661 626 2706 istud,
641 2662 742 2708 quod
758 2673 837 2698 non
853 2661 969 2698 refert
982 2660 1070 2698 Lex.
1083 2660 1202 2697 Fore:
1208 2660 1253 2697 de
1263 2660 1355 2704 vit„
1366 2673 1434 2707 pro
1448 2661 1751 2697 uisceratiomlme

262 2710 424 2757 ponitur
440 2724 449 2754 ;
475 2710 524 2747 cf.
543 2710 620 2748 Cic.
639 2712 684 2747 de
703 2712 769 2755 Off.
789 2708 828 2746 ii.
852 2711 895 2746 16
914 2708 932 2756 ξ
954 2718 995 2756 55
1012 2710 1159 2756 prodiqi
1175 2711 1240 2755 qui
1262 2710 1380 2756 epulis
1396 2714 1429 2745 et
1445 2708 1751 2745 uiscerationibus

263 2764 296 2794 et
318 2761 566 2804 aladiatorum
590 2760 812 2800 munemhua
838 2758 1010 2794 ludorum
1033 2758 1339 2812 uenationumque
1363 2762 1551 2804 apparatu
1573 2758 1751 2810 pecuniae

262 2808 510 2853 profundunt.
636 2815 679 2852 17
705 2808 755 2842 ad
766 2806 975 2852 principem
994 2818 1001 2841 :
1028 2804 1085 2842 De
1102 2804 1321 2842 differentia
1336 2803 1524 2851 principis
1536 2805 1576 2842 et
1592 2805 1750 2850 tyranm

263 2866 300 2890 v.
319 2866 433 2900 supra.
450 2854 499 2890 iv.
520 2865 551 2891 1.
697 2864 741 2901 23
766 2855 867 2891 Vnde
878 2856 919 2890 in
929 2855 1039 2890 laude
1050 2855 1146 2891 etc.:
1165 2864 1198 2890 v.
1209 2853 1305 2901 Aug.
1319 2855 1362 2890 de
1377 2854 1415 2890 G.
1428 2854 1476 2889 D.
1488 2852 1540 2889 ix.
1556 2861 1575 2899 5
1596 2853 1658 2900 (ex
1666 2849 1748 2888 Cic.

260 2914 332 2948 pro
338 2904 421 2990 1ιίσέ
434 2913 476 2939 12
490 2901 508 2950 ἕ
521 2901 596 2950 37)·

379 2967 396 2991 2
424 2970 445 3002 4
