1846 3262
87 209 172 261 805
191 210 220 250 b
465 203 468 207 ’
553 208 818 254 IOANNIS
859 208 1379 254 SARESBERIENSIS
1500 207 1614 271 [ΜΒ.
1628 221 1721 254 vm

236 332 425 389 trophea
456 330 701 374 referentes
730 331 847 375 circa
875 331 1066 374 fluuium
1096 331 1303 381 Thirem;
1333 331 1493 376 horum
1523 348 1605 392 ego
1626 333 1722 377 dux

237 416 312 445 ero
347 402 633 459 belligerator
667 401 800 445 Mars.
861 401 1074 459 Quisquis
1114 417 1220 460 ergo
1253 402 1455 446 Phicium
1490 403 1721 447 Musarum

236 471 483 529 principem
530 473 577 514 et
615 471 846 514 dominum
886 472 1074 516 rationis
1113 473 1266 527 credit,
1306 473 1401 516 uim
1441 476 1487 517 et
1525 477 1722 518 mentem

236 541 447 585 carminis
474 541 608 584 huius
638 541 972 599 interpretetur.
1034 542 1133 596 Quo
1157 543 1293 587 miser
1318 543 1557 597 animatus,
1579 543 1722 587 omni-

236 611 414 654 modam
455 611 541 654 sibi
582 611 818 654 uictoriam
866 612 1105 665 somnians,
1150 613 1287 657 etiam
1334 613 1527 657 Galileos
1576 613 1722 657 delere
1741 630 1761 665 5

236 681 546 739 praeparabat.
606 681 648 724 A
668 681 875 739 plurimis
894 685 1061 735 tamen,
1081 685 1135 726 ut
1160 683 1372 742 oportuit,
1392 683 1497 727 uilis
1516 686 1724 742 apostata

236 754 519 808 contemptus
540 753 622 797 est.
679 751 735 795 In
756 751 998 795 Antiochia
1017 767 1210 811 namque
1230 753 1303 796 uir
1323 753 1506 810 quidam
1525 754 1722 812 optimus

235 821 493 879 pedagogus
506 821 853 866 adolescentium
866 822 1114 874 habitabat,
1127 826 1311 881 eratque
1324 824 1387 867 ibi
1399 823 1724 868 famosissimus

236 891 439 948 sophista
470 891 698 945 Libanius,
731 895 972 950 expectans
1002 893 1240 937 uictoriam
1269 894 1436 937 Iuliani
1466 894 1722 951 habensque

236 976 344 1019 prae
384 961 523 1005 oculis
558 962 703 1005 minas
738 962 844 1007 eius.
904 963 986 1007 Ait
1018 979 1124 1022 ergo
1154 979 1309 1008 ueram
1344 964 1586 1008 deridendo
1619 965 1722 1008 reli·
1744 979 1785 1004 10

237 1032 438 1090 gionem:
471 1032 604 1075 Nunc
626 1032 745 1075 fabri
767 1033 908 1077 Filius
929 1034 1038 1092 quid
1057 1037 1192 1092 putas
1212 1035 1339 1092 agissz
1387 1035 1451 1078 At
1466 1035 1723 1094 pedagogus

197 1114 222 1144 c
238 1101 483 1159 completus
503 1103 651 1160 gratia
671 1102 813 1147 dixit:
843 1103 882 1147 O
910 1104 1124 1162 sophista,
1147 1103 1334 1149 Creator
1357 1105 1569 1155 omnium,
1590 1119 1723 1163 quem

238 1175 291 1216 tu
331 1172 450 1215 fabri
496 1173 640 1216 filium
691 1174 946 1226 nominasti,
993 1175 1198 1218 locellum
1249 1175 1506 1232 sepulturae
1544 1175 1724 1220 Iuliano

236 1243 474 1299 componit.
535 1243 642 1287 Post
667 1258 831 1301 paucos
861 1244 956 1288 dies
985 1259 1105 1288 mors
1135 1245 1375 1288 nuntiatur
1404 1245 1581 1297 Iuliani,
1602 1248 1649 1289 et
1673 1245 1723 1288 in

236 1312 391 1356 locello
411 1312 626 1357 aduectus
646 1317 727 1365 est,
747 1314 1059 1372 minarumque
1079 1315 1216 1359 timor
1239 1319 1493 1360 euacuatus.
1554 1315 1721 1359 Eodem
1744 1332 1782 1367 ¹⁵

237 1397 413 1440 quoque
453 1386 651 1441 tempore
685 1384 759 1427 uir
797 1385 1156 1443 religiosissimus
1191 1385 1395 1429 Iulianus
1429 1389 1722 1444 cognomento

238 1451 358 1495 Saba
390 1453 565 1496 subitae
597 1453 842 1498 hilaritatis
873 1469 1053 1498 causam
1094 1470 1122 1498 a
1160 1455 1379 1499 ministris
1418 1455 1723 1514 interrogatus

238 1523 492 1580 respondit:
534 1523 674 1567 Ferus
706 1539 856 1568 sacrae
886 1525 1045 1568 uineae
1074 1525 1334 1569 dena-stator
1367 1540 1505 1583 penas
1537 1528 1723 1570 exactus

237 1595 306 1636 est
334 1592 603 1636 uastationis
630 1608 738 1637 suae
767 1594 968 1652 iacetque
991 1598 1196 1638 mortuus
1225 1595 1471 1639 terroribus
1499 1595 1722 1653 minisque

237 1662 498 1706 frustratus.
560 1662 650 1707 Sed
670 1665 987 1722 exprimendus
1008 1668 1076 1709 est
1095 1665 1204 1709 ordo
1225 1680 1313 1723 quo
1340 1665 1529 1710 decessit
1554 1666 1720 1724 impius
1742 1683 1785 1708 πο

237 1735 503 1790 persecutor.
563 1734 678 1779 Cum
699 1749 805 1792 ergo
824 1738 919 1778 tam
938 1735 1058 1779 ciues
1079 1750 1214 1793 quam
1234 1736 1383 1780 hostes
1410 1736 1526 1780 bello
1547 1737 1722 1781 Persico

237 1803 464 1847 laboribus
495 1807 541 1848 et
575 1803 695 1848 fame
729 1805 1041 1863 multipliciter
1073 1806 1318 1859 afflixisset,
1349 1807 1534 1851 ueniens
1568 1807 1721 1851 Thesi-

236 1873 452 1930 phontcm
483 1874 716 1918 ciuitatem
751 1876 800 1918 in
840 1879 1020 1919 tantum
1059 1877 1234 1920 obsedit
1273 1891 1423 1935 regem
1461 1879 1517 1920 ut
1555 1877 1722 1921 crebris

235 1942 536 2001 legationibus
570 1945 610 1988 ei
643 1947 823 1990 offerret
861 1950 1036 2004 partem
1076 1947 1216 2005 regni,
1250 1946 1358 1990 dum
1397 1947 1571 1991 solutus
1604 1947 1721 1992 bello

190 2018 220 2058 d
237 2013 505 2068 discederet3
535 2016 654 2072 quod
673 2017 942 2074 contempsit
960 2017 1204 2075 imperator
1219 2018 1363 2061 elatus
1382 2033 1463 2062 nec
1483 2018 1720 2062 attendens
1740 2035 1779 2071 ²5

237 2084 344 2141 quia
376 2085 554 2128 uincere
589 2086 770 2143 quidem
806 2087 972 2130 bonum
1007 2091 1087 2140 est,
1126 2088 1438 2146 superuincere
1477 2089 1612 2133 nimis
1653 2089 1720 2132 in-

237 2153 472 2198 uidiosum.
533 2154 800 2199 Confidebat
823 2157 943 2200 enim
973 2158 1158 2216 magicis
1188 2158 1374 2214 artibus,
1396 2160 1454 2210 et,
1476 2158 1723 2202 arbitratus

236 2224 480 2267 secundum
506 2224 821 2283 Pithagoream
851 2227 1105 2284 opinionem
1133 2227 1306 2271 animas
1332 2228 1512 2271 diuersa
1537 2243 1724 2286 corpora

236 2307 487 2351 peragrare,
503 2309 549 2338 se
565 2295 774 2339 credebat
788 2297 1012 2354 possidere
1028 2297 1224 2340 animam
1239 2298 1486 2341 Alexandri
1507 2301 1588 2343 aut
1603 2299 1721 2357 quod

237 2364 388 2421 potius
408 2364 456 2407 in
476 2365 618 2409 altero
637 2381 819 2424 corpore
839 2370 955 2411 esset
966 2367 1081 2411 alius
1094 2367 1361 2413 Alexander.
1408 2369 1722 2422 Querebantur
1739 2385 1784 2419 30

238 2449 344 2491 ergo
365 2435 555 2478 Romani
576 2435 631 2478 de
651 2437 851 2494 principe
876 2438 953 2494 qui
981 2438 1147 2480 bellum
1177 2439 1307 2482 finire
1333 2439 1525 2492 nolebat,
1545 2440 1720 2484 resiste-

238 2504 350 2547 bant
370 2508 522 2548 tamen
552 2506 864 2551 insistentibus
896 2507 1042 2551 Persis
1071 2509 1138 2551 ita
1167 2511 1221 2552 ut
1250 2509 1510 2567 frequenter
1538 2526 1658 2555 nunc
1687 2511 1720 2554 ii

243 2602 259 2628 1
287 2592 402 2630 tirem
428 2593 474 2629 A¹
694 2606 714 2641 3
739 2594 835 2640 uim]
862 2595 946 2632 ueri
970 2595 1116 2633 CA¹MS
1337 2606 1355 2644 5
1381 2597 1601 2645 sompnians
1624 2598 1721 2636 AM:

240 2640 420 2687 sopnians
440 2641 463 2678 S
608 2651 629 2687 7
655 2642 880 2680 anthiochia
896 2644 930 2678 A
1058 2647 1079 2681 8
1105 2643 1439 2682 adholescentium
1457 2646 1531 2683 AM
1663 2657 1719 2690 22,

238 2698 283 2733 23
311 2689 561 2727 thesifontem
579 2690 647 2727 SM
807 2702 827 2728 2
832 2700 849 2738 5
877 2690 1087 2738 imperator
1104 2693 1340 2739 contempsit
1355 2693 1515 2730 C²A²SM
1675 2697 1722 2732 28

238 2735 479 2784 pitagoream
500 2738 560 2774 M:
585 2739 852 2785 pigtagaream
871 2738 931 2776 Sl:
957 2739 1222 2787 pigtagoream
1239 2740 1280 2777 S²
1415 2752 1461 2788 32
1485 2741 1722 2780 instantibus

239 2783 264 2819 S
361 2797 463 2822 nunc
480 2785 510 2821 ii
526 2797 594 2822 om.
611 2786 642 2822 Β
659 2799 668 2823 :
695 2786 752 2822 hii
769 2786 836 2823 SM

266 2905 274 2913 ·
286 2870 307 2896 2
332 2863 520 2898 Phicium:
546 2863 572 2900 i.
587 2874 622 2900 e.
640 2862 832 2910 Pythium.
927 2872 969 2911 15
995 2865 1132 2902 Eodem
1149 2866 1244 2903 etc.:
1269 2877 1301 2902 v.
1320 2865 1482 2904 Cassiod.
1499 2867 1598 2905 Hist.
1619 2869 1721 2916 Trip.

241 2918 287 2943 v1.
305 2917 362 2955 45.
1358 2923 1360 2926 ⁴
1437 2923 1440 2926 ·

350 2966 415 2998 39⁹
