1846 3262
132 204 235 236 car.
250 190 354 252 xx1]
654 193 1098 239 POLICRATICVS
1634 193 1724 242 692
1744 203 1775 232 a

130 311 307 357 derunt.
353 313 412 357 Et
432 315 656 359 canonicis
672 316 870 360 sufficere
885 317 1019 360 debet
1038 316 1096 359 ad
1116 314 1420 373 plenissimam
1437 313 1614 356 laudem

130 383 250 440 quod
270 384 471 442 regulam
492 399 644 428 eorum
664 390 842 443 oportet
856 401 1010 430 omnes
1028 386 1210 430 elericos
1230 385 1413 428 imitari.
1475 384 1614 427 Here·
1635 381 1664 420 b

130 452 268 496 mitae
297 468 474 511 quoque
506 455 760 512 Baptistam
792 456 1041 500 Saluatoris
1071 460 1117 499 et
1146 455 1262 499 filios
1293 455 1615 513 prophetarum

130 523 431 568 institutionis
446 540 553 568 suae
574 526 742 570 habent
762 530 979 572 auctores.
1040 527 1221 570 Fratres
1241 526 1414 583 Templi
1438 525 1616 568 Macha-

92 608 113 643 5
130 594 315 638 beorum
347 595 552 653 exemplo
587 601 762 653 ponunt
794 597 969 640 animas
1003 612 1108 641 suas
1143 612 1225 655 pro
1257 596 1476 640 fratribus
1512 595 1617 639 suis.

131 663 391 708 Xenodochi
441 665 538 708 siue
593 666 884 723 hospitalium
939 670 1248 724 procuratores
1298 666 1615 724 Apostolorum

130 739 383 792 sequuntur
408 735 603 794 uestigia
632 740 679 780 et
705 737 763 780 ad
790 736 1077 794 perfectionis
1107 736 1336 781 cumulum
1366 737 1618 794 aspirantes

131 801 180 844 iu
200 816 253 845 eo
276 802 533 846 fidelissime
560 803 752 847 audiunt
778 803 1011 848 Christum
1032 804 1152 861 quod
1174 804 1339 847 uiuunt
1360 804 1620 847 innocenter

131 874 179 915 et
204 872 356 916 omnia
384 887 499 930 quae
526 873 694 916 habent
722 874 995 931 pauperibus
1021 877 1220 932 erogant.
1280 875 1335 917 In
1365 874 1437 917 his
1466 876 1619 917 tamen

74 959 117 984 10
132 942 340 986 omnibus
358 943 511 986 fideles
532 943 830 987 inueniuntur
853 947 901 988 et
924 944 1114 1001 reprobi,
1138 959 1219 988 nee
1239 944 1298 987 ob
1321 944 1368 987 id
1389 943 1620 1002 religionis

131 1015 214 1056 aut
239 1011 529 1070 professionis
555 1013 725 1057 ueritas
750 1013 1041 1057 deformatur.
1102 1014 1229 1067 Quae
1253 1014 1373 1057 enim
1402 1013 1620 1071 professio

132 1084 201 1125 est
214 1085 297 1125 aut
312 1096 426 1139 quae
440 1083 609 1140 legitur
622 1098 837 1140 umquam
859 1083 999 1127 fuisse
1017 1084 1206 1127 societas
1226 1084 1274 1126 in
1295 1099 1429 1141 quam
1445 1084 1620 1128 macula

131 1166 223 1195 non
262 1152 523 1210 irrepserit?
582 1153 807 1211 Angelum
846 1156 1100 1211 apostatam
1140 1154 1343 1212 legimus,
1374 1154 1423 1196 in
1463 1154 1621 1211 primis

132 1221 351 1266 fratribus
400 1223 704 1280 parricidium,
752 1225 1019 1282 prophetam
1069 1225 1321 1282 reprobum,
1366 1225 1620 1282 apostolum

75 1311 116 1350 η
131 1292 419 1351 proditorem,
462 1294 703 1351 discipulos
740 1294 912 1338 Christi
952 1295 1158 1353 perfidos,
1202 1309 1283 1338 nee
1327 1298 1479 1338 tamen
1526 1310 1620 1339 cor-

132 1363 360 1420 rumpitur
408 1365 584 1421 puritas
629 1365 968 1422 persistentium
1016 1365 1294 1423 Angelorum
1343 1368 1425 1408 aut
1471 1365 1621 1409 minus

132 1436 289 1477 saneta
322 1436 392 1477 est
423 1434 612 1478 societas
644 1435 837 1479 inuicem
867 1435 1153 1493 diligentium
1184 1435 1380 1478 fratrum
1410 1439 1491 1479 aut
1520 1450 1621 1492 pro·

133 1503 314 1560 phetiae
344 1504 494 1562 gratia
525 1508 594 1548 est
625 1505 673 1548 in
705 1505 857 1550 electis
888 1506 1124 1563 culpabilis
1154 1509 1236 1549 aut
1265 1506 1543 1563 apostolatus
1573 1507 1621 1548 in

134 1573 342 1617 fidelibus
373 1575 725 1633 contemptibilis
757 1579 840 1620 aut
873 1576 1110 1634 disciplina
1146 1576 1317 1620 Christi
1357 1591 1438 1633 per
1471 1577 1622 1620 uarios

134 1718 156 1754 7
181 1711 363 1746 secuntur
378 1709 475 1746 CSM
623 1720 665 1756 17
692 1713 750 1747 est
767 1713 899 1747 sancta
919 1711 950 1745 A

137 1835 140 1837 .
183 1813 217 1847 2,
252 1813 274 1849 3
303 1805 510 1841 Her-emitae
542 1808 642 1842 etc.:
678 1817 711 1841 v.
745 1804 901 1842 Hieron.
935 1806 1009 1852 Ep.
1041 1804 1133 1841 xxii.
1164 1805 1222 1850 36,
1255 1803 1349 1841 lviii.
1385 1814 1417 1851 5,
1454 1815 1562 1841 cxxv.
1599 1814 1620 1848 7

136 1849 285 1899 (Migne
312 1853 354 1888 P.
384 1853 430 1889 L.
463 1852 558 1890 xxii.
584 1864 666 1898 421,
697 1855 775 1900 583,
807 1855 928 1899 1076).
1072 1863 1097 1898 4
1124 1854 1278 1889 Fratres
1313 1853 1477 1898 Templi:
1519 1852 1622 1889 Ordo

129 1910 341 1946 pauperum
372 1903 656 1937 commilitonum
684 1903 823 1938 Chrv'sti
853 1902 1043 1949 templique
1073 1902 1295 1938 Solomonia·
1326 1900 1428 1937 circa
1459 1912 1494 1938 a.
1531 1902 1622 1938 1118

135 1946 186 1983 ab
203 1947 366 1994 Hugone
383 1948 431 1986 de
449 1948 615 1996 Paganis
631 1949 814 1987 fundatus
832 1952 900 1987 est.
1029 1960 1063 1994 4,
1083 1958 1100 1995 5
1127 1950 1409 1985 Machabeorum
1437 1950 1619 1995 exemplo:

137 1994 187 2032 cf.
212 1994 249 2032 S.
278 1995 391 2032 Bern.
418 1999 469 2033 ad
491 1999 575 2034 Mil.
601 1998 737 2045 Templ.
755 2010 787 2035 e.
805 2009 829 2044 4
850 1997 1000 2044 (Migne
1017 1999 1060 2033 P.
1078 1999 1123 2034 L.
1148 1996 1303 2033 clxxxii.
1332 1998 1430 2043 927),
1460 1997 1490 2033 F
1492 1996 1623 2034 retelli

136 2043 217 2079 Lib.
246 2045 330 2080 Loc.
358 2046 422 2080 SS.
455 2046 590 2081 Terrae
618 2046 715 2091 prol.
747 2045 895 2094 (Migne
912 2047 955 2082 P.
981 2047 1025 2081 L.
1051 2045 1121 2082 clv.
1154 2056 1246 2092 1039
1258 2045 1349 2091 seq.)
1381 2044 1622 2081 Hadrianum

135 2090 175 2127 iv
191 2091 235 2127 in
258 2092 330 2138 Ep.
352 2102 417 2138 157
438 2092 585 2141 (Migne
601 2093 643 2130 P.
660 2095 703 2130 L.
721 2093 914 2131 clxxxviii.
936 2103 1025 2140 1537
1037 2095 1144 2139 seq).
1322 2102 1340 2139 5
1360 2098 1508 2139 ponunt
1524 2095 1596 2130 etc.
1612 2105 1622 2128 :

136 2150 169 2175 v.
193 2149 206 2175 1
227 2138 363 2176 Ioann.
381 2138 436 2176 iii.
458 2141 512 2178 16.
560 2141 706 2179 Eadem
722 2142 836 2179 verba
852 2142 948 2179 citat
958 2143 1043 2187 Rey.
1056 2143 1139 2177 Mil.
1160 2142 1302 2187 Templi
1319 2141 1366 2183 (c.
1382 2143 1428 2186 48
1446 2141 1622 2177 Holsten.

141 2187 227 2223 Coa.
249 2188 334 2233 Req.
352 2189 454 2224 Mon.
471 2194 505 2225 et
523 2191 662 2226 Canon.
680 2189 739 2227 ed.
760 2199 861 2237 1759,
884 2189 925 2226 ii.
949 2190 1020 2235 438
1036 2202 1045 2232 ;
1072 2201 1103 2226 c.
1122 2198 1166 2236 45
1186 2189 1244 2226 ed.
1262 2187 1437 2232 Scfflrer,
1454 2201 1492 2235 p.
1514 2188 1621 2234 146):

136 2233 247 2279 Quod
279 2235 329 2271 ad
360 2235 680 2274 Machabaeorum
714 2238 932 2284 exemplum
960 2237 1115 2279 attinet,
1148 2237 1198 2274 cf.
1225 2248 1239 2273 1
1278 2236 1452 2273 Machab.
1477 2236 1529 2274 ix.
1566 2247 1622 2279 10,

137 2284 343 2319 mor-famur
363 2285 406 2319 in
430 2287 569 2321 uirtute
588 2291 741 2332 propter
746 2287 891 2331 fratres
916 2291 1068 2322 nostros.
1243 2286 1267 2321 6
1291 2285 1502 2320 Xenodochi
1527 2286 1623 2321 etc.:

137 2330 250 2366 Anno
275 2341 378 2376 1104,
396 2335 441 2367 ut
463 2332 624 2376 videtur,
644 2334 686 2369 in
703 2333 897 2380 Hospitali
915 2332 951 2370 S.
971 2331 1128 2369 Ioannis
1149 2331 1191 2368 in
1208 2332 1481 2378 Hierosolymis
1499 2332 1624 2377 (euius

137 2378 185 2415 de
203 2377 349 2425 origine
366 2380 415 2416 ef.
435 2380 545 2427 Heyd
566 2382 687 2418 Gesch.
706 2384 768 2418 des
782 2382 1092 2417 Levantehandels
1106 2380 1131 2416 i.
1154 2391 1168 2417 1
1179 2381 1236 2426 17)
1255 2380 1438 2416 fundatus
1455 2382 1516 2417 eat
1532 2380 1624 2417 ordo

137 2425 318 2462 militaris
332 2427 441 2463 cuius
455 2429 599 2474 primus
622 2430 806 2477 magister
823 2428 1010 2466 Gerardns
1031 2428 1118 2468 fuit.
1136 2427 1203 2474 qui
1227 2427 1395 2465 eiusdem
1421 2428 1624 2475 hospitalis

139 2485 184 2512 eo
207 2476 380 2529 tempore
401 2476 613 2522 gardianus
636 2488 700 2514 seu
726 2480 853 2514 custos
877 2476 1047 2514 exstitit:
1081 2477 1132 2513 cf.
1159 2475 1327 2522 Regulae
1349 2487 1374 2512 a
1396 2476 1623 2523 Raymundo

138 2522 186 2559 de
211 2522 341 2566 Podm,
361 2522 520 2561 Gerardi
538 2537 761 2567 successore,
785 2525 964 2563 conditae
990 2529 1067 2571 (ap.
1092 2524 1268 2561 Holsten.
1294 2523 1335 2560 ii.
1357 2525 1444 2571 445)
1470 2536 1502 2561 c.
1532 2535 1546 2561 1
1573 2526 1623 2561 In

134 2572 272 2617 primis
291 2572 395 2607 iubeo
415 2574 510 2619 quod
530 2585 651 2609 omnes
665 2574 819 2610 Fratres
838 2575 887 2609 ad
901 2574 1096 2609 seruitium
1109 2575 1296 2608 uenientes
1310 2585 1519 2618 pauperum
1534 2575 1621 2617 trio,

137 2631 230 2666 quae
245 2622 471 2665 promittunt
485 2622 571 2665 Deo,
590 2627 735 2658 teneant
754 2634 837 2658 cum
854 2623 926 2658 Dei
940 2622 1095 2663 auxilio,
1114 2632 1162 2656 ac.
1186 2623 1388 2656 castitatem
1407 2626 1441 2656 et
1464 2622 1623 2657 obedien-

138 2669 228 2703 tiam
247 2672 279 2702 et
296 2695 305 2704 .
323 2694 332 2703 .
351 2695 359 2703 .
378 2671 458 2704 eine
469 2672 622 2716 proprio
637 2672 774 2706 uiuere.
934 2670 1189 2716 Apostolorum
1202 2670 1298 2705 ete:
1322 2680 1352 2704 v.
1367 2669 1456 2705 Act.
1468 2669 1566 2716 App.
1579 2668 1622 2706 ii.

137 2725 307 2760 44⁵eqq.‚
325 2713 372 2751 iv.
392 2727 435 2762 32
444 2729 547 2764 seqq.
665 2728 686 2764 7
710 2719 761 2754 ad
773 2718 1007 2765 peffedionie
1021 2719 1116 2753 ete:
1139 2729 1171 2752 v.
1189 2716 1303 2753 Matt.
1320 2715 1400 2752 xix.
1417 2727 1476 2753 21.
1578 2728 1621 2772 13

138 2765 181 2799 in
194 2764 330 2810 primis
344 2765 415 2800 etc.
430 2775 440 2800 :
466 2777 499 2801 v.
515 2765 613 2803 Gen.
624 2765 673 2801 iv.
687 2768 721 2803 8.
820 2776 865 2811 14
887 2766 1101 2812 prophetam
1112 2766 1322 2819 reprobum:
1347 2777 1382 2801 v.
1399 2775 1420 2810 3
1436 2764 1528 2811 Reg.
1541 2764 1622 2802 xii1.

142 2821 198 2856 14,
220 2819 260 2857 15
287 2815 489 2856 apostolum
510 2816 753 2860 pmditorem:
779 2812 806 2849 i.
822 2825 855 2851 e.
880 2813 1017 2850 Iudam
1043 2812 1264 2851 Iscanotem
1279 2826 1289 2856 ;
1314 2825 1346 2848 v.
1373 2812 1463 2850 Luc.
1489 2812 1537 2849 vi.
1566 2815 1622 2850 16.

142 2868 184 2906 15
211 2860 409 2904 disprqus
428 2863 567 2899 Christi
576 2864 759 2910 perfidos:
786 2874 820 2898 v.
840 2861 974 2899 Ioann.
987 2860 1035 2898 vi.
1052 2862 1112 2906 67.

198 2943 280 2961 ατη
295 2942 317 2961 n
846 2935 869 2963 C
898 2936 921 2962 Ο
1446 2937 1511 2972 193
