1846 3262
143 243 247 280 oAr.
262 232 335 296 1v]
377 273 382 274 ⁷
684 233 1133 280 POLICRATICVS
1295 228 1299 230 ’
1654 243 1739 287 595
1756 245 1788 276 a

145 371 234 415 que
267 357 364 402 ictu
394 372 558 402 casuue
589 373 618 402 a
656 358 798 416 clipeo
834 358 1014 408 excidit,
1048 358 1132 402 hoc
1171 357 1357 417 garrula
1396 357 1566 416 lingua,
1602 357 1641 402 si

142 427 335 480 licuerit,
365 429 606 473 memorale
641 428 779 473 faciet
811 429 859 472 in
891 428 1090 473 seculum
1126 429 1275 473 seculi.
1347 429 1433 473 Isti
1472 429 1642 487 primos

145 499 376 544 recubitus
395 500 566 544 habent
585 500 633 543 in
654 500 775 544 cenis
796 502 843 543 et
866 499 1096 558 (quicquid
1118 499 1320 544 Renatus
1338 502 1493 543 noster
1512 499 1567 543 de
1592 514 1641 543 re

144 569 335 613 militari
364 570 620 628 tradiderit)
655 571 910 629 epulantur,
932 570 972 614 si
997 569 1184 614 fortuna
1209 571 1448 629 permittit,
1477 569 1640 614 cotidie

104 657 127 694 5
145 640 389 698 splendide,
409 655 676 699 omnemque
695 641 894 684 laborem
914 643 961 683 et
984 641 1364 692 exercitationem,
1386 655 1519 698 quem
1549 655 1641 683 non

144 709 422 755 inuincibilis
471 712 712 755 necessitas
763 711 942 769 ingerit,
991 725 1101 755 cane
1150 714 1197 754 et
1245 726 1394 769 angue
1442 710 1641 754 deterius

143 779 344 840 fugiunt,
364 785 411 825 et
440 781 654 839 quicquid
684 781 891 824 imminet
920 780 1211 835 difficultatis,
1235 781 1429 825 reiciunt
1457 781 1506 824 in
1535 780 1639 823 sub-

143 854 294 898 iectos.
364 852 558 896 Interim
590 851 755 909 clipeos
790 851 853 895 sic
883 851 1110 903 inaurant,
1140 851 1204 895 sic
1236 854 1459 896 exornant
1488 850 1641 895 omnia

143 924 448 968 instrumenta
477 925 739 973 castrorum,
759 923 813 964 ut
842 921 1090 978 quemlibet
1119 936 1273 965 eorum
1302 937 1395 965 non
1424 925 1520 965 tam
1546 920 1641 965 cul-

82 1007 129 1034 10
145 997 290 1039 torem
330 1007 466 1051 quam
505 991 756 1050 praesidem
796 990 958 1034 Martis
1004 991 1170 1035 credas.
1226 991 1405 1037 ,(31111115
1448 992 1640 1035 istorum

143 1065 314 1123 clipeus
348 1062 617 1106 detrahatur
651 1065 734 1106 aut
766 1061 909 1120 galea,
944 1061 1088 1119 spolia
1121 1062 1217 1106 eius
1258 1063 1407 1120 ipsum
1447 1063 1642 1106 Martem

142 1136 359 1194 poterunt
387 1133 621 1178 honorare.

143 1248 252 1308 Cap.
273 1263 316 1302 4.
363 1246 578 1302 Quarum
607 1261 769 1291 rerum
798 1247 1041 1292 scientiam
1072 1251 1112 1292 et
1142 1247 1410 1291 eaeercitium
1439 1243 1639 1304 oporteat
1657 1251 1687 1291 b

259 1317 417 1363 habere
455 1317 640 1370 milites,
672 1322 711 1362 et
751 1319 872 1376 quod
912 1333 981 1363 eos
1015 1317 1162 1362 otiari
1201 1332 1300 1361 ‘non
1340 1318 1442 1361 licet
1453 1336 1473 1368 ;
1515 1322 1555 1361 et
1586 1318 1640 1362 de

82 1406 126 1445 ¹5
264 1389 487 1447 Αἰιῃτιείο,
506 1388 590 1446 qui
598 1387 733 1445 filias
752 1404 860 1434 &aas
869 1389 984 1447 fecit
1003 1389 1198 1433 institui
1217 1388 1276 1433 in
1296 1387 1516 1445 lamfioio.

203 1482 396 1542 Egregie
420 1482 601 1540 quidem
627 1481 778 1540 Scipio
803 1483 1071 1535 Affricanus‚
1091 1483 1209 1527 sicut
1238 1482 1287 1525 in
1317 1482 1434 1526 libro
1464 1482 1640 1527 Strata-

142 1557 420 1613 gemmatum
441 1553 586 1596 Iulius
608 1553 854 1598 Frontinus
878 1554 1031 1606 refert,
1051 1569 1153 1598 cum
1184 1557 1362 1598 scutum
1390 1553 1640 1612 elegantius

142 1624 376 1669 cuiusdam
396 1623 586 1667 uidisset
606 1627 830 1678 ornatum,
851 1625 971 1669 dixit
994 1640 1085 1669 non
1105 1624 1262 1668 mirari
1286 1639 1334 1668 se
1364 1624 1485 1682 quod
1508 1628 1641 1668 tanta

143 1710 253 1740 cura
270 1697 485 1746 ornasset,
504 1694 554 1737 111
575 1709 663 1752 quo
683 1695 785 1753 plus
805 1695 1018 1753 praesidii
1039 1710 1175 1753 quam
1195 1694 1244 1738 in
1263 1694 1415 1753 gladio
1442 1695 1640 1740 haberet.

82 1776 127 1807 20
145 1765 235 1810 Sed
262 1780 343 1810 nec
363 1764 535 1808 fastum
555 1765 735 1809 illorum
759 1766 961 1824 perferre
984 1766 1167 1825 poteris,
1194 1765 1282 1809 nisi
1303 1765 1446 1809 fueris
1464 1766 1642 1824 patien-

142 1837 236 1881 tiae
254 1835 520 1895 grandioris.
581 1835 702 1879 Nam
730 1839 783 1880 ut
813 1836 1008 1895 ineptias
1036 1851 1191 1880 eorum
1217 1850 1309 1880 non
1336 1836 1484 1880 rideas
1514 1836 1642 1880 nulla

141 1906 364 1950 modestia
382 1906 550 1964 poterit
570 1906 787 1950 cohibere.
830 1906 943 1961 Quis
964 1907 1216 1951 Octauiano
1236 1906 1447 1965 Augusto
1467 1906 1642 1951 felicior

142 1981 226 2021 aut
263 1977 440 2021 maior?
499 1977 650 2029 Filios,
682 1977 768 2021 etsi
802 1992 894 2020 non
933 1977 1154 2036 genuerit,
1190 1977 1440 2035 adoptauit,
1477 1978 1642 2035 quibus

145 2048 231 2092 etsi
270 2047 471 2092 sufficere
510 2051 661 2106 posset
700 2047 848 2092 clarus
887 2048 1072 2106 sanguis
1111 2048 1170 2091 ad
1209 2047 1402 2106 gloriam
1437 2051 1483 2091 et
1523 2048 1642 2092 bona

82 2136 128 2172 ²5
145 2118 420 2162 hereditaria
458 2118 603 2176 magis
642 2118 701 2161 ad
739 2117 914 2176 copiam
958 2133 1094 2176 quam
1129 2118 1187 2161 ad
1219 2133 1365 2171 usum,
1400 2133 1453 2162 ea
1487 2121 1641 2162 tamen

144 2188 383 2246 diligentia
401 2187 603 2232 instituti
623 2191 731 2232 sunt
754 2203 806 2232 ac
826 2188 865 2231 si
892 2202 975 2231 sua
995 2188 1180 2231 retineri
1200 2187 1274 2231 uel
1294 2187 1443 2230 aliena
1462 2187 1641 2245 adquiri
1659 2198 1685 2228 c

142 2273 429 2317 nequaquam
458 2259 634 2316 possint
661 2258 750 2302 nisi
779 2273 861 2317 per
889 2258 1123 2302 uirtutem.
1186 2258 1275 2302 Eos
1304 2272 1411 2315 ergo
1446 2258 1504 2301 ad
1538 2273 1640 2316 gra-

143 2329 253 2373 dum
273 2329 516 2372 militarem
537 2331 584 2372 et
603 2343 784 2373 cursum
805 2331 852 2373 et
882 2329 1049 2372 saltum
1077 2328 1187 2372 fecit
1218 2327 1468 2379 exercitari,
1488 2342 1640 2371 usum-

143 2413 232 2457 que
270 2398 460 2443 natandi
501 2402 547 2442 et
587 2399 750 2443 caesim
794 2402 841 2443 et
884 2398 1089 2457 punctim
1129 2398 1323 2442 feriendi
1364 2400 1411 2441 et
1448 2398 1641 2442 iaciendi

146 2499 267 2544 16,17
285 2499 608 2545 strategematum
626 2497 668 2533 M
824 2498 868 2534 18
893 2497 1104 2535 homatum
1122 2496 1148 2534 S
1305 2507 1350 2533 22
1376 2496 1580 2534 octouiano
1596 2496 1638 2533 M

144 2557 191 2594 23
217 2559 295 2584 non
310 2559 378 2583 om.
397 2546 438 2582 M
584 2547 630 2582 28
655 2544 817 2582 excitari
833 2545 868 2580 A

194 2646 216 2672 2
234 2637 380 2682 primos
397 2636 493 2672 etc.:
518 2646 552 2670 v.
570 2633 684 2670 Matt.
697 2632 806 2669 xxiii.
826 2634 863 2669 6.
1009 2642 1030 2679 3
1055 2634 1221 2668 Renatus
1236 2638 1380 2668 noster:
1403 2645 1438 2669 v.
1453 2632 1592 2680 Veget.
1611 2632 1638 2670 i.

146 2694 196 2731 3;
221 2683 271 2721 cf.
290 2694 407 2730 supra
425 2691 546 2729 59313.
709 2692 744 2725 4.
763 2690 781 2728 5
810 2682 1010 2727 epulantur
1024 2682 1134 2717 cotidt
1123 2682 1379 2728 lesplmdide:
1404 2693 1439 2717 v.
1455 2681 1546 2718 Luc.
1564 2681 1639 2718 xvi.

377 2732 400 2767 6
426 2735 702 2784 caneetanque
719 2730 814 2766 etc.:
839 2741 872 2766 v.
890 2729 983 2765 Hor.
1001 2730 1073 2775 Ep.
1092 2728 1118 2765 i.
1140 2738 1195 2773 17.
1214 2739 1271 2774 30.
1444 2730 1488 2766 16
1515 2731 1640 2776 Scipio

146 2782 244 2817 ete:
269 2777 442 2816 Frontin.
459 2779 613 2822 Stratey
630 2777 680 2814 iv.
701 2787 716 2813 1
740 2776 758 2824 ξ
781 2786 812 2823 5.
936 2787 982 2823 23
1007 2778 1127 2813 Filios
1144 2779 1243 2813 etc.:
1268 2776 1350 2822 Quo
1366 2778 1524 2814 auctore
1542 2778 1638 2815 haec

145 2829 280 2864 narret
297 2826 449 2870 Noster,
466 2825 615 2868 nescim
640 2824 724 2862 vide
740 2827 873 2861 tamen
891 2824 996 2862 Suet.
1014 2827 1110 2870 Any.
1128 2826 1198 2869 643
1226 2825 1274 2862 cf.
1296 2826 1353 2872 56.
1514 2835 1572 2871 27,
1592 2828 1638 2862 28

145 2878 196 2912 ad
209 2877 368 2921 yradum
387 2876 480 2911 etc:
505 2886 537 2909 v.
554 2872 716 2910 titulum
733 2872 866 2921 Veget.
884 2872 910 2909 i.
928 2883 951 2919 9
966 2873 1192 2920 praefixum.
1315 2875 1372 2918 28,
1391 2884 1438 2919 29
1462 2886 1568 2928 usurp
1570 2887 1640 2921 que

145 2925 331 2961 natandi.
357 2934 391 2959 v.
406 2922 540 2970 Veget.
554 2920 579 2958 i.
598 2932 652 2959 10.
751 2931 798 2968 29
822 2923 956 2958 caesim
972 2926 1006 2957 et
1018 2923 1188 2968 punctim
1205 2923 1301 2959 etc..
1325 2934 1359 2958 v.
1375 2921 1511 2968 Veget.
1527 2921 1583 2958 111.
1602 2933 1638 2968 4.

1487 3003 1526 3036 13
