1846 3262
128 276 201 317 741
218 264 249 307 d
595 264 856 310 IOANNIS
897 264 1412 310 SARESBERIENSIS
1513 264 1625 326 [ΗΒ.
1642 275 1735 311 vn1

262 402 423 447 panem
470 391 711 445 antequam
754 387 985 445 frangeret
1025 387 1282 431 benedicere
1323 388 1566 432 consueuit.
1645 387 1734 431 Sed

260 462 307 502 et
326 458 438 501 illud
459 458 628 502 celebre
649 460 717 501 est
731 458 956 515 sapientis,
971 458 1089 515 quod
1109 458 1401 515 philosophia,
1418 472 1530 515 quae
1550 458 1732 502 unicum

260 543 424 571 munus
454 531 521 571 est
547 527 730 570 deorum
761 530 806 570 et
838 527 1073 585 disciplina
1102 527 1448 585 disciplinarum,
1475 527 1734 571 honoranda

260 601 329 641 est
348 597 613 654 anteloquio.
674 596 818 641 Ciuile
839 612 1014 655 quoque
1035 600 1102 641 est
1127 599 1173 640 et
1203 597 1338 640 sacris
1366 597 1529 640 litteris
1553 611 1733 640 consen-

259 670 442 711 taneum
463 670 543 710 aut
562 667 743 710 omnino
763 668 892 710 silere
913 668 961 710 in
981 682 1134 711 mensa
1149 670 1202 711 ut
1217 667 1374 710 audias
1394 667 1451 710 ad
1471 666 1734 724 profectum,
1752 682 1771 716 5

258 740 339 781 aut
377 737 496 780 unde
536 737 771 794 proficiant
803 738 879 781 alii
913 741 994 781 aut
1028 738 1124 781 sine
1155 738 1287 795 culpa
1325 737 1522 780 letentur
1553 737 1733 780 doctum

257 806 457 865 proferre
469 821 733 860 sermonem3
756 807 976 865 siquidem
993 811 1038 852 et
1053 808 1173 851 inter
1184 807 1501 851 comedendum
1514 807 1734 850 Dominus

256 876 490 934 parabolas
521 879 600 920 aut
629 877 768 920 uerba
797 877 919 921 uitae
950 877 1208 935 frequenter
1246 877 1525 920 auditoribus
1563 876 1732 922 miscet.

256 947 376 991 Sunt
395 950 546 990 autem
566 947 700 990 nimis
720 948 871 991 tristia
890 951 936 991 et
957 947 1051 991 fere
1070 948 1303 991 ciuilitatis
1331 948 1499 1005 ignara,
1520 947 1598 990 ubi
1619 946 1733 990 citra

254 1017 533 1075 uoluptatem
554 1017 764 1060 audiendi
785 1018 905 1061 solus
929 1021 1088 1062 uenter
1112 1018 1325 1076 impletur
1342 1020 1423 1061 aut
1443 1017 1522 1060 ubi
1542 1017 1732 1060 clamore
1752 1030 1794 1055 10

255 1087 461 1131 anserino
488 1090 534 1130 et
562 1087 727 1145 ineptis
754 1087 921 1131 fabulis
952 1089 1161 1132 conuiuia
1187 1090 1488 1146 perstrepunt.
1549 1087 1643 1130 Nec
1663 1089 1732 1130 est

256 1157 334 1214 qui
361 1157 575 1200 musicam
599 1161 759 1209 arceat,
779 1173 880 1201 cum
911 1173 983 1202 ars
1013 1159 1224 1202 innocens
1255 1158 1315 1201 sit
1341 1158 1452 1201 adeo
1479 1157 1659 1215 quidem
1678 1159 1732 1200 ut

257 1241 354 1270 eam
375 1227 580 1270 Socrates
600 1228 766 1271 discere
786 1228 835 1270 in
860 1230 1086 1271 senectute
1106 1228 1342 1271 curauerit.

109 1322 189 1365 742
207 1324 239 1354 a
431 1320 441 1338 ⁴
457 1313 718 1358 Cantabunt
746 1315 882 1359 michi
912 1315 1126 1358 Dametas
1156 1317 1202 1358 et
1232 1314 1380 1358 Licius
1411 1313 1538 1372 Egon
1551 1314 1562 1329 ¹

253 1397 384 1442 ciuile
404 1401 494 1452 est;
1750 1416 1790 1451 ¹5

427 1491 438 1508 ‘
454 1484 681 1528 Saltantes
710 1484 871 1528 satiros
899 1483 1153 1527 imitabitur
1182 1483 1477 1541 Alphesibeus
1493 1483 1503 1499 '

252 1577 310 1620 ad
330 1577 502 1634 plebeia
521 1577 695 1620 transit.
755 1577 843 1620 Illa
867 1591 972 1634 ergo
1002 1592 1115 1634 quae
1139 1577 1363 1634 apertiora
1390 1579 1497 1620 sunt
1526 1579 1572 1620 et
1602 1576 1728 1620 uitiis

251 1648 396 1705 magis
410 1647 598 1690 aduersa
617 1646 885 1704 proferenda
898 1649 1004 1690 sunt
1019 1647 1157 1690 uerba
1172 1650 1218 1690 et
1231 1661 1343 1704 quae
1358 1647 1585 1690 luxuriam
1598 1647 1726 1704 iugu-

251 1716 360 1768 lant,
395 1720 544 1760 amota
575 1719 727 1760 tamen
757 1716 831 1760 uel
865 1716 991 1759 tenui
1023 1716 1270 1774 suspicione
1305 1716 1535 1760 auaritiae.
1602 1716 1727 1760 Licet

251 1787 370 1829 enim
390 1786 792 1844 intemperantibus
819 1786 880 1829 sit
906 1786 1052 1843 sopita
1082 1801 1198 1829 uena
1227 1786 1406 1844 ingenii,
1426 1801 1518 1829 non
1544 1786 1725 1830 omnino
1746 1802 1791 1828 20

251 1856 496 1900 extinctam
529 1871 622 1899 esse
653 1858 876 1899 correctus
911 1856 1103 1899 Polemio
1138 1856 1266 1899 testis
1301 1859 1379 1899 est.
1451 1855 1538 1899 Hic
1573 1858 1725 1900 autem

250 1925 451 1983 perditae
481 1926 687 1968 luxuriae
718 1926 970 1969 adolescens
996 1926 1188 1969 Athenis
1217 1925 1319 1977 fuit,
1335 1941 1478 1984 neque
1507 1926 1724 1970 illecebris

247 1995 342 2039 eius
376 1996 685 2039 tantummodo
719 1995 796 2039 sed
833 1998 878 2039 et
913 1996 1010 2053 ipsa
1044 1996 1233 2039 infamia
1266 1996 1478 2054 gaudens.
1548 1995 1665 2040 Cum
1699 2010 1724 2039 e

248 2066 456 2109 conuiuio
475 2081 566 2109 non
585 2069 687 2123 post
706 2081 907 2109 occasum
928 2066 1033 2109 solis
1057 2066 1134 2109 sed
1164 2069 1266 2124 post
1289 2068 1438 2109 ortum
1458 2066 1725 2110 surrexisset

249 2135 518 2193 domumque
538 2136 711 2179 rediens
732 2136 995 2179 Xenocratis
1015 2136 1267 2193 philosophi
1293 2139 1521 2194 patentem
1542 2137 1724 2180 ianuam
1744 2153 1785 2188 25

201 2206 230 2246 b
250 2206 447 2257 uidisset,
486 2206 593 2249 uino
632 2206 797 2263 grauis,
836 2206 1079 2263 unguentis
1122 2206 1359 2257 delibutus,
1399 2206 1530 2249 sertis
1579 2206 1724 2264 capite

250 2275 468 2327 redimito,
488 2276 716 2333 perlucida
736 2278 860 2319 ueste
882 2276 1083 2328 amictus,
1099 2275 1312 2319 refertam
1331 2276 1467 2320 turba
1492 2276 1724 2320 doctorum

251 2390 295 2426 16
319 2391 462 2436 satyros
479 2389 518 2425 M
663 2400 708 2426 22
733 2389 982 2426 adholescens
999 2389 1033 2426 A

298 2510 314 2536 1
342 2501 545 2535 benedicere
569 2501 777 2536 consueuit:
805 2512 837 2537 v.
864 2499 974 2536 Matt.
998 2500 1069 2536 xiv.
1092 2509 1145 2546 19,
1164 2512 1223 2536 xv.
1249 2500 1304 2546 36,
1322 2499 1421 2536 xxvi.
1449 2501 1503 2544 26,
1530 2499 1648 2537 Marc.
1674 2499 1722 2538 vi.

247 2557 304 2591 41,
322 2546 400 2583 viii.
419 2549 454 2590 6,
481 2547 554 2583 xiv.
572 2558 628 2592 22,
654 2547 741 2584 Luc.
760 2547 811 2584 ix.
834 2549 887 2593 16,
913 2547 1004 2584 xxii.
1026 2558 1078 2594 19,
1106 2547 1205 2584 xxiv.
1216 2558 1280 2602 30,
1308 2548 1439 2584 Ioann.
1455 2548 1503 2586 vi.
1525 2559 1580 2594 11,
1602 2559 1616 2585 1
1638 2548 1723 2585 Cor.

247 2594 299 2630 xi.
319 2606 375 2639 24.
523 2606 544 2631 2
564 2596 797 2641 philosophm
813 2597 909 2632 etc.:
936 2595 1101 2632 Macrob.
1119 2597 1194 2632 Sat.
1212 2595 1238 2632 i.
1256 2605 1302 2640 24
1320 2594 1338 2642 ξ
1359 2606 1416 2632 21.
1582 2604 1604 2641 7
1630 2598 1727 2632 inter

247 2644 499 2679 comedendum
516 2645 610 2680 etc:
636 2655 669 2679 v.
687 2642 795 2680 Matt.
812 2642 911 2679 xxvi.
931 2654 970 2680 21
989 2655 1102 2689 seqq.
1117 2642 1206 2679 Luc.
1221 2642 1285 2679 vii.
1301 2654 1473 2690 4oseqq.‚
1491 2642 1563 2680 xiv.
1580 2654 1721 2690 1seqq.,

247 2690 323 2725 xix.
340 2692 487 2736 6seqq„
507 2693 578 2727 etc.
723 2692 745 2727 8
769 2692 879 2727 uerba
896 2693 1016 2727 uitae:
1043 2691 1172 2727 Ioann.
1191 2690 1239 2727 vi.
1257 2692 1315 2728 68.
1450 2702 1501 2734 12,
1520 2701 1561 2737 13
1586 2696 1628 2727 ut
1644 2703 1724 2727 eam

247 2731 427 2774 Socrates:
452 2750 484 2774 v.
512 2737 668 2782 Quintil.
694 2740 786 2775 Inst.
813 2741 910 2775 Orat.
937 2738 962 2774 i.
992 2738 1078 2785 10§
1110 2719 1722 2784 1314Cant’abuntetcd

246 2784 358 2830 Verg.
377 2787 456 2821 Ecl.
471 2798 504 2822 v.
523 2795 579 2840 72,
598 2795 655 2831 73.
802 2796 844 2830 17
868 2788 1073 2832 apertiora:
1098 2785 1199 2830 Quae
1216 2785 1266 2822 sit
1281 2791 1409 2832 aperta
1426 2789 1594 2822 narratio
1611 2786 1723 2823 docet

247 2831 326 2868 Cic.
343 2835 386 2868 de
403 2835 532 2869 Invent
558 2833 583 2870 i.
610 2845 657 2869 20
683 2832 700 2880 ξ
729 2843 795 2879 29;
821 2834 972 2880 qualem
997 2833 1113 2871 fuisse
1131 2833 1342 2870 orationem
1359 2833 1476 2877 illam,
1496 2845 1609 2879 quam
1632 2845 1721 2870 mox

246 2878 348 2915 infra
374 2883 566 2925 memorat,
586 2862 811 2918 Xenocratis
821 2847 882 2918 qde
908 2881 1094 2918 modestia
1114 2883 1153 2918 et
1168 2881 1424 2936 temperantia
1440 2880 1599 2918 minime
1618 2880 1720 2918 dubi-

245 2927 405 2963 tandum
423 2930 490 2965 est.
633 2939 676 2965 21
703 2930 777 2965 Hic
793 2935 914 2966 autem
931 2931 1026 2966 etc.:
1050 2929 1133 2967 val.
1153 2929 1252 2966 Max.
1271 2928 1318 2966 vi.
1336 2940 1358 2976 9
1375 2931 1449 2965 ext.
1470 2928 1488 2976 ξ
1513 2938 1543 2968 1.

359 3000 422 3032 282
