1846 3262
126 195 230 229 GAP.
247 181 320 245 xl]
669 183 1116 230 POLICRATICVS
1653 190 1743 238 603
1763 198 1795 229 a

125 308 237 352 haec
257 307 386 366 quasi
407 306 718 351 medicinalem
740 322 822 365 pro
839 306 1060 365 qualitate
1080 307 1234 351 delicti
1255 307 1448 366 exigunt
1463 322 1632 354 curam.

126 378 235 437 Ipsa
260 393 370 422 uero
396 393 517 422 nunc
542 378 735 437 simplex
763 382 843 430 est,
871 393 992 422 nunc
1023 378 1152 437 quasi
1183 379 1411 437 quandam
1442 380 1632 425 acrimo-

125 449 251 493 niam
271 449 444 494 miscet.

185 519 523 572 Verumtamen,
544 535 646 565 cum
675 520 723 563 in
753 520 878 564 omni
906 519 1184 579 professione
1212 520 1451 580 disciplina
1480 536 1631 565 neces-

87 607 108 643 5
125 591 247 635 saria
274 591 348 643 sit,
366 606 591 649 nusquam
621 591 767 650 magis
788 606 924 649 quam
949 591 998 634 in
1026 592 1145 636 clero
1176 595 1223 636 et
1250 607 1299 636 re
1326 592 1540 646 militari3
1581 596 1632 636 at

124 673 198 703 res
217 659 441 711 militaris,
462 674 578 717 quae
598 659 749 703 minus
771 659 1049 703 exercitatur
1069 660 1118 703 in
1138 660 1316 719 spiritu,
1336 660 1541 704 acerbius
1562 664 1632 705 est

123 730 420 789 corporaliter
439 730 684 788 punienda.

183 801 339 846 Nichil
369 803 439 844 est
468 803 621 844 autem
643 799 764 858 quod
784 803 1025 858 utramque
1052 801 1198 859 magis
1226 801 1465 860 impugnet
1492 817 1629 859 quam

122 871 319 924 luxuria,
354 871 462 930 quia
499 871 646 915 omnis
680 871 1034 929 intemperantia
1069 872 1345 916 ordinationi
1380 872 1629 931 plurimum

62 954 106 984 ιο
123 943 406 988 aduersatur.
466 941 617 994 Porro,
638 941 717 985 ubi
738 941 848 986 ordo
873 956 965 985 non
986 944 1066 994 est,
1087 942 1292 987 confusio
1318 943 1464 987 locum
1491 943 1631 987 habet

122 1017 181 1066 et,
201 1013 290 1058 nisi
320 1013 596 1071 reprimatur
623 1011 911 1056 correctionis
941 1011 1128 1056 stimulo
1155 1013 1311 1071 procul
1337 1013 1477 1057 dubio
1502 1014 1629 1072 igno-

120 1083 309 1128 miniam
330 1098 388 1128 ex
407 1083 674 1127 necessitate
695 1082 926 1141 importat.
987 1082 1109 1136 Quid
1137 1083 1258 1127 enim
1287 1083 1425 1128 faciet
1446 1084 1630 1129 fortiter

121 1169 255 1214 quem
285 1154 471 1198 luxuria
497 1157 544 1198 et
572 1153 924 1212 intemperantia
954 1168 1046 1197 non
1076 1155 1172 1197 tam
1204 1155 1460 1198 exarmauit
1490 1170 1628 1213 quam

120 1225 434 1270 exanimauit?
510 1224 713 1279 Quartus
763 1224 880 1268 liber
930 1223 1460 1283 Strategemmaticorum
1517 1226 1626 1270 Iulii

60 1314 101 1352 15
121 1296 329 1341 Frontini
361 1295 504 1340 refert
535 1296 655 1354 quod
692 1295 880 1339 Publius
915 1294 1067 1353 Scipio
1102 1295 1161 1338 ad
1197 1294 1497 1340 Numantiam
1530 1311 1624 1340 cor·
1643 1303 1675 1342 b

119 1370 307 1426 ruptum
347 1367 630 1426 superiorum
671 1366 837 1410 ducum
878 1366 1083 1410 socordia
1130 1366 1380 1410 exercitum
1427 1368 1626 1412 correxit

119 1438 304 1483 dimisso
334 1438 511 1497 ingenti
540 1438 739 1482 lixarum
770 1451 970 1489 numero,
1000 1437 1195 1482 redactis
1226 1437 1284 1481 ad
1314 1452 1483 1482 munus
1510 1439 1623 1483 coti—

118 1509 257 1553 diana
297 1508 620 1553 exercitatione
660 1507 896 1560 militibus,
936 1507 1101 1566 quibus
1141 1523 1244 1552 cum
1295 1508 1509 1567 frequens
1552 1509 1623 1553 in-

118 1579 329 1639 iungeret
347 1580 437 1624 iter
455 1582 638 1638 portare
658 1578 958 1637 complurium
978 1578 1156 1622 dierum
1176 1579 1347 1623 cibaria
1370 1580 1624 1639 imperabat

58 1671 103 1699 20
119 1650 187 1695 ita
226 1654 281 1694 ut
320 1650 493 1710 frigora
532 1653 580 1694 et
623 1649 791 1693 imbres
835 1649 945 1708 pati,
986 1650 1106 1694 uada
1145 1650 1385 1694 fluminum
1431 1651 1623 1710 pedibus

118 1721 309 1766 traicere
335 1723 610 1766 assuesceret
640 1720 782 1774 miles,
804 1720 1108 1780 exprobrante
1136 1721 1326 1765 subinde
1351 1721 1623 1780 imperatore

116 1791 412 1836 timiditatem
440 1798 487 1836 et
511 1791 743 1851 ignauiam
771 1790 1102 1850 frangenteque
1132 1792 1406 1836 delicatioris
1436 1807 1545 1836 usus
1569 1807 1622 1837 ac

116 1877 279 1922 parum
299 1862 550 1907 necessaria
570 1861 849 1921 expeditioni
870 1877 991 1906 uasa.
1039 1862 1170 1916 Quod
1192 1863 1388 1907 maxime
1409 1863 1624 1908 nobiliter

116 1934 282 1979 accidit
308 1933 423 1978 Gaio
450 1933 669 1978 Nummio
698 1933 896 1986 tribuno,
917 1933 990 1977 cui
1021 1933 1190 1978 dixisse
1221 1934 1422 1978 traditur
1447 1934 1622 1992 Scipio:

57 2025 100 2060 ²5
117 2004 257 2049 Michi
277 2004 518 2064 paulisper,
539 2004 625 2049 tibi
647 2008 694 2048 et
714 2004 780 2048 rei
800 2003 1007 2062 publicae
1027 2019 1203 2063 semper
1222 2020 1418 2063 nequam
1439 2005 1540 2049 eris.

177 2075 376 2130 Quintus
404 2075 615 2119 Metellus
643 2075 761 2119 bello
791 2074 1036 2134 Iugurtino
1063 2075 1274 2119 similiter
1300 2075 1473 2134 lapsam
1504 2076 1623 2119 mili-

115 2149 216 2191 tum
237 2146 521 2205 disciplinam
541 2147 642 2206 pari
667 2146 914 2190 seueritate
939 2146 1154 2200 restituit,
1176 2161 1278 2191 cum
1306 2147 1492 2205 insuper
1518 2162 1620 2205 pro—

115 2217 294 2262 hiberet
313 2218 405 2262 alia
424 2233 558 2262 carne
579 2233 716 2276 quam
737 2233 839 2261 assa
859 2217 1037 2261 elixaue
1058 2217 1226 2262 milites
1246 2218 1328 2262 uti.
1370 2218 1619 2277 Philippus,
1637 2235 1663 2265 c

115 2303 219 2333 cum
259 2289 458 2347 primum
499 2288 750 2332 exercitum
789 2288 1098 2340 constitueret,
1134 2289 1446 2332 uehiculorum
1486 2304 1620 2332 usum

56 2383 100 2417 30
117 2359 326 2403 omnibus
361 2359 613 2411 interdixit,
644 2359 873 2416 equitibus
902 2374 995 2402 non
1025 2359 1221 2417 amplius
1251 2374 1387 2417 quam
1418 2359 1621 2418 singulos

116 2429 293 2474 lacones
332 2429 499 2473 habere
538 2429 756 2488 permisit,
786 2429 1016 2487 peditibus
1056 2433 1209 2473 autem
1250 2430 1378 2474 denis
1417 2430 1620 2489 singulos

115 2577 139 2612 4
162 2566 470 2652 Ὺῖτέᾒριαωω
486 2565 520 2603 A
619 2576 664 2612 14
680 2564 1085 2613 strategematicorum
1102 2564 1190 2603 0¹M
1287 2577 1333 2604 22
1357 2566 1620 2616 frangentem-

115 2627 190 2662 que

166 2746 208 2785 15
235 2739 391 2774 Publius
407 2739 507 2774 etc.:
534 2735 708 2774 Frontin.
726 2737 879 2783 Strateq.
897 2735 946 2772 iv.
968 2746 983 2773 1
1006 2734 1025 2784 §
1048 2746 1082 2774 1.
1190 2747 1238 2783 24
1261 2738 1461 2776 Nummio:
1488 2738 1618 2786 potius

113 2786 301 2823 Memmio.
471 2786 518 2822 26
546 2786 705 2830 Quintus
721 2786 794 2822 etc.
813 2797 823 2822 ε
853 2783 1027 2822 Frontin.
1044 2786 1198 2832 Strateq.
1216 2785 1265 2823 iv.
1287 2797 1301 2823 1
1326 2785 1344 2833 ξ
1365 2796 1399 2823 2.
1572 2789 1617 2825 28

113 2835 316 2881 Philippus
332 2836 406 2872 etc.
424 2845 433 2871 τ
461 2832 636 2870 Frontin.
653 2834 808 2879 Stratey.
826 2832 875 2870 iv.
897 2843 911 2870 1
935 2832 953 2881 §
973 2834 1008 2870 6.
1195 2844 1238 2881 31
1266 2835 1433 2872 lacones:
1458 2834 1512 2872 sic
1533 2836 1617 2884 (pro

115 2883 273 2930 calones)
293 2883 413 2921 etiam
431 2881 582 2920 codices
599 2881 779 2919 Frontini
797 2881 960 2931 optimi3
987 2881 1036 2919 cf.
1057 2894 1173 2930 supra
1190 2894 1222 2921 c.
1240 2893 1263 2930 3
1282 2884 1370 2931 (594
1382 2884 1434 2932 c).

1461 2963 1504 3001 2⁷
