1846 3262
131 245 232 281 on.
247 233 320 296 v1]
647 235 1088 283 Pomanrlcvs
1629 250 1713 292 729
1732 234 1767 282 ῑι·

131 356 331 400 numinis
350 356 620 401 sollicitatur
639 357 789 416 gratia
810 360 857 401 et
876 357 1003 415 quasi
1028 357 1247 415 religioffis
1265 357 1471 416 precibus
1489 358 1610 402 inui-

131 429 272 479 tatur,
287 427 365 484 qui
386 427 498 473 luxu
519 431 566 470 et
585 428 883 479 immunditia,
895 428 982 485 piis
1002 428 1227 472 mentibus
1246 428 1438 480 inimica,
1452 429 1608 487 procul

130 495 356 555 abigitur;
386 498 605 554 siquidem
626 502 706 541 aut
721 498 844 541 Deus
862 498 1037 542 sobrius
1056 513 1146 542 non
1166 501 1236 542 est
1254 501 1335 542 aut
1355 499 1396 542 ei
1415 499 1608 543 ebrietas

129 565 347 624 displicet.
406 568 513 611 Sine
532 583 741 611 mensura
760 568 931 611 bibitur
945 568 1003 611 ad
1018 582 1295 621 mensuram;
1325 571 1372 612 et
1390 569 1429 612 is
1448 569 1607 613 ceteris
1622 568 1654 607 b

91 659 112 694 5
130 637 361 693 praeualet
380 638 458 694 qui
477 640 558 680 aut
576 638 684 695 gula
703 641 784 681 aut
803 637 905 681 dolo
919 638 1084 681 strauit
1097 641 1179 681 aut
1193 638 1304 682 uicit
1318 642 1606 696 compotores.

246 712 456 756 Inuenies
485 713 576 757 illic
606 714 683 770 qui
714 713 919 756 Nestoris
948 713 1099 756 ebibat
1128 728 1280 767 annos,

304 775 414 828 quot
443 772 504 815 sit
532 787 612 829 per
639 772 796 815 calices
826 772 948 816 facta
977 772 1138 815 Sibilla
1166 787 1314 816 senex.

129 845 268 890 Potus
287 848 467 904 quidem
487 848 688 890 animum
712 863 741 890 a
766 847 885 891 curis
905 847 1097 899 redimit,
1117 847 1254 892 soluit
1276 852 1484 900 mentem,
1503 863 1605 893 con-

127 919 303 974 ceptam
322 917 514 961 letitiam
542 917 822 961 dissimulare
848 932 939 960 non
963 921 1134 975 potest;
1164 918 1418 975 prorumpit
1436 919 1485 961 in
1504 933 1607 962 can-

69 1009 113 1035 10
128 986 220 1030 tica
237 989 285 1030 et
303 987 362 1030 ab
381 988 445 1031 eis
470 988 528 1031 ab
552 988 784 1031 libidinem
810 987 971 1045 uergit.
1030 987 1235 1044 Cythara
1265 988 1455 1031 crinitus
1474 988 1608 1046 Iopas

127 1071 218 1100 non
236 1057 486 1101 stulticinia
504 1058 578 1100 uel
599 1057 800 1101 bucolica
819 1060 1030 1115 personat
1049 1060 1301 1101 amatorum
1321 1058 1399 1101 sed
1420 1073 1472 1101 ea
1492 1073 1607 1116 quae

125 1127 273 1171 ciuilis
292 1130 540 1171 conuentus
567 1131 853 1171 uenustatem
881 1127 1068 1171 deceant
1089 1131 1135 1170 et
1155 1128 1450 1185 philosophici
1469 1129 1605 1172 maie-

124 1199 301 1240 statem.
360 1198 545 1240 Vtinam
581 1198 629 1240 in
655 1197 1017 1242 Christianorum
1051 1197 1224 1241 cetibus
1254 1202 1608 1242 rememorentur

122 1265 203 1309 illa
226 1281 340 1323 quae
367 1267 415 1309 in
444 1267 677 1310 luxurioso
700 1266 890 1310 Didonis
916 1266 1125 1309 conuiuio
1150 1266 1340 1310 crinitus
1369 1270 1415 1310 et
1438 1267 1604 1312 incom-

64 1357 106 1393 ¹³
121 1335 296 1393 positus
325 1336 459 1394 Iopas
493 1336 735 1394 personuit,
795 1336 981 1379 Vtinam
1013 1336 1213 1379 bucolica
1246 1336 1320 1379 uel
1354 1337 1605 1381 stulticinia

120 1410 373 1450 amatorum
397 1407 712 1464 conquiescant
738 1406 787 1448 in
811 1405 943 1449 domo
969 1406 1198 1463 sapientis,
1217 1408 1264 1449 et
1287 1421 1340 1450 ea
1367 1406 1415 1449 in
1441 1407 1603 1451 auditu

120 1476 320 1519 omnium
340 1481 549 1520 resonent
569 1491 682 1534 quae
709 1479 791 1519 aut
816 1476 992 1533 prosint
1021 1479 1102 1519 aut
1131 1476 1227 1519 sine
1254 1472 1536 1534 turpitudine
1556 1482 1602 1521 et
1619 1495 1646 1525 c

121 1547 406 1604 corruptione
440 1547 732 1590 demulceant.
804 1546 865 1590 Et
899 1546 1079 1604 quidem
1112 1546 1340 1604 eleganter
1370 1547 1522 1591 innuit
1552 1548 1601 1590 in

118 1617 294 1660 cantico
313 1617 531 1661 citharedi
546 1621 680 1675 poeta
694 1617 977 1661 doctissimus
997 1620 1202 1660 ueterum
1222 1617 1507 1675 grauitatem,
1523 1619 1601 1676 qui

59 1705 105 1734 ω
119 1686 170 1730 111
202 1690 306 1731 cetu
339 1687 463 1731 ciuili
499 1687 638 1731 nichil
677 1687 980 1731 admittebant
1019 1687 1107 1731 nisi
1146 1687 1266 1745 quod
1297 1690 1486 1732 naturae
1520 1692 1603 1732 aut

118 1771 293 1800 morum
340 1757 634 1801 instructione
677 1758 875 1815 polleret.
943 1757 1156 1801 Plausum
1202 1758 1400 1801 conuiuii
1446 1759 1602 1803 uarius

116 1841 262 1871 sermo
287 1828 585 1885 prosequitur,
614 1843 754 1885 eoque
781 1827 969 1871 Veneris
999 1828 1156 1870 munia
1180 1831 1447 1885 procurante
1473 1844 1600 1873 mens

117 1897 242 1940 ebria
288 1897 473 1954 longum
515 1898 797 1941 insolubilem
835 1901 882 1941 et
923 1897 1187 1955 pestiferum
1231 1898 1348 1941 bibit
1390 1913 1599 1951 amorem,

116 1981 251 2024 quem
288 1966 454 2009 diffinit
491 1967 780 2024 philosophus
818 1982 912 2011 esse
950 1967 1352 2024 concupiscentiam
1397 1970 1598 2013 coeundi.

116 2070 140 2106 4
163 2060 212 2105 is]
230 2059 306 2096 hiis
321 2060 355 2096 A
461 2069 479 2107 5
506 2062 786 2107 compotatores
801 2058 888 2096 0²8²
1002 2070 1047 2097 10
1063 2059 1220 2097 Cithara
1236 2059 1325 2096 CAS
1419 2073 1538 2108 yopas
1556 2061 1597 2098 Μ

120 2118 159 2145 11
187 2107 412 2144 stultissima
428 2108 469 2143 Μ
603 2118 644 2153 13
670 2107 888 2145 christianis
904 2107 946 2143 Μ
1042 2107 1205 2154 cetibus]
1223 2108 1371 2155 legibus
1388 2108 1428 2145 Μ
1553 2119 1594 2157 15

114 2167 234 2202 yopas
250 2155 289 2192 Μ
433 2165 480 2200 24
504 2155 764 2203 phylosophus
780 2155 822 2191 Μ

114 2227 820 2299 mvembantun
843 2242 918 2279 hoc
934 2242 1018 2296 loco
1033 2244 1168 2297 tamen
1184 2253 1254 2289 pro
1277 2255 1483 2298 ayaparufn
1504 2243 1595 2290 poni

115 2292 453 2384 Effssffiussssoriss
464 2289 1594 2386 sssgffiffssiussnssssfflqu‘ffffihss‘ssoleffifeierssf‘sssswffit

116 2387 207 2433 xvii,
231 2388 328 2435 Aug.
354 2389 454 2433 Epp.
471 2387 563 2430 xxii,
589 2385 682 2422 xxix
707 2385 855 2440 (Migne
878 2387 921 2422 Ρ.
931 2387 977 2421 L.
994 2385 1035 2423 ii.
1054 2395 1123 2432 977
1142 2397 1232 2431 seq„
1260 2385 1390 2422 xxxiii.
1407 2396 1455 2431 90
1475 2398 1593 2433 seqq„

119 2446 188 2480 1¹4
202 2434 451 2482 seqq.),Grat.
468 2437 574 2471 Deer.
592 2433 622 2470 Ι.
636 2432 706 2469 xlii
725 2433 946 2480 (Fnedberg
960 2432 985 2469 i.
1008 2443 1085 2480 151,
1105 2436 1199 2479 152).
1343 2444 1367 2479 4
1393 2434 1530 2470 bibitur
1544 2437 1595 2471 ad

114 2495 344 2519 mearam:
369 2495 400 2518 v.
418 2482 483 2519 Ov.
500 2484 602 2519 Fast.
618 2481 674 2517 iii.
694 2490 762 2528 532
778 2483 829 2517 ad
844 2493 1103 2528 numerumque
1119 2482 1256 2518 bibunt.
1373 2482 1397 2518 6
1420 2483 1595 2519 Inuenies

114 2529 211 2568 eta:
235 2530 303 2567 Ov.
322 2531 423 2566 Fast.
438 2529 495 2566 iii.
516 2539 593 2576 533,
614 2538 692 2575 534.
852 2538 872 2574 7
898 2534 1007 2575 quot:
1033 2540 1126 2576 quae
1142 2527 1209 2566 Ov.
1349 2541 1483 2565 senex:
1509 2542 1595 2567 suos

114 2578 179 2615 Ov.
326 2589 370 2615 10
396 2579 557 2625 cythara
580 2579 738 2613 crinitus
759 2577 892 2622 Iopas:
917 2576 1029 2623 Verg.
1053 2577 1147 2612 Aen.
1172 2575 1200 2612 i.
1226 2586 1321 2622 7403
1346 2576 1395 2612 cf.
1426 2576 1594 2615 Macrob.

113 2627 190 2663 Sat.
208 2624 272 2661 vii.
294 2635 309 2662 1
332 2625 351 2673 ξ
372 2636 428 2671 14.
571 2635 618 2670 24
642 2626 780 2670 diffinit
793 2625 1032 2670 phsloaophus
1046 2625 1142 2660 etc.:
1168 2636 1203 2660 v.
1219 2624 1283 2660 Ar.
1305 2625 1391 2671 Top.
1408 2624 1456 2661 vi,
1476 2634 1508 2670 7.
1525 2627 1594 2670 146

113 2685 149 2710 a.
163 2684 188 2720 9
199 2676 219 2709 ὁ
231 2675 317 2719 ἔρως
331 2674 494 2718 ἐπιθυμία
510 2674 700 2709 συνουσίας
714 2672 833 2714 ἑστίη
858 2672 960 2718 quod
972 2674 1102 2708 tamen
1116 2671 1231 2708 vertit
1244 2671 1428 2708 Boethius
1441 2672 1591 2720 (Migne

112 2723 200 2758 RL.
210 2720 299 2756 lxiv.
313 2724 399 2767 979)
413 2733 520 2757 amor
529 2721 817 2766 concupiscentia
828 2721 1073 2756 conventionis
1083 2725 1144 2756 est.
1182 2719 1323 2756 Forsan
1337 2720 1415 2756 alia.
1430 2732 1518 2757 usus
1533 2724 1591 2759 est

113 2769 279 2806 Ioannes
303 2767 622 2823 interpretatione
646 2779 671 2804 a
694 2765 840 2804 Graeco
865 2767 1029 2813 quodam
1060 2769 1209 2804 natione
1239 2770 1447 2804 Severitano
1471 2768 1587 2813 facta,

112 2828 227 2864 quam
248 2817 375 2852 Metal.
403 2816 458 2852 111.
484 2825 503 2862 5
531 2817 617 2863 (902
643 2824 677 2858 c,
696 2814 742 2861 D)
769 2826 892 2862 nuper
907 2815 949 2851 in
964 2815 1090 2851 lucem
1108 2815 1294 2862 prodiisse
1312 2815 1487 2863 legimus.
1523 2815 1587 2854 Sic

111 2866 238 2901 naal.
271 2863 311 2900 11.
343 2874 390 2900 2ο
419 2865 503 2910 (885
531 2864 576 2910 D)
607 2874 747 2899 novam
780 2864 1059 2908 Analytioorum
1096 2862 1461 2910 interpretationem
1499 2876 1588 2902 cum

112 2912 327 2950 Boethiana
343 2912 504 2949 confert.
553 2911 610 2949 ef.
630 2910 950 2950 Schaarschmidt.
965 2912 1124 2948 Iohann.
1141 2911 1282 2948 Saraeb.
1301 2923 1341 2959 p.
1363 2922 1440 2949 121.

1412 2985 1480 3022 ²59
