1846 3262
90 224 155 264 811
175 234 208 264 a
535 223 740 268 1OANN
742 222 801 267 Is
843 223 1363 269 SARESBERIENSIS
1483 224 1595 286 [Lm.
1612 237 1706 271 v111

223 344 415 388 alterum
455 347 737 402 segregretur
781 344 839 387 ab
881 344 1034 390 altero.
1109 344 1361 389 cessabunt
1410 346 1542 404 plane
1589 347 1709 391 bella

223 415 387 466 ciuilia,
407 415 444 458 si
469 414 824 472 praesumptioni
843 414 959 458 desit
985 415 1253 459 temeritatis
1273 416 1464 461 adiutor.
1525 417 1621 461 Nec
1641 421 1710 461 est

224 485 302 542 qui
323 485 525 528 conciues
545 485 686 543 possit
705 500 864 543 urgere
884 485 942 527 ad
963 484 1173 537 furorem,
1204 486 1291 529 nisi
1322 501 1396 530 eos
1425 487 1709 544 aliquatenus

223 554 322 612 ipsa
357 555 547 598 delectet
589 554 775 598 insania.
836 554 1003 612 Vtique
1042 555 1282 599 necessitas
1321 556 1585 600 confurendi
1627 560 1709 600 aut

223 624 349 667 nulla
369 625 550 668 omnino
570 628 651 668 aut
670 628 723 667 ut
742 625 935 668 multum
955 625 1223 683 imaginaria
1242 628 1322 669 est.
1383 626 1507 670 Haec
1533 641 1709 685 quoque
1727 643 1747 680 5

223 694 460 752 permultis
493 695 790 752 maximisque
819 695 1028 752 periculis
1058 698 1196 753 patet,
1222 711 1411 753 quorum
1440 712 1571 740 nemo
1600 696 1712 740 satis

224 764 420 808 declinat
445 768 669 817 euentum,
697 765 784 808 nisi
813 768 1079 823 praecaueat
1108 765 1382 810 facultatem.
1441 766 1600 810 Innuit
1628 767 1712 811 hoc

223 838 358 893 poeta
383 835 676 893 grauissimus
704 838 795 887 aut,
820 835 858 879 si
879 835 1010 879 iuxta
1030 836 1360 890 Quintilianum
1381 838 1545 882 rectius
1565 838 1712 881 dicere

226 905 437 948 malueris
466 908 700 957 oratorem,
727 921 817 949 non
845 906 1058 964 repugno,
1081 906 1189 949 dum
1212 910 1386 951 constet
1405 907 1712 965 praecauenda

178 980 209 1019 b
228 990 321 1019 esse
342 975 479 1019 etiam
504 991 618 1033 quae
644 979 832 1034 possunt
859 976 1039 1020 euenire
1066 977 1264 1035 pericula
1293 981 1339 1021 et
1369 967 1712 1022 uniuersitatem
1731 996 1774 1020 10

227 1046 285 1089 ab
334 1060 424 1089 uno
475 1046 675 1103 quolibet
718 1046 816 1105 cogi
856 1061 947 1090 non
987 1062 1116 1105 posse
1155 1050 1208 1091 ut
1247 1047 1401 1092 sceleri
1441 1048 1714 1107 obsequatur
1768 1053 1771 1056 ’

225 1116 382 1161 inuita.
442 1117 524 1161 Ait
553 1117 698 1161 enim:

344 1204 432 1248 Hic
452 1205 659 1262 quamuis
677 1205 802 1249 nullo
821 1205 1070 1249 maculatus
1089 1207 1307 1264 sanguine
1326 1206 1454 1250 miles

345 1278 459 1320 quae
479 1264 628 1321 potuit
649 1263 804 1307 fecisse
824 1265 969 1308 timet.
1031 1265 1150 1318 Quid
1170 1268 1351 1322 pectora
1369 1266 1530 1323 pulsa?

345 1323 454 1379 quid
474 1337 637 1366 uesane
657 1323 829 1381 gemis?
858 1323 966 1380 quid
985 1323 1118 1366 fletus
1138 1323 1291 1367 fundis
1309 1324 1497 1369 inanes?
1734 1347 1776 1382 15

348 1380 443 1424 Nec
463 1385 508 1424 te
529 1385 687 1438 sponte
706 1384 788 1425 tua
807 1382 959 1425 sceleri
979 1397 1135 1439 parere
1156 1382 1344 1426 fateris?

346 1439 497 1497 Vsque
518 1441 685 1484 adeone
704 1440 837 1484 times
858 1456 989 1497 quem
1010 1445 1062 1484 tu
1083 1441 1195 1484 facis
1215 1456 1309 1485 esse
1328 1442 1613 1488 timendum?

348 1498 545 1542 Classica
565 1500 642 1543 det
661 1499 777 1543 bello
796 1518 805 1552 ;
836 1499 956 1543 diros
975 1502 1028 1542 tu
1048 1500 1224 1558 neglige
1244 1503 1403 1544 cantus
1421 1517 1430 1544 z

346 1558 476 1615 signa
496 1558 615 1601 ferat
632 1572 640 1611 ;
671 1573 793 1601 cessa
810 1575 818 1601 :
848 1559 938 1601 iam
959 1558 1049 1601 iam
1070 1559 1215 1602 ciuilis
1237 1559 1386 1602 Erinis

346 1617 549 1660 concidet
569 1620 615 1660 et
635 1616 772 1661 Cesar
790 1632 1004 1675 generum
1024 1617 1231 1675 priuatus
1251 1617 1432 1662 amabit.
1734 1630 1778 1654 ²0

230 1704 317 1756 Sic,
344 1705 417 1757 sic,
449 1704 487 1748 si
519 1704 716 1748 Ecclesia
742 1703 828 1748 Dei
850 1704 1051 1762 erigatur
1079 1705 1128 1747 in
1152 1704 1351 1763 Spiritus
1380 1705 1647 1757 libertatem,
1676 1706 1716 1749 si

230 1775 531 1818 ministerium
551 1774 726 1818 sceleris
752 1774 902 1818 subire
929 1774 1158 1827 detrectet,
1189 1778 1270 1818 aut
1301 1775 1482 1819 omnino
1508 1776 1718 1820 scismata

232 1846 463 1903 sopientur
489 1847 581 1899 aut,
609 1848 818 1888 manente
846 1860 1057 1903 compage
1083 1845 1285 1897 unitatis,
1309 1845 1392 1889 soli
1417 1845 1537 1890 inter
1560 1861 1607 1890 se
1634 1846 1717 1889 sci-

192 1926 217 1955 e
234 1916 409 1960 smatici
425 1915 714 1959 dimicabunt.
757 1915 946 1959 Interim
967 1916 1196 1959 contineat
1216 1916 1411 1960 Ecclesia
1426 1930 1586 1959 manus
1601 1931 1717 1969 suas,

233 1987 445 2044 quoniam
494 1985 672 2044 gladius
712 1985 846 2039 Petri,
887 1986 964 2043 qui
1004 1986 1268 2044 sanguinem
1317 1986 1486 2030 carnali
1535 1986 1718 2030 sitiebat
1737 2001 1778 2036 25

234 2057 408 2110 affectu,
428 2056 641 2099 mandato
662 2056 844 2099 Domini
865 2056 922 2099 ad
953 2071 1162 2114 praesens
1187 2056 1359 2115 tegitur
1387 2056 1437 2099 in
1463 2056 1642 2114 uagina,
1672 2060 1719 2100 et

234 2126 442 2185 discipuli
469 2127 695 2171 eradicare
724 2126 896 2169 zizania
924 2129 1214 2185 properantes
1243 2127 1582 2185 praecipiuntur
1606 2141 1719 2170 mes·
1763 2167 1765 2169 ,

236 2213 357 2242 sores
383 2197 565 2255 angelos
592 2200 838 2254 expectare.
899 2197 1010 2241 Oret
1040 2197 1230 2241 unitatis
1259 2197 1498 2255 integritas
1526 2199 1580 2240 ut
1605 2197 1654 2240 in
1674 2212 1721 2241 se

236 2268 419 2325 colligat
439 2268 705 2310 dissidentes
725 2267 841 2325 lapis
867 2267 1045 2319 incisus,
1076 2267 1123 2310 in
1149 2282 1237 2325 quo
1267 2267 1489 2311 fundatur
1513 2267 1721 2322 Ecclesia,

239 2394 256 2421 1
285 2383 467 2430 alterum]
485 2396 606 2420 unum
624 2383 688 2420 M:
710 2388 793 2430 post
810 2383 975 2420 alterum
993 2385 1078 2419 add.
1095 2385 1199 2421 recte
1217 2382 1242 2420 S
1390 2394 1433 2430 14
1457 2383 1572 2432 quae]
1590 2383 1663 2429 Qui
1680 2383 1722 2421 M

237 2443 283 2469 22
310 2433 502 2469 detrectat
519 2431 578 2467 BS
722 2442 768 2478 29
793 2430 952 2468 incissus
970 2431 1082 2468 GBS:
1108 2431 1286 2468 inscissus
1302 2431 1376 2468 AM

288 2543 311 2577 4
337 2533 574 2578 confurendi:
602 2532 685 2568 Hoc
707 2530 944 2575 vocabulum,
964 2530 1069 2568 cuius
1091 2543 1222 2568 sensus
1238 2530 1351 2568 facile
1372 2530 1625 2579 intellegitur,
1642 2543 1722 2568 non

241 2580 426 2617 exhibent
444 2579 592 2617 Lexica.
771 2582 791 2616 8
812 2585 920 2626 poeta
933 2580 1200 2625 yrauissimus:
1226 2591 1277 2616 sc.
1294 2578 1479 2616 Lucanus.
1616 2581 1726 2616 iuxta

244 2631 536 2673 Quintilianum:
561 2640 593 2664 v.
612 2626 770 2672 Quintil.
788 2629 879 2663 Inst.
901 2629 961 2664 Or.
978 2639 1014 2663 x.
1037 2638 1050 2663 1
1074 2626 1091 2674 ξ
1112 2638 1169 2674 90.
1286 2637 1327 2673 13
1352 2629 1426 2664 Hic
1441 2629 1611 2675 quamuis
1626 2629 1722 2664 etc:

242 2677 333 2713 Luc.
351 2678 479 2713 Phars.
498 2675 546 2713 iv.
567 2676 740 2713 181-188.
835 2677 932 2712 Hic:
958 2677 1011 2711 Et
1027 2675 1115 2712 Luc.
1263 2685 1306 2720 14
1327 2678 1460 2722 pulsa:
1480 2677 1612 2722 pulsas
1635 2675 1725 2712 Luc.

245 2734 288 2771 15
314 2727 403 2772 quid
413 2727 547 2770 fletus:
565 2725 680 2770 fletus
695 2725 784 2770 quid
800 2723 890 2761 Luc.
1059 2724 1101 2760 18
1126 2725 1249 2760 diros:
1275 2735 1403 2759 saeuos
1418 2723 1507 2760 Luc.
1677 2733 1722 2760 21

243 2774 408 2818 Spiritus
431 2774 652 2809 libertatem:
680 2784 714 2807 v,
731 2782 752 2808 2
771 2770 854 2808 Cor.
873 2770 928 2807 iii.
949 2780 1006 2816 17.
1198 2779 1243 2817 25
1267 2773 1417 2816 yladius
1440 2772 1542 2807 Petri
1564 2772 1664 2809 eta:
1689 2782 1724 2808 v.

246 2819 380 2856 Ioann.
399 2820 502 2856 xviii.
524 2831 576 2864 10,
600 2830 654 2857 11.
846 2829 889 2863 27
915 2820 1090 2865 discipuli
1107 2820 1204 2856 etc.:
1229 2831 1262 2855 v.
1280 2819 1392 2855 Matt.
1417 2818 1495 2855 xiii.
1520 2821 1649 2866 28-30,
1667 2829 1723 2866 39.

245 2870 290 2904 28
314 2870 471 2904 unitatis
487 2869 697 2914 inteyritas:
724 2879 773 2904 sc.
791 2866 946 2913 integra
962 2865 1145 2910 Ecclesia.
1290 2877 1337 2914 29
1361 2868 1458 2914 lapis
1475 2868 1613 2904 incisus
1628 2868 1726 2905 eta:

244 2927 277 2952 v.
298 2915 369 2951 Isa.
389 2915 518 2952 xxviii.
540 2918 607 2960 16;
641 2914 738 2952 Dan.
755 2914 795 2951 ii.
813 2925 872 2961 44,
890 2924 958 2962 45;
985 2915 1099 2952 Matt.
1117 2913 1191 2952 xvi.
1213 2914 1268 2952 18.

355 2980 424 3014 404
