1846 3262
78 196 155 245 613
173 195 203 234 b
555 189 760 235 IOANN
761 189 821 234 IS
863 185 1385 232 SARESBERIENSIS
1532 181 1644 243 [ΜΒ.
1660 193 1711 227 VI

224 313 476 358 uicinorum
516 310 857 356 similitudinem
899 307 1221 352 exterminasse
1261 305 1501 350 sufficiunt.
1582 303 1711 348 Greci

225 399 418 441 namque
438 383 507 426 lac
527 382 653 440 galac
668 382 837 432 dicunt,
851 379 971 422 unde
987 382 1033 422 et
1047 377 1251 436 galaxias
1263 377 1432 421 lacteus
1448 375 1713 433 appellatur,

226 457 272 498 et
306 453 424 497 Galli
465 452 593 510 quasi
628 451 772 495 colore
811 449 943 493 lactei
984 451 1030 492 et
1065 447 1286 491 Galathae
1326 447 1404 504 qui
1446 445 1712 503 quandoque

225 523 334 566 dicti
375 529 482 565 sunt
523 520 785 579 Gallogreci,
815 520 864 562 in
903 519 1070 562 finibus
1105 517 1289 561 Greciae
1329 531 1440 575 quos
1481 516 1711 559 Gallorum

224 593 388 636 militia
407 591 653 649 occupauit.
697 590 868 633 Mansit
887 592 1040 632 autem
1061 589 1285 632 exercitus
1305 587 1381 631 ille
1402 587 1581 630 Brenno
1601 585 1711 628 duee
1731 600 1750 634 5

224 663 528 720 triumphator
556 664 601 705 et
625 676 800 718 semper
827 660 1035 710 inuictus,
1057 659 1197 703 donec
1224 659 1457 716 insurgere
1481 671 1617 700 ausus
1645 658 1712 698 est

224 733 271 775 in
288 733 404 784 deos,
419 732 566 790 ipsum
580 731 803 790 Apollinis
819 730 1089 788 Delphicum
1105 729 1324 773 inuadens
1340 727 1571 786 templum.
1611 726 1712 776 Vbi,

222 818 324 847 cum
363 802 533 846 incolae
573 801 646 845 dei
686 816 815 859 opem
857 800 1119 858 suppliciter
1158 799 1462 857 implorarent,
1502 798 1712 840 iuuenem

223 887 358 929 supra
378 872 626 914 humanum
653 870 837 914 modum
865 870 1055 928 insignis
1085 868 1436 927 pulchritudinis
1463 868 1511 910 in
1536 866 1711 910 delubri

223 942 416 986 culmine
440 945 781 1000 conspexerunt.
841 940 1040 984 Auditus
1065 943 1133 983 est
1160 940 1297 983 etiam
1322 939 1489 982 stridor
1515 952 1644 981 arcus
1665 940 1711 980 et
1731 958 1779 982 10.

182 1027 208 1056 c
224 1013 439 1070 strepitus
460 1027 697 1055 armorum.
759 1011 921 1055 Subito
943 1011 1079 1054 etiam
1101 1013 1247 1053 terrae
1267 1012 1395 1053 motu
1415 1024 1519 1067 pars
1544 1008 1710 1052 montis

224 1083 419 1139 abrupta
459 1082 691 1125 Gallorum
740 1081 907 1125 strauit
948 1081 1206 1124 exercitum.
1288 1081 1499 1124 Insecuta
1549 1078 1710 1122 deinde

224 1154 467 1209 tempestas
497 1154 565 1194 est
590 1166 704 1208 quae
728 1151 947 1209 grandine
976 1153 1022 1193 013
1046 1149 1215 1209 frigore
1246 1150 1418 1194 saucios
1448 1148 1711 1207 absumpsit.

225 1222 334 1265 Dux
353 1222 448 1279 ipse
465 1221 683 1272 Brennus,
704 1236 805 1265 cum
826 1221 1022 1264 dolorem
1043 1221 1283 1264 uulnerum
1304 1220 1423 1264 ferre
1439 1235 1529 1264 non
1549 1222 1711 1278 posset,

223 1291 419 1349 pugione
444 1291 587 1334 uitam
607 1291 771 1335 finiuit.
833 1291 928 1334 Nec
955 1293 1136 1334 moueat
1156 1305 1426 1348 quemquam
1448 1290 1519 1349 (ut
1539 1290 1710 1334 dictum
1731 1311 1770 1345 15

225 1363 310 1418 est)
350 1361 399 1403 in
438 1361 607 1419 templo
650 1362 798 1405 uisum
844 1376 938 1405 esse
979 1361 1237 1419 Apollinem
1278 1361 1336 1404 ad
1384 1362 1510 1405 ducis
1549 1360 1709 1404 inuicti

224 1432 457 1475 audaciam
493 1432 810 1475 cohercendam
841 1432 1167 1490 delendumque
1203 1432 1451 1476 exercitum
1486 1432 1576 1490 qui,
1610 1446 1708 1490 per-

222 1501 433 1544 mittente
453 1501 560 1553 Deo,
574 1501 858 1560 exigentibus
879 1502 1021 1559 culpis
1042 1502 1287 1554 hominum,
1298 1503 1466 1546 multas
1482 1502 1710 1546 deleuerat

222 1572 439 1624 nationes,
474 1587 574 1615 cum
607 1575 779 1616 certum
807 1573 868 1616 sit
904 1573 1048 1616 aerias
1079 1575 1326 1631 potestates
1356 1574 1601 1631 plurimum
1632 1588 1707 1617 ne-

223 1642 391 1699 quitiae
412 1657 517 1685 suae
549 1657 752 1686 exercere
780 1643 828 1685 in
849 1643 949 1686 illos
977 1643 1055 1701 qui
1083 1659 1217 1687 sanae
1241 1644 1346 1688 fidei
1374 1647 1580 1702 expertes
1601 1647 1708 1688 sunt
1729 1662 1770 1686 20

222 1715 268 1755 et
287 1727 420 1755 uerae
451 1713 679 1771 religionis
707 1714 865 1772 ignari.
927 1713 1004 1757 Eis
1024 1729 1218 1772 namque
1245 1715 1395 1773 gratia
1422 1715 1709 1759 subtrahitur

222 1782 443 1839 daturque
481 1783 692 1840 malignis
732 1783 966 1841 spiritibus
1013 1784 1196 1828 licentia
1236 1785 1437 1837 nocendi,
1478 1801 1579 1829 cum
1620 1785 1708 1829 nisi

175 1850 205 1890 d
222 1852 414 1896 Domino
452 1853 741 1910 permittente
782 1854 964 1897 omnino
1004 1869 1161 1898 nocere
1204 1870 1296 1898 non
1335 1856 1509 1914 possint
1548 1871 1629 1900 nec
1670 1857 1709 1900 si

221 1922 376 1973 uelint,
407 1925 463 1973 et,
494 1922 611 1966 sicut
641 1923 898 1981 euangelico
929 1924 1114 1968 docetur
1143 1926 1413 1979 testimonio,
1443 1942 1534 1970 non
1569 1926 1707 1984 impe-

220 1995 343 2035 trata
372 1992 554 2036 licentia
583 2008 674 2037 non
703 1994 901 2038 audeant
930 1998 1011 2038 aut
1041 1999 1210 2053 queant
1240 1996 1411 2041 irruere
1446 1997 1495 2040 in
1525 2012 1707 2056 gregem
1729 2021 1745 2044 2
1750 2022 1768 2055 5

220 2075 466 2119 porcorum.

221 2194 243 2221 2
269 2183 416 2221 lactens
446 2184 507 2221 CB
700 2196 720 2231 3
746 2184 938 2241 galate-S:
975 2186 1128 2234 galatae
1157 2187 1198 2224 M
1391 2197 1413 2234 7
1439 2200 1462 2225 a
1491 2189 1650 2236 pollinis
1677 2189 1707 2226 B

220 2231 397 2269 delficum
415 2231 440 2269 S
593 2242 616 2279 9
641 2233 910 2280 pulcritudinis
927 2234 987 2271 AS
1170 2246 1214 2283 19
1239 2235 1439 2275 nasciones
1457 2201 1488 2274 ξ
1662 2248 1708 2285 23

220 2282 379 2327 possunt
395 2280 427 2316 B
589 2291 636 2326 24
661 2282 915 2329 euuangelico
932 2282 967 2318 A

269 2407 291 2434 2
312 2399 488 2442 yalaxias
503 2401 598 2436 etc.:
623 2411 656 2435 v.
676 2399 845 2437 Macrob.
862 2403 906 2437 de
926 2402 1051 2439 Somn.
1075 2403 1173 2449 Scip.
1200 2401 1227 2439 i.
1251 2413 1276 2448 4
1303 2401 1322 2450 ξ
1350 2411 1384 2450 5.
1578 2405 1600 2441 8
1626 2416 1709 2441 oum

219 2447 358 2482 incolae
374 2447 447 2483 etc.
463 2459 472 2482 ε
497 2459 530 2482 v.
549 2447 683 2484 Iustin.
700 2448 802 2485 xxiv.
821 2451 842 2486 8
862 2448 904 2496 ἓξ
927 2459 1030 2496 5-11.
1207 2461 1250 2498 19
1275 2453 1398 2488 aerias
1409 2457 1604 2498 potestates
1618 2452 1707 2508 ².⁹i⁰

221 2505 334 2540 saepe
339 2497 623 2577 1§llFincupantur
630 2496 842 2579 ldaemones
860 2497 975 2541 mali;
1001 2509 1031 2535 e.
1046 2511 1085 2546 g.
1101 2498 1150 2535 ab
1166 2498 1383 2555 Augustino
1401 2502 1445 2536 de
1474 2501 1577 2556 Τήῃ.
1603 2500 1707 2547 ii1.7

219 2540 350 2625 ἓέιῗῃξ,
378 2545 727 2638 ssgosssstpffaffissss‘rf
731 2546 932 2640 3325.ssAE
935 2548 1055 2631 ‘³1:2²5ss
1069 2547 1248 2633 sim-10,
1266 2559 1334 2595 ‘³¹²¹
1349 2547 1514 2643 ἶῖῘΕΞξ
1523 2559 1613 2634 31¹.ss
1631 2549 1709 2634 2¹3}

220 2638 490 2693 Domino-etex
516 2639 564 2676 cf.
589 2640 690 2687 Aug.
717 2647 844 2678 contra
868 2644 959 2679 Adv.
984 2645 1068 2689 Ley.
1095 2649 1129 2679 et
1152 2645 1288 2690 Proph.
1312 2643 1353 2681 ii.
1377 2656 1419 2682 12
1444 2644 1463 2693 ξ
1489 2655 1536 2692 39
1555 2645 1706 2693 (Migne

220 2686 261 2721 P.
279 2687 322 2722 L.
340 2686 422 2723 xlu.
441 2687 542 2734 663).
734 2700 781 2734 24
804 2693 1010 2737 euanyelico
1027 2694 1174 2729 docetur
1187 2694 1391 2731 testimonio
1406 2707 1415 2731 ι
1440 2706 1474 2731 v.
1493 2693 1607 2732 Matt.
1623 2693 1704 2731 viii.

220 2734 265 2770 28
283 2744 383 2780 seqq.
399 2748 407 2777 ;
433 2734 523 2772 Luc.
538 2748 618 2774 vlu.
636 2746 682 2782 27
695 2748 797 2784 seqq.

262 2920 374 2964 ‘4⁶
