1846 3262
130 256 231 290 CAP.
243 244 347 305 xxl]
639 241 1082 288 POLICRATICVS
1625 245 1707 294 691
1726 243 1756 282 b

130 366 348 410 uiolentia
396 367 664 415 reserantur,
707 363 914 421 confugit
962 363 1020 406 ad
1069 364 1188 406 artes
1238 361 1442 417 fallaciae
1491 375 1608 404 suae.

132 435 307 486 Omnia,
323 450 436 493 quae
449 435 702 478 libertatem
723 435 1004 492 impugnant,
1017 447 1130 490 quae
1146 432 1424 475 decretorum
1436 433 1611 474 statuta

131 506 403 557 conuellunt,
422 509 468 548 et
497 519 610 562 quae
641 504 846 562 religioni
876 503 1101 548 contraria
1130 506 1249 553 sunt,
1274 505 1373 545 tota
1402 501 1611 544 libertate

133 575 330 634 Spiritus
369 576 628 620 detestatur.
709 575 949 631 Synonem,
983 576 1036 616 ut
1075 572 1297 631 simplices
1331 574 1377 615 et
1410 571 1613 615 credulos

95 667 114 700 5
132 645 464 697 circumueniat,
484 645 717 688 miraberis
740 644 934 688 rediisse.
996 643 1190 687 Simulat
1217 646 1263 686 et
1290 641 1544 685 dissimulat
1567 645 1613 684 et

133 719 331 760 astutam
360 716 478 774 gerit
507 715 591 758 sub
621 718 798 773 pectore
828 714 1032 771 uulpem3
1064 713 1215 757 Stoico
1245 712 1405 770 quouis
1431 711 1614 755 liberior

134 789 215 838 est,
231 786 401 830 Catone
416 785 615 843 rigidior.
665 784 747 828 Est
762 799 936 842 quoque
952 783 1180 827 interdum
1200 783 1444 840 simplicior
1463 781 1614 834 Paulo,

135 857 314 901 doctore
343 856 546 915 gentium
575 855 818 906 sollicitior,
846 854 1095 898 feruentior
1125 855 1256 898 Petro
1268 867 1279 907 ;
1314 857 1360 897 et
1389 853 1430 896 ei
1460 853 1615 896 uiuere

136 926 345 971 Christus
372 930 440 970 est
466 929 512 969 et
538 926 652 968 mori
682 925 879 978 lucrum3
909 940 990 968 nec
1016 924 1237 982 gloriatur
1263 924 1311 966 in
1338 924 1501 981 aliquo,
1527 923 1615 965 nisi

80 1019 123 1044 10
137 997 186 1041 in
206 1011 335 1041 cruce
356 996 537 1046 Christi,
558 1010 692 1052 quam
719 995 886 1053 iugiter
911 998 1064 1052 portat
1088 995 1136 1037 in
1156 1009 1336 1052 corpore
1356 997 1411 1036 ut
1430 993 1616 1051 spiritus
1633 1009 1658 1038 c

137 1067 290 1111 saluus
315 1067 387 1117 sit,
414 1065 598 1109 dissolui
625 1065 866 1108 dumtaxat
889 1065 1072 1122 cupiens
1099 1068 1144 1108 et
1172 1079 1265 1107 esse
1295 1079 1396 1107 cum
1423 1063 1617 1108 Christo.

138 1137 382 1182 Mortificat
401 1151 509 1192 ergo
528 1150 706 1179 carnem
726 1150 827 1179 cum
849 1134 975 1178 uitiis
995 1138 1042 1178 et
1061 1134 1430 1192 concupiscentiis
1450 1137 1508 1185 et,
1527 1148 1618 1177 non

137 1208 254 1252 sicut
287 1207 423 1251 ceteri
458 1206 702 1256 hominum,
730 1220 832 1249 cum
867 1205 1123 1248 hominibus
1153 1205 1319 1262 degens
1348 1204 1492 1247 uitam
1522 1204 1620 1261 agit

137 1277 383 1336 angelicam
413 1279 460 1320 et
489 1277 538 1319 in
569 1276 807 1320 celestibus
840 1278 1141 1319 conuersatur.
1201 1274 1414 1318 Ieiunant
1444 1274 1493 1316 hi
1517 1289 1618 1318 con-

81 1369 120 1404 ¹5
138 1348 277 1400 tinne,
306 1348 403 1391 sine
432 1346 761 1390 intermissione
792 1348 934 1396 orant,
965 1345 1082 1388 clare
1117 1348 1269 1388 tamen
1299 1348 1346 1388 et
1376 1349 1429 1388 ut
1463 1344 1621 1387 audiat

138 1418 309 1476 hospeS,
328 1417 498 1475 asperis
527 1420 573 1460 et
595 1415 787 1460 sordidis
817 1415 1018 1459 uestibus
1047 1415 1300 1458 induuntur
1329 1417 1375 1458 et
1404 1414 1620 1472 populum

138 1488 382 1546 increpant.
442 1488 657 1545 Arguunt
684 1486 864 1537 clerum,
891 1486 946 1529 de
973 1486 1173 1529 moribus
1199 1485 1473 1543 corrigendis
1499 1484 1620 1528 solli-

140 1558 284 1603 citant
294 1558 574 1616 principatus
587 1559 633 1600 et
644 1559 902 1614 potestates,
910 1555 1218 1599 testimonium
1234 1555 1320 1598 sibi
1335 1554 1623 1611 adquirentes

142 1628 343 1672 iustitiae
373 1628 412 1671 si
443 1628 566 1671 uitae
600 1627 843 1670 detrahant
883 1626 1065 1669 alienae.
1126 1625 1191 1669 Vt
1229 1640 1338 1669 uero
1377 1624 1504 1668 fraus
1539 1625 1623 1668 sub

85 1722 129 1748 ,ο
143 1698 391 1743 honestatis
415 1698 558 1756 specie
585 1697 880 1750 conualescat,
899 1696 1192 1740 laudabilium
1216 1696 1418 1739 uirorum
1438 1695 1624 1753 collegia

144 1771 375 1827 expetunt,
405 1768 569 1811 arduas
600 1767 796 1811 subeunt
826 1766 1135 1825 professiones,
1166 1768 1396 1810 ostentant
1428 1765 1626 1809 difficilia

143 1842 191 1884 et
229 1838 498 1882 familiarius
529 1837 615 1881 sibi
646 1837 831 1895 propitii
862 1837 1091 1895 possibilia
1125 1839 1172 1879 et
1206 1851 1320 1893 quae
1359 1835 1626 1878 humaniora

144 1911 252 1954 sunt
290 1911 585 1965 exequuntur.
657 1907 717 1951 Se
756 1922 863 1966 ergo
893 1906 1063 1958 Basilii,
1093 1906 1336 1959 Benedicti,
1365 1905 1623 1964 Augustini,
1639 1906 1668 1947 d

144 2007 170 2042 4
194 1995 377 2034 Sinonem
392 1995 469 2031 AM
611 1996 636 2032 6
661 1994 801 2041 Stoyco
818 1994 852 2030 A
996 2005 1038 2032 21
1067 1994 1187 2031 ardua
1203 1993 1244 2029 Μ

149 2120 174 2129 ..
195 2084 227 2120 3,
245 2085 270 2118 4
295 2075 458 2109 libertate
474 2074 657 2119 Spiritus:
681 2084 714 2108 v.
732 2071 849 2108 2Cor.
866 2070 922 2107 iii.
943 2080 998 2116 17.
1080 2082 1103 2115 4
1126 2072 1329 2117 Synonem:
1356 2082 1391 2106 v.
1404 2069 1518 2116 Verg.
1534 2070 1628 2126 11³²!-

146 2131 370 2206 &3331
390 2167 487 2205 Pers.
505 2122 833 2214 gd‘fzssssffigfffi·
859 2131 890 2212 ζ·
910 2119 1074 2203 Ῑέἓώέα
1067 2124 1254 2212 &21.-'02⁷2‘
1270 2165 1317 2202 ef.
1337 2119 1629 2201 Lffz‘f‘ssmff'ffiff

173 2218 229 2263 89.
349 2217 552 2262 simplicior
564 2217 703 2252 Paulo:
728 2227 760 2251 v.
779 2226 801 2252 2
819 2214 902 2251 Cor.
919 2213 945 2251 i.
967 2224 1020 2251 12.
1141 2215 1163 2250 8
1187 2216 1326 2250 doctore
1348 2214 1533 2258 yentium:
1558 2211 1584 2248 i.
1596 2224 1628 2249 e.

148 2227 186 2302 ἑ.
204 2263 344 2307 Paulo;
369 2275 402 2300 v.
424 2273 440 2300 1
458 2262 556 2300 Tim.
573 2262 614 2300 ii.
627 2272 662 2307 7.
735 2264 944 2299 sollicitior:
969 2274 1002 2298 v.
1015 2273 1036 2299 2
1055 2261 1137 2298 Cor.
1150 2261 1200 2297 xi.
1213 2262 1270 2304 28,
1282 2261 1362 2297 Col.
1373 2260 1414 2296 ii.
1427 2272 1458 2303 1,
1473 2271 1487 2296 1
1501 2259 1631 2297 Thess.

147 2311 179 2349 ii
203 2322 225 2349 2
332 2313 457 2347 uiuere
469 2313 539 2347 etc.
555 2321 565 2347 ι
592 2310 759 2357 Philipp.
771 2310 796 2346 i.
812 2321 868 2346 21.
999 2320 1021 2356 9
1046 2322 1110 2346 nec
1117 2311 1302 2355 yloriatur
1312 2311 1384 2345 etc.
1402 2321 1410 2344 ε
1437 2320 1469 2344 v,
1482 2307 1565 2344 Gal.
1579 2307 1628 2344 vi.

153 2371 207 2405 14,
229 2369 284 2405 17.
384 2369 440 2404 10,
460 2369 500 2396 11
527 2364 569 2394 ut
585 2360 739 2404 spiritus
754 2359 883 2394 saluus
898 2359 965 2393 sit:
994 2367 1007 2393 1
1030 2357 1114 2393 Cor.
1131 2369 1163 2392 v.
1183 2366 1214 2403 5.
1308 2367 1347 2393 11
1375 2356 1631 2392 dissoluietc.:

150 2408 318 2454 Philipp.
336 2406 362 2443 i.
380 2417 438 2452 23.
546 2416 589 2442 12
613 2407 813 2451 Mortificat
830 2407 924 2442 etc.:
950 2417 985 2441 v.
1003 2403 1084 2441 Gal.
1101 2418 1134 2441 v.
1152 2415 1211 2451 ²4·
1323 2414 1368 2449 14
1392 2406 1434 2440 in
1450 2405 1635 2440 celestibus

151 2460 401 2493 comer-satur:
421 2467 450 2489 v.
457 2453 624 2500 Philipp.
636 2453 691 2490 iii.
704 2464 759 2490 20.
862 2462 901 2500 15
919 2455 996 2489 sine
1005 2454 1269 2489 intermissione
1278 2457 1404 2488 orant:
1423 2463 1456 2487 v.
1472 2461 1487 2488 1
1502 2451 1630 2487 Thess.

150 2516 183 2539 v.
205 2513 258 2547 17.
355 2504 450 2538 clare
459 2503 553 2538 etc.:
580 2501 680 2538 Pers.
692 2503 767 2538 Sat.
784 2499 823 2537 ii.
836 2502 870 2537 8.
1004 2511 1049 2546 23
1074 2501 1234 2536 Basilii:
1261 2499 1298 2535 S.
1316 2498 1489 2541 Basilius,
1507 2497 1633 2535 dictus

151 2551 324 2598 Magnus,
337 2549 538 2596 episcopus
546 2548 809 2592 Caesariensis,
817 2547 882 2594 qui
893 2559 995 2585 anno
1007 2559 1076 2595 3²9
1086 2550 1199 2584 natus
1214 2549 1254 2584 et
1263 2558 1365 2583 anno
1377 2556 1447 2593 379
1458 2549 1633 2584 mortuus

151 2601 220 2643 est,
239 2597 385 2646 primus
407 2595 602 2651 monachis
624 2596 740 2633 vitam
764 2607 1005 2633 communem
1027 2595 1234 2650 agentibus
1256 2595 1428 2641 regulam
1449 2594 1567 2649 dedit,
1585 2595 1634 2631 de

152 2643 1275 2740 33213521t‘ffimh2222130230‹ffiffuvbffieeffiff‚Sess‘fneilss
1277 2642 1634 2737 wffltzffi

152 2743 223 2779 bus
239 2740 491 2779 orientalibus
507 2740 636 2777 floruit
654 2740 745 2777 ordo
763 2739 986 2783 Basilianus,
1006 2739 1071 2776 sed
1088 2738 1203 2776 etiam
1219 2738 1261 2774 in
1277 2738 1393 2775 Italia
1402 2737 1635 2775 monasteria

153 2790 340 2827 nonnulla
351 2788 497 2830 habuit,
514 2800 672 2834 quorum
689 2788 813 2824 adhuc
830 2790 954 2825 exstat
970 2787 1068 2823 illud
1084 2785 1375 2824 celeberrimum
1391 2786 1492 2832 quod
1507 2787 1636 2822 Grotta

145 2841 295 2886 serrata
311 2837 423 2883 vulgo
439 2838 694 2883 nuncupatur.
801 2837 990 2871 Benedicti
1003 2848 1012 2871 ε
1041 2847 1154 2881 quem
1172 2833 1365 2872 Ecclesiae
1387 2833 1636 2871 occidentalis

155 2884 336 2923 monachi
354 2896 475 2931 paene
492 2895 623 2921 omnes
640 2886 683 2920 ut
699 2883 960 2930 patriarcham
977 2883 1146 2920 venerati
1161 2885 1262 2919 sunt.
1408 2883 1610 2928 Auyustini
1626 2894 1634 2919 :

155 2933 262 2972 cuius
283 2932 465 2970 instituta
481 2943 644 2969 canones
660 2943 753 2978 quos
769 2931 903 2968 dicunt
918 2930 1110 2977 regulares
1140 2930 1248 2977 sequi
1265 2929 1426 2978 professi
1441 2931 1542 2966 sunt.

1463 2995 1527 3029 ¹¹9
