1846 3262
123 222 202 265 737
220 221 251 254 a
411 191 415 195 ’
597 207 863 255 IOANNIS
904 206 1427 252 SARESBERIENSIS
1529 204 1640 268 [ΗΒ.
1655 216 1750 250 vm

262 347 414 377 sorum
434 332 711 376 hilaritatem
731 330 929 374 offendit.
991 329 1215 387 Quicquid
1242 330 1362 373 enim
1392 330 1440 372 in
1467 329 1556 373 olla
1575 329 1753 373 ferueat

263 407 344 447 aut
364 404 411 446 in
433 403 582 446 culina
602 404 786 460 paretur
806 404 887 445 aut
907 403 1167 458 congestum
1188 400 1249 444 sit
1268 400 1316 443 in
1337 400 1646 458 promptuario
1671 401 1753 443 aut

263 474 312 516 in
346 488 500 516 mensa
532 472 825 530 resplendeat,
860 471 1105 529 insipidum
1141 474 1210 514 est
1242 474 1288 514 et
1323 471 1557 522 insulsum,
1589 470 1628 514 si
1660 484 1752 513 non
1788 494 1792 499 -

217 550 247 589 b
265 543 421 586 hilaris
451 543 608 586 uultus
637 542 804 586 indicio
834 556 1038 600 saporem
1065 541 1244 599 ingerat
1274 541 1492 585 caritatis.
1553 540 1675 584 Nam
1705 543 1752 583 01,

264 614 451 671 Iupiter,
471 616 524 656 ut
545 613 593 655 in
614 612 782 656 fabulis
809 614 889 665 est,
909 611 1119 670 pauperis
1148 611 1333 669 hospitii
1364 611 1618 669 acceptauit
1647 625 1750 654 con·
1771 626 1790 660 5

262 684 438 727 uiuium
456 686 502 727 01,
517 698 703 741 magnas
720 683 951 741 reputauit
968 682 1149 726 delicias
1165 682 1285 740 quod
1301 682 1466 725 deuota
1478 680 1751 725 Philemonis

261 754 474 812 angustia
503 754 795 797 ministrauit.
868 753 928 796 Et
958 752 1138 811 quidem
1169 752 1224 796 de
1254 752 1332 796 illo
1362 751 1534 796 dictum
1563 755 1644 803 est,
1674 750 1752 795 sed

262 825 439 883 optinet
469 824 591 882 apud
621 839 774 868 omnes
804 824 912 882 quia

730 933 865 977 super
895 918 1044 962 omnia
1073 918 1230 962 uultus

439 991 659 1021 accessere
688 978 795 1022 boni
825 993 906 1022 nec
935 977 1056 1021 iners
1083 991 1342 1036 pauperque
1372 975 1593 1021 uoluntas.
1772 995 1815 1019 10

264 1070 347 1115 Est
374 1086 480 1130 ergo
506 1070 702 1115 ciuiliter
727 1071 960 1116 conuiuari
986 1070 1119 1115 hilari
1149 1071 1296 1123 uultu,
1319 1070 1447 1129 larga
1473 1084 1624 1122 manu,
1651 1069 1752 1113 dili-

262 1143 388 1201 genti
409 1142 550 1186 officio
571 1158 779 1187 amenare
799 1142 1072 1196 conuiuium,
1092 1145 1137 1186 et
1159 1142 1278 1200 quod
1302 1142 1351 1185 111
1381 1157 1514 1186 usum
1540 1141 1753 1199 suppetit,

262 1213 420 1256 habita
454 1213 628 1257 ratione
656 1228 947 1272 personarum
977 1213 1062 1257 1001
1101 1218 1147 1257 01,
1184 1213 1412 1271 temporis,
1437 1212 1628 1271 singulis
1663 1212 1753 1256 dis-

262 1295 461 1340 pensare,
494 1299 585 1327 non
620 1284 801 1342 quidem
834 1299 892 1327 ex
923 1283 1113 1327 tristitia
1144 1283 1218 1327 uel
1251 1298 1308 1328 ex
1340 1283 1617 1335 necessitate,
1648 1297 1751 1327 cum

262 1355 452 1398 hilarem
472 1354 676 1398 datorem
701 1356 748 1397 et
767 1353 890 1398 Deus
911 1352 1086 1412 diligat.
1147 1351 1203 1397 In
1223 1369 1332 1398 usus
1357 1354 1548 1397 istorum
1573 1353 1679 1398 licet
1704 1356 1752 1398 01,
1773 1357 1819 1406 15'

262 1425 395 1470 Catio

380 1518 545 1562 ponere
574 1503 704 1561 signa
733 1503 863 1547 nouis
893 1502 1153 1561 praeceptis,
1184 1502 1336 1560 qualia
1364 1503 1552 1548 uincant

221 1575 246 1605 c
380 1563 670 1621 Phitagoram
699 1561 949 1620 Anithique
979 1577 1106 1606 reum
1136 1562 1405 1620 doctumque
1436 1562 1637 1606 Platona.

260 1645 399 1690 Porro
445 1645 656 1689 conuiuia
699 1644 1007 1702 philosophica
1051 1644 1236 1688 omnino
1286 1644 1509 1703 castigata
1558 1646 1605 1688 et
1654 1643 1749 1688 suis

262 1715 430 1772 regulis
469 1714 667 1758 limitata
706 1718 825 1766 sunt,
865 1717 919 1758 ut
957 1714 1036 1772 qui
1075 1716 1318 1758 uer-santur
1358 1713 1408 1756 in
1448 1714 1521 1757 his
1559 1713 1747 1772 possint,
1769 1731 1814 1756 πο

260 1786 387 1829 nulla
425 1785 514 1829 cibi
550 1788 596 1828 et
635 1787 769 1844 potus
801 1784 1074 1843 impediente
1105 1784 1323 1836 molestia,
1358 1784 1452 1828 suis
1491 1784 1647 1828 officiis
1678 1784 1747 1828 in-

260 1856 441 1900 seruire.
503 1855 665 1899 Sobria
693 1855 812 1899 enim
833 1858 941 1899 sunt
971 1857 1018 1898 et
1047 1854 1170 1898 omni
1199 1854 1383 1898 luxuria
1407 1854 1629 1914 castigata
1655 1869 1747 1898 non

260 1926 514 1984 impediunt
545 1926 775 1970 Socratem
805 1941 862 1969 ne
898 1925 1140 1983 positiuam
1173 1925 1396 1968 iustitiam
1425 1928 1687 1983 exequatur,
1720 1940 1749 1968 a

258 1996 480 2040 naturalis
515 1996 807 2054 inquisitione
844 1996 1077 2039 Platonem
1106 2010 1197 2039 11011
1227 1998 1452 2047 reuocant,
1485 1995 1747 2040 memoriam

259 2082 409 2110 rerum
450 2070 681 2125 gestarum
728 2082 819 2110 non
859 2066 1098 2110 excutiunt
1142 2065 1341 2120 Critiae3
1400 2065 1614 2110 Thimeus
1655 2081 1747 2110 non
1767 2083 1784 2107 2
1790 2083 1811 2118 5

259 2137 524 2196 prohibetur
558 2152 715 2181 causas
754 2152 905 2180 rerum
937 2137 1139 2180 omnium
1173 2137 1359 2194 aperire,
1395 2151 1476 2181 nec
1520 2137 1683 2195 aliquis
1719 2152 1749 2181 a

260 2222 539 2265 quocumque
566 2208 753 2251 uirtutis
778 2207 922 2251 officio
953 2207 1221 2251 retardatur.
1283 2207 1372 2251 Hic
1401 2221 1484 2251 nec
1511 2207 1749 2251 tristitiam

259 2293 341 2322 nec
360 2278 540 2321 uultum
560 2278 768 2321 nubilum
787 2277 1011 2336 contingit
1031 2277 1079 2320 111
1100 2277 1230 2321 bonis
1250 2277 1422 2328 ducere,
1437 2292 1519 2321 nec
1535 2276 1750 2322 Crassum

257 2349 399 2400 illum,
431 2363 564 2406 quem
597 2348 752 2393 Cicero
788 2351 970 2392 auctore
1011 2347 1185 2392 Lucilio
1219 2347 1356 2391 semel
1390 2347 1439 2390 in
1469 2347 1570 2403 uita
1600 2348 1751 2394 risisse

261 2471 277 2498 1
306 2459 557 2508 hylaritatem
574 2460 616 2496 M
750 2470 771 2496 2
798 2458 1038 2506 promtuario
1056 2458 1091 2495 A
1220 2469 1244 2504 4
1270 2457 1417 2506 hylaris
1434 2457 1510 2495 BM
1605 2457 1750 2496 iudicio

258 2508 300 2545 M
395 2508 579 2545 karitatis
596 2507 637 2544 M
796 2516 814 2554 5
841 2507 1014 2554 iuppiter
1030 2506 1071 2542 M
1227 2507 1251 2543 6
1275 2506 1479 2553 pilemonis
1497 2506 1566 2544 SM
1727 2509 1749 2545 8

258 2555 496 2643 fffliifilosff
645 2566 690 2593 10
713 2555 844 2593 inhers
861 2555 886 2592 S
1051 2556 1095 2591 18
1119 2553 1366 2604 pithagoram
1382 2554 1484 2591 ASM
1701 2565 1750 2603 29

305 2711 328 2746 4
351 2701 486 2735 hilaris
501 2700 649 2734 uultus:
674 2710 710 2734 v.
728 2696 837 2734 Eccli
853 2708 964 2734 xxXV.
989 2707 1042 2733 11.
1226 2706 1261 2742 4,
1282 2705 1299 2743 5
1327 2698 1426 2732 Nam
1441 2701 1474 2731 et
1490 2696 1636 2742 Iupiter
1650 2697 1748 2733 etc.:

230 2789 233 2793 ¹
256 2761 289 2784 v.
310 2748 375 2784 Ov.
394 2749 479 2784 Met.
499 2745 576 2782 viii.
594 2748 666 2782 620
677 2757 779 2791 seqq.
942 2756 964 2791 9
989 2757 1102 2790 super
1116 2746 1240 2780 omnia
1259 2747 1330 2781 etc.
1346 2757 1355 2780 t
1381 2744 1448 2782 Ov.
1463 2745 1550 2781 Met.
1566 2743 1646 2781 viii.
1663 2745 1746 2790 677,

256 2798 340 2840 678.
456 2805 500 2839 14
526 2807 601 2831 non
617 2796 761 2841 quidem
778 2805 823 2830 ex
839 2795 1081 2830 tristitiaetc.
1098 2805 1107 2829 ε
1132 2805 1165 2829 v.
1186 2803 1207 2828 2
1226 2792 1310 2829 Cor.
1327 2792 1377 2829 ix.
1397 2801 1430 2838 7.
1550 2800 1591 2837 17
1612 2803 1749 2838 ponere

257 2846 351 2880 etc:
377 2843 472 2881 Hor.
489 2844 565 2879 Sat.
583 2842 625 2878 ii.
643 2853 676 2888 4.
696 2853 730 2886 2,
749 2853 782 2889 3.
968 2852 1012 2887 23
1039 2842 1222 2877 Socratem
1238 2843 1310 2877 etc.
1327 2853 1335 2877 :
1362 2853 1395 2876 v.
1413 2838 1585 2877 Chalcid.
1608 2840 1744 2877 Gomm.

256 2893 298 2927 in
318 2893 410 2928 Tim.
428 2892 524 2927 Plat.
543 2902 573 2927 0.
591 2891 625 2928 6.
773 2891 818 2927 28
847 2889 1021 2926 Crassum
1037 2891 1132 2926 etc.:
1159 2900 1192 2925 v.
1212 2888 1289 2926 Cic.
1308 2890 1353 2925 de
1369 2890 1456 2926 Fin.
1474 2899 1506 2924 v.
1524 2898 1572 2935 30
1589 2886 1608 2935 ξ
1627 2897 1686 2935 92.

369 2969 437 3006 ²74
