1846 3262
68 217 150 267 780
170 217 200 256 b
545 213 774 259 IOANNI
778 213 810 258 S
849 212 1368 257 SARESBERIENSIS
1473 211 1586 273 [ΜΒ.
1600 223 1692 256 v111

218 337 364 382 furem
409 336 661 380 differentia
705 334 947 379 manifesta
989 333 1331 393 praescribitur;
1385 334 1527 378 bonus
1573 333 1692 378 enim

217 411 370 465 pastor
407 407 603 450 animam
650 421 777 450 suam
816 405 944 463 ponit
981 419 1063 463 pro
1102 405 1262 448 ouibus
1301 404 1406 449 suis.
1475 403 1615 448 Cuius
1653 403 1692 447 si

219 477 395 534 quaeris
430 476 634 529 officium,
669 475 789 533 apud
828 475 919 518 iam
953 475 1123 519 dictum
1163 474 1427 532 prophetam
1467 473 1691 517 inuenies:

218 546 329 589 Ecce
364 561 446 604 ego
479 546 574 603 ipse
606 545 830 603 requiram
865 559 971 588 oues
1006 559 1127 588 meas
1158 548 1205 588 et
1233 544 1427 587 uisitabo
1461 558 1548 597 eas,
1577 543 1694 587 sicut

217 617 376 659 uisitat
394 618 548 673 pastor
567 630 747 673 gregem
768 630 910 667 suum,
930 615 978 658 in
1005 615 1078 658 die
1105 614 1283 672 quando
1310 614 1450 657 fuerit
1476 614 1524 656 in
1547 612 1694 657 medio
1713 626 1732 661 5

216 687 370 730 ouium
405 701 586 729 suarum
616 686 943 743 dissipatarum.
1005 685 1202 729 Educam
1238 699 1312 728 eas
1343 685 1398 727 de
1433 684 1563 734 nube,
1592 697 1694 727 con-

215 757 411 814 gregabo
431 757 486 800 de
506 756 707 814 caligine,
726 756 934 799 inducam
955 771 1029 799 eas
1048 755 1097 798 in
1118 758 1284 799 terram
1304 769 1431 798 suam
1452 757 1498 797 et
1516 767 1695 811 pascam

219 842 295 870 eas
315 827 364 869 in
384 827 612 870 montibus
633 826 772 870 Israel
791 826 840 869 in
859 826 970 870 riuis
991 829 1037 869 et
1063 826 1111 868 in
1131 825 1306 869 cunctis
1324 824 1503 868 sedibus
1523 827 1695 876 terrae;

177 906 203 935 c
220 897 267 939 in
306 897 482 954 pascuis
515 896 765 950 uberrimis,
795 897 843 939 in
873 896 1101 939 montibus
1131 895 1315 939 excelsis
1344 898 1477 938 erunt
1506 907 1698 952 pascuae

218 982 383 1019 earum,
422 967 699 1025 requiescent
747 967 796 1009 in
845 966 995 1010 herbis
1043 965 1294 1009 uirentibus
1338 967 1385 1008 et
1427 964 1476 1007 in
1520 963 1696 1022 pascuis
1715 976 1758 1002 10

217 1037 460 1094 pinguibus
489 1039 728 1094 pascentur
757 1051 890 1094 super
915 1040 1088 1079 montes
1118 1035 1271 1080 Israel.
1333 1034 1516 1078 Pascam
1546 1049 1620 1077 eas
1650 1036 1697 1077 et

219 1107 434 1150 accubare
464 1106 652 1160 faciam3
682 1106 802 1164 quod
836 1106 1031 1163 perierat
1062 1105 1298 1163 requiram,
1318 1105 1437 1162 quod
1471 1103 1696 1148 abiectum

221 1180 319 1220 erat
353 1177 572 1228 reducam,
608 1177 727 1234 quod
758 1175 1037 1220 confractum
1072 1175 1223 1219 fuerat
1262 1175 1466 1233 alligabo,
1496 1176 1543 1218 et
1577 1172 1698 1231 quod

220 1247 448 1289 infirmum
479 1249 576 1290 erat
600 1246 893 1298 consolidabo,
913 1249 960 1289 et
986 1246 1105 1303 quod
1131 1246 1297 1304 pingue
1328 1248 1374 1288 et
1403 1244 1520 1288 forte
1551 1245 1696 1288 custo·

219 1317 351 1360 diam.
384 1317 535 1360 -Haec
584 1319 653 1360 est
695 1316 814 1360 enim
857 1316 1092 1374 diligentia
1137 1330 1227 1374 qua
1273 1315 1484 1373 gregibus
1533 1314 1698 1358 debent
1718 1328 1758 1362 15

219 1387 457 1445 inuigilare
490 1389 703 1444 pastores.
764 1386 894 1440 Quod
933 1389 1084 1429 autem
1123 1385 1379 1444 subiungit:
1421 1386 1481 1428 Et
1518 1398 1697 1442 pascam

220 1457 321 1500 illas
347 1457 395 1499 in
422 1456 585 1500 iudicio
613 1459 658 1500 et
684 1456 882 1508 iustitia;
912 1455 953 1499 ei
980 1455 1137 1513 utique
1167 1455 1404 1513 respondet
1424 1455 1542 1512 quod
1569 1469 1697 1512 prae-

220 1526 344 1569 misit
361 1542 370 1569 :
401 1525 489 1569 Sed
509 1540 610 1569 cum
625 1525 888 1568 austeritate
903 1524 1192 1582 imperabatis
1213 1524 1276 1568 eis
1297 1526 1342 1567 et
1361 1538 1462 1568 cum
1482 1524 1698 1582 potentia.

220 1596 448 1653 Scriptum
488 1598 557 1639 est
596 1595 715 1638 enim
755 1595 861 1652 quia
899 1594 1074 1652 pondus
1114 1597 1160 1637 et
1194 1594 1379 1652 pondus,
1409 1608 1619 1637 mensura
1648 1595 1696 1637 et

219 1680 439 1717 mensura,
458 1668 700 1723 utrumque
730 1664 1059 1708 abhominabile
1089 1667 1158 1708 est
1191 1663 1312 1722 apud
1341 1663 1498 1707 Deum.
1559 1662 1695 1721 Apud
1717 1679 1761 1703 eo

220 1735 421 1779 homines
441 1738 592 1779 tamen
612 1735 689 1792 qui
715 1735 1064 1793 negotiationem
1085 1736 1293 1778 exercent
1312 1733 1496 1792 grandis
1515 1733 1698 1777 uidetur

175 1807 204 1847 d
222 1820 315 1849 esse
342 1805 607 1863 prudentiae
633 1804 710 1848 sed
737 1807 889 1848 tamen
913 1804 1106 1856 illicitae,
1130 1818 1244 1861 quae
1264 1803 1485 1847 calliditas
1504 1806 1551 1847 et
1569 1803 1699 1846 dolus

222 1877 301 1927 est,
335 1875 374 1918 si
413 1875 501 1918 alio
531 1875 725 1932 pondere
759 1874 832 1918 uel
866 1889 1075 1917 mensura
1109 1889 1191 1917 sua
1223 1873 1479 1917 distrahant
1513 1876 1560 1917 et
1598 1873 1700 1917 aliis

221 1947 479 2002 comparent
513 1944 671 1988 aliena.
731 1945 795 1988 At
826 1944 875 1987 in
908 1944 1109 2002 praelato
1139 1944 1256 1987 ratio
1286 1943 1429 2001 exigit
1458 1942 1700 2001 aequitatis

222 2018 276 2057 ut
307 2014 426 2072 quod
450 2014 551 2058 aliis
577 2014 769 2072 imponit
800 2029 912 2058 onus
936 2014 1031 2072 ipse
1057 2013 1295 2072 praeferat,
1323 2017 1369 2057 et
1395 2013 1514 2071 quod
1541 2012 1698 2057 docere
1719 2027 1761 2062 25

228 2084 425 2128 uoluerit
442 2099 573 2142 opere
598 2085 778 2128 studeat
798 2085 1056 2142 adimplere.
1118 2084 1217 2128 Hoc
1237 2086 1306 2128 est
1325 2083 1444 2127 enim
1464 2084 1513 2126 in
1532 2083 1699 2128 iudicio

223 2158 270 2198 et
289 2154 464 2198 iustitia
477 2169 655 2212 pascere
671 2156 717 2198 et
731 2169 821 2198 non
835 2154 884 2197 in
899 2155 1162 2198 austeritate
1182 2157 1228 2198 et
1247 2154 1450 2212 potentia
1471 2153 1700 2212 imperare.

224 2224 354 2277 Quod
381 2224 538 2281 utique
565 2223 740 2267 faciunt
766 2224 843 2281 qui
870 2224 1068 2267 humeris
1094 2223 1325 2267 hominum
1351 2223 1542 2281 alligant
1565 2237 1702 2267 onera

222 2294 380 2352 grauia
400 2296 446 2337 et
466 2293 769 2351 importabilia
795 2296 841 2337 et
860 2293 1004 2351 digito
1030 2308 1111 2337 suo
1135 2308 1187 2336 ea
1206 2292 1464 2351 contingere
1483 2295 1701 2337 recusant·

223 2364 353 2408 Vnde
377 2364 601 2421 sequitur:
633 2363 704 2415 Et,
729 2378 830 2408 cum
860 2363 1144 2422 purissimam
1171 2377 1333 2421 aquam
1360 2363 1575 2415 biberitis,
1599 2362 1702 2407 reli-
1719 2374 1763 2409 3ο

227 2489 249 2524 8
274 2486 416 2523 israhel
434 2487 467 2522 A
562 2485 686 2523 cuntis
703 2485 738 2521 A
869 2496 908 2523 11
936 2484 1082 2522 israhel
1097 2483 1132 2521 A
1228 2495 1291 2521 eos
1309 2483 1421 2520 cBA¹
1544 2494 1588 2531 13
1613 2496 1702 2522 cum

226 2535 390 2572 fractum
409 2534 434 2571 S
577 2545 623 2570 22
652 2532 856 2581 prudentie
872 2545 951 2571 esse
969 2532 1059 2571 (ΡΑι
1198 2542 1246 2579 30
1268 2531 1451 2570 biberetis
1468 2531 1535 2569 SM

273 2654 297 2689 4
322 2644 413 2679 Ecce
429 2654 489 2688 eqo
506 2643 603 2679 etc.:
629 2654 663 2678 v.
681 2640 818 2678 Ezech.
838 2639 962 2677 xxxiv.
985 2640 1112 2677 11-16.
1244 2639 1300 2682 16,
1321 2648 1363 2685 17
1387 2639 1439 2675 Et
1451 2651 1600 2686 pascam
1616 2640 1703 2676 illas

227 2693 269 2727 in
285 2692 441 2727 iudicio:
471 2689 608 2727 Ezech.
625 2689 748 2726 xxxiv.
770 2690 823 2726 16.
999 2688 1041 2725 18
1065 2689 1136 2724 Sed
1151 2699 1233 2723 cum
1249 2689 1323 2724 etc.
1338 2699 1347 2724 :
1375 2686 1508 2724 Ezech.
1528 2686 1650 2723 xxxiv.
1667 2699 1702 2734 4.

231 2749 275 2785 19
294 2741 442 2785 pondus
458 2739 552 2774 etc.:
579 2737 687 2774 Prov.
705 2749 766 2773 xx.
789 2747 844 2774 10.
1047 2746 1094 2781 24
1119 2736 1171 2771 At
1186 2737 1229 2770 in
1242 2736 1408 2781 praelato
1425 2736 1500 2772 etc.
1516 2745 1634 2781 usque
1651 2734 1702 2771 ad

228 2791 418 2823 recusant:
446 2785 551 2823 Haec
567 2785 751 2822 vocabula
766 2783 808 2820 in
826 2784 906 2821 cod.
924 2783 953 2821 C
969 2782 1089 2821 minio
1109 2781 1260 2819 notavit
1277 2782 1472 2819 Parkerus.
1653 2783 1701 2819 28

228 2835 390 2869 humeris
405 2835 475 2870 etc.
490 2843 500 2869 :
526 2845 558 2870 v.
575 2833 685 2870 Matt.
705 2831 809 2869 xxiii.
828 2842 862 2877 4.
1109 2841 1157 2877 30
1179 2831 1241 2875 Et,
1254 2842 1336 2867 cum
1347 2831 1586 2877 purissimam
1601 2831 1672 2867 etc.
1690 2839 1701 2865 :

228 2879 364 2918 Ezech.
382 2879 504 2917 xxxiv.
524 2882 613 2918 18—2
620 2890 650 2918 1.

339 2962 406 2995 350
