1846 3262
136 227 240 263 οΔΡ.
251 217 294 279 1]
648 218 1055 265 POLICRATICV
1058 218 1091 263 S
1634 230 1709 271 710
1731 232 1757 262 c

137 355 167 384 a
186 355 275 399 quo
294 341 372 385 sed
392 342 501 399 quid
521 342 698 386 dicatur
717 342 961 386 attendunt
980 345 1039 395 et,
1059 357 1116 386 ex
1135 342 1280 386 causis
1299 341 1476 386 dicendi
1497 341 1618 385 dicta

137 415 388 470 pensantes,
417 415 596 470 gratum
629 412 798 456 habent
827 412 1039 470 quicquid
1074 412 1383 469 undecumque
1418 411 1617 456 elicitum

137 482 316 540 proficit
349 481 407 524 ad
440 482 668 525 uirtutem.
730 482 835 526 Non
865 497 972 540 ergo
1002 483 1103 540 quis
1136 483 1214 526 sed
1244 482 1352 540 quid
1382 497 1528 540 quaue
1562 482 1618 526 de

137 565 272 595 causa
300 552 490 596 scribam
522 552 712 610 diligens
753 552 893 596 lector
921 553 1129 596 attendat
1158 556 1216 604 et,
1244 553 1322 596 ubi
1352 553 1468 596 male
1498 552 1620 596 dicta

100 636 120 669 5
138 622 376 675 inuenerit,
414 623 611 666 sincerus
650 623 787 666 iudex
827 626 874 666 et
916 638 997 667 nec
1036 623 1234 666 inuidiae
1273 638 1354 667 nec
1400 623 1492 667 odii
1538 638 1620 667 nec

138 692 325 735 alterius
358 692 604 736 affectionis
634 696 761 735 motu
795 707 1032 736 concussus
1072 693 1380 736 testimonium
1415 693 1470 736 de
1501 693 1620 736 malo

139 762 374 819 perhibeat
393 765 451 813 et,
467 762 544 805 ubi
565 762 677 805 bene
690 762 859 812 dixero,
878 776 969 805 non
988 777 1060 805 me
1079 763 1246 806 caedat.
1308 763 1446 806 Michi
1467 766 1618 806 tamen

139 846 222 890 pro
241 832 426 875 minimo
441 835 510 875 est
529 832 565 875 si
588 832 867 875 innocentiae
887 847 1011 875 meae
1030 833 1174 890 gratis
1193 833 1449 876 detrahitur
1468 848 1496 876 a
1518 848 1617 891 per-

139 902 282 946 uersis
301 917 412 960 quos
431 902 657 945 emendari
677 901 850 953 uellem,
870 902 907 944 si
928 917 1000 945 me
1022 905 1175 946 tamen
1199 902 1492 961 benignitatis
1513 906 1617 947 tuae
1634 903 1665 943 d

81 987 124 1013 ιο
140 971 273 1016 fauor
306 972 542 1029 exceperit.
603 971 824 1028 Quicquid
864 975 1015 1015 autem
1050 987 1079 1015 a
1112 973 1421 1030 praesentibus
1459 973 1620 1030 patiar,

139 1056 281 1100 spero,
307 1046 487 1085 auctore
516 1042 610 1085 Deo
637 1044 684 1085 et
712 1042 912 1092 caritate,
937 1057 1027 1099 qua
1055 1057 1219 1100 urgeor
1241 1042 1299 1085 ad
1325 1043 1620 1095 scribendum,

140 1112 276 1155 michi
288 1114 543 1170 praestante
558 1111 779 1162 fiduciam,
793 1112 911 1169 quod
928 1112 1070 1155 labori
1085 1126 1184 1156 meo
1198 1113 1348 1170 gratia
1366 1127 1458 1156 non
1478 1113 1622 1156 deerit

139 1185 430 1240 posterorum.
490 1182 607 1225 Odio
636 1181 856 1239 siquidem
888 1182 960 1225 uel
992 1197 1142 1226 amore
1171 1182 1220 1225 in
1249 1185 1424 1240 partem
1454 1183 1620 1226 alteru-

139 1254 260 1295 tram
283 1252 585 1310 praesentium
613 1252 877 1309 plerumque
905 1252 1072 1295 iudicia
1098 1253 1407 1310 prolabuntur.
1466 1253 1620 1297 Nichil

83 1336 124 1370 ¹⁵
139 1322 345 1379 equidem
372 1322 598 1380 praesenti
628 1322 752 1380 operi
783 1337 840 1365 ex
869 1323 1098 1380 proposito
1127 1323 1351 1366 inseretur
1380 1324 1500 1380 quod
1530 1338 1621 1367 non
1638 1335 1704 1375 711
1723 1336 1754 1365 a

139 1391 201 1435 sit
223 1391 398 1435 ratione
427 1392 501 1435 uel
529 1392 889 1450 praecedentium
920 1393 1189 1450 scriptorum
1218 1393 1492 1451 auctoritate
1516 1394 1619 1437 sub-

139 1462 312 1506 nixum.
383 1462 440 1505 In
480 1463 642 1520 quibus
681 1466 834 1506 tamen
875 1463 983 1520 quid
1028 1463 1303 1520 sequendum
1343 1463 1405 1507 sit
1445 1463 1623 1507 lectoris

139 1532 419 1590 relinquetur
437 1533 638 1586 arbitrio,
658 1537 712 1576 ut
731 1533 884 1591 procul
906 1548 934 1576 a
952 1533 1133 1577 nomine
1158 1549 1257 1577 meo
1278 1534 1438 1578 faciam
1457 1534 1623 1577 uitium

142 1605 189 1646 et
206 1606 362 1646 notam
380 1604 638 1646 mentiendi.
688 1603 778 1647 Sed
792 1604 900 1647 haec
915 1604 1144 1647 haetenus.
1189 1604 1234 1647 N
1235 1619 1323 1648 unc
1341 1607 1623 1647 transeamus

83 1688 130 1714 ιο
143 1673 192 1716 in
216 1673 535 1731 Epicureorum
559 1677 718 1725 castra,
745 1677 792 1717 et
816 1674 936 1731 quod
959 1674 1023 1716 ibi
1050 1689 1133 1732 pro
1159 1677 1281 1718 certo
1305 1674 1445 1718 fuerit
1471 1675 1622 1732 explo-

141 1746 293 1787 ratum
331 1744 380 1787 in
419 1744 616 1787 medium
654 1743 924 1802 proferatur.
996 1744 1117 1787 Nam
1156 1744 1214 1787 ad
1259 1759 1412 1788 eorum
1457 1748 1624 1788 sectam

140 1813 452 1857 indubitanter
475 1814 699 1871 pertinere
726 1817 972 1858 noscuntur
994 1814 1074 1871 qui
1102 1814 1152 1857 in
1181 1814 1387 1858 omnibus
1417 1815 1624 1872 propriae

140 1883 345 1928 seruiunt
362 1884 600 1927 uoluntati.

143 1997 251 2056 Cap.
276 2012 313 2042 1.
346 1997 476 2052 Quod
500 1998 758 2042 Gnatonica
778 1999 922 2043 subest
943 1999 1261 2043 Trasonianae
1273 2018 1292 2050 ;
1323 2003 1364 2043 et
1383 2000 1439 2043 de
1459 2004 1623 2057 septem

86 2093 130 2128 ²5
255 2067 606 2124 principalibus
655 2068 795 2112 uitiis
843 2073 883 2113 et
933 2069 1111 2126 sequela
1158 2084 1318 2113 comm
1367 2070 1625 2113 secundm

262 2137 439 2182 beatum
481 2137 753 2194 Greyorium
765 2157 785 2190 ;
824 2143 865 2182 et
896 2139 1018 2197 quod
1050 2139 1218 2183 imnis
1244 2139 1398 2197 ylom’a
1426 2139 1624 2183 ‘nobilem

260 2207 388 2252 habet
417 2211 585 2252 ortum.

204 2300 262 2343 In
290 2303 389 2344 tota
414 2315 520 2358 ergo
546 2301 863 2358 Epicureorum
890 2300 1066 2344 familia
1090 2301 1280 2359 insignis
1308 2305 1377 2345 est
1401 2302 1540 2346 Traso
1566 2306 1625 2355 et,

146 2370 253 2414 licet
273 2385 365 2414 non
392 2370 553 2414 exierit
572 2371 754 2428 primus,
774 2374 855 2414 aut
881 2371 1081 2414 omnium
1106 2371 1279 2429 primus
1305 2372 1537 2416 habendus
1556 2377 1626 2416 est

87 2455 134 2489 30
148 2444 231 2484 aut
260 2455 349 2483 non
375 2440 587 2483 minimus
616 2440 735 2483 inter
762 2441 941 2498 primos.
1000 2441 1056 2484 Ei
1084 2456 1288 2499 namque,
1311 2442 1417 2485 licet
1444 2442 1625 2500 ineptus
1640 2449 1671 2488 b

147 2511 220 2561 sit,
241 2513 340 2553 tota
360 2509 708 2553 Gnatonicorum
730 2509 869 2554 factio
888 2510 1147 2555 famulatur.
1207 2511 1267 2555 Et
1287 2511 1406 2555 forte
1432 2513 1626 2557 comicus

151 2620 167 2647 1
197 2607 344 2645 dicenti
360 2608 400 2643 M
545 2619 591 2654 ²4
616 2608 668 2644 vii
685 2607 711 2645 S
855 2619 902 2655 29
926 2608 1009 2656 aut]
1027 2611 1071 2646 ut
1088 2609 1137 2646 Δ*

195 2698 220 2734 6
244 2698 490 2733 testimonium
505 2698 601 2733 etc.:
626 2708 659 2732 v.
677 2696 807 2733 Ioann.
823 2696 927 2733 xviii.
945 2707 1003 2743 ²3·
1158 2706 1179 2742 7
1204 2698 1321 2733 Michi
1336 2702 1456 2734 tamen
1471 2699 1567 2735 etc.:
1592 2711 1625 2734 v.

153 2755 167 2782 1
188 2743 272 2781 Cor.
290 2744 339 2780 iv.
358 2755 390 2790 3.
587 2754 643 2790 19,
661 2754 710 2780 20
730 2750 960 2781 transeamus
975 2746 1018 2781 in
1039 2746 1306 2791 Epicureorum
1322 2751 1464 2782 matra:
1487 2758 1522 2783 v.
1539 2745 1626 2783 Sen.

148 2794 223 2839 Ep.
241 2803 263 2828 2
282 2791 301 2838 ξ
323 2802 354 2839 5.
477 2793 522 2828 28
550 2793 684 2828 Tmso:
708 2791 747 2827 in
764 2793 946 2829 Eunucho
960 2792 1154 2838 Terentii3
1180 2793 1227 2829 de
1245 2804 1320 2839 quo
1336 2793 1384 2830 cf.
1402 2793 1574 2841 nupt-avi.
1592 2805 1626 2840 3.

149 2851 194 2925 {⁵1}
209 2841 391 2925 3⁶:⁸⁰3&
372 2839 1026 2936 ‘⁶⁰·¹0“f''⁸{u¹1·‚?a¹'11'³”1²⁸¹4‚'‘51‘¹;¹¹7³’‘3¹3⁸¹³⁸
1041 2840 1145 2888 “⁹¹¹⁶
1163 2840 1391 2878 ¹¹²¹²⁸⁰¹²⁶m
1403 2844 1461 2879 ‘⁸‘
1473 2840 1628 2879 Qum

1452 2969 1518 3007 ²27
