1846 3262
135 243 237 277 cn.
251 234 397 292 XXIII]
660 232 1102 278 POLICRATICVS
1631 236 1719 286 809
1740 247 1764 277 c

137 355 311 400 animas
333 356 527 414 ponere?
585 354 818 412 Numquid
850 354 1077 399 eeclesiam
1102 355 1302 407 diruunt,
1330 355 1617 413 prophanant

137 429 304 477 sancta,
322 429 377 470 ut
396 426 457 470 sit
476 425 595 483 quod
615 425 812 469 edificari
839 428 886 468 et
912 425 1180 469 sanctificari
1206 426 1441 484 oporteat?
1500 425 1616 470 Con-

137 496 318 540 cutiunt
356 495 554 554 populos,
592 510 732 553 regna
769 494 1024 547 sollicitant,
1067 495 1348 539 ecclesiarum
1395 495 1617 553 diripiunt

138 565 388 617 facultates,
419 565 536 609 forte
566 568 620 608 ut
653 565 738 608 sibi
774 564 945 608 faciant
975 565 1208 608 materiam
1240 565 1532 623 promerendi,
1563 569 1618 610 ut

99 650 122 685 5
137 638 407 694 componant
440 635 602 686 omnia,
625 638 679 678 ut
708 635 979 693 pauperibus
1008 635 1246 679 miserendi
1277 639 1324 679 et
1352 635 1618 694 prouidendi

138 705 241 749 aliis
263 705 628 750 concurrentibus
657 704 965 748 necessitatem
993 705 1281 763 praeripiant.
1339 705 1390 749 Si
1417 705 1535 749 enim
1564 708 1620 748 ut

139 776 273 834 plura
301 775 387 819 sibi
419 775 601 833 impune
631 775 806 828 liceant,
837 775 874 818 si
905 779 958 818 ut
995 775 1229 832 pecuniam
1269 778 1551 834 congregent,
1581 775 1620 819 si

138 850 194 890 ut
213 861 391 890 carnem
411 849 458 889 et
482 845 746 903 sanguinem
766 844 952 889 foueant
974 846 1167 889 dilatent
1189 850 1236 889 et
1261 848 1561 904 corrumpant,
1581 845 1619 889 si

140 919 196 960 ut
217 915 437 959 familiam
463 915 715 966 nobilitent,
745 915 783 959 si
815 915 1006 973 denique
1035 918 1090 959 ut
1118 916 1306 974 gloriam
1330 930 1458 959 suam
1488 930 1621 973 quae·

83 1003 127 1028 10
143 989 248 1030 rant
267 986 315 1028 in
335 985 452 1030 clero
478 985 759 1029 dominantes
778 1000 869 1029 non
900 985 1046 1029 forma
1075 984 1186 1029 facti
1213 985 1363 1043 gregis
1382 1001 1439 1029 ex
1460 985 1621 1036 animo,

142 1055 248 1100 licet
266 1055 398 1099 labiis
416 1058 463 1099 et
481 1055 766 1098 simulatione
785 1055 917 1099 officii
947 1059 1170 1113 pastorem
1191 1055 1394 1106 induant,
1413 1055 1621 1113 tyrannis
1638 1050 1668 1090 (Ῑ

141 1141 278 1185 quam
304 1126 581 1185 principibus
609 1125 787 1169 facilius
812 1126 1040 1170 accedunt.
1100 1125 1269 1169 Dicunt
1293 1125 1547 1183 philosophi
1576 1127 1624 1167 et

141 1211 302 1240 uerum
328 1196 524 1239 arbitror
546 1196 684 1240 nichil
714 1196 762 1238 in
793 1196 925 1239 rebus
954 1195 1163 1239 humanis
1182 1195 1340 1239 utilius
1366 1195 1557 1246 homine,
1577 1197 1624 1238 et

142 1266 193 1310 in
211 1266 321 1324 ipsis
340 1265 596 1309 hominibus
621 1265 822 1323 principe
842 1265 1135 1309 ecclesiastico
1155 1265 1227 1308 uel
1247 1265 1476 1308 mundano
1493 1278 1624 1307 nemo

84 1350 127 1387 1⁵
141 1337 321 1390 utilior3
346 1351 371 1380 e
390 1336 568 1379 diuerso
582 1335 719 1379 nichil
740 1336 911 1379 homini
926 1335 1216 1393 perniciosius
1231 1335 1422 1388 homine,
1437 1338 1483 1378 et
1496 1334 1546 1377 in
1561 1334 1626 1377 eis

140 1406 352 1451 tirannus
375 1405 586 1450 secularis
615 1408 696 1448 aut
725 1405 1046 1449 ecclesiasticus
1075 1405 1364 1463 perniciosior
1396 1407 1476 1448 est.
1536 1403 1626 1447 Sed

142 1477 346 1535 profecto
357 1476 406 1520 in
417 1479 609 1533 utroque
623 1491 784 1534 genere
799 1476 1041 1520 secularem
1056 1475 1377 1519 ecclesiasticus
1391 1474 1625 1518 antecedit.

144 1547 225 1592 Sal
236 1547 356 1591 enim
366 1546 645 1590 infatuatum
660 1546 718 1590 ad
730 1546 845 1590 nihil
859 1547 1040 1590 omnino
1059 1546 1194 1599 ualet,
1209 1546 1296 1589 nisi
1312 1549 1365 1589 ut
1383 1545 1628 1604 proiciatur

146 1617 269 1662 foras
289 1621 336 1661 et
354 1617 633 1661 concultetur
652 1617 710 1660 ab
730 1616 997 1661 hominibus.
1055 1616 1193 1660 Porro

85 1720 131 1745 ²0
263 1725 404 1768 usque
423 1710 534 1754 adeo
553 1710 674 1754 solus
693 1709 863 1754 ferrum
882 1713 1160 1767 mortemque
1178 1710 1337 1753 timere

264 1769 364 1812 auri
384 1770 526 1813 nescit
544 1784 680 1820 amor,
699 1772 889 1827 pereunt
908 1769 1162 1812 discrimine
1181 1769 1306 1812 nullo

264 1828 453 1872 amissae
472 1828 615 1886 leges;
644 1828 734 1879 sed,
753 1843 857 1885 pars
876 1828 1095 1871 uilissima
1113 1843 1276 1879 rerum,

264 1890 490 1931 certamen
509 1887 727 1940 mouistis,
747 1901 863 1944 opes.

149 1980 271 2039 Ergo
297 1980 530 2023 diuidatur
554 1980 718 2031 unitas,
747 1979 986 2037 integritas
1008 1978 1254 2032 scindatur,
1281 1978 1513 2023 sinceritas
1537 1992 1629 2022 cor·
1648 1975 1724 2015 810
1745 1985 1775 2013 a

89 2060 134 2096 ²5
152 2053 401 2108 rumpatur,
430 2050 679 2093 maculetur
706 2052 752 2093 et
780 2049 1007 2100 sanctitas,
1041 2048 1198 2092 mundi
1224 2063 1392 2092 nouum
1416 2048 1631 2092 iudicium

153 2119 411 2170 celebretur,
433 2122 479 2162 et
503 2120 709 2177 princeps
728 2119 835 2170 eius,
856 2119 933 2176 qui
963 2119 1011 2161 in
1040 2119 1244 2177 passione
1272 2118 1442 2163 Christi
1468 2118 1634 2162 eiectus

153 2194 233 2241 est,
260 2189 436 2233 rediens
460 2189 669 2234 scandala
695 2193 879 2248 spargat
906 2193 961 2232 ut
986 2189 1144 2232 beatus
1171 2189 1232 2232 sit
1252 2188 1329 2246 qui
1349 2203 1440 2232 non
1458 2188 1636 2246 capitur

150 2259 389 2304 tendiculis
409 2259 504 2303 eius
521 2276 530 2303 ε

157 2429 175 2456 1
202 2417 419 2466 prohanant
434 2418 466 2454 B
587 2428 611 2462 4
634 2415 855 2454 matteriam
868 2415 902 2452 A
1043 2417 1067 2453 6
1091 2414 1357 2453 coherentibus
1373 2415 1470 2452 CBA

157 2466 274 2504 liceat
289 2466 392 2502 ΑΒΜ
578 2476 623 2502 10
646 2464 890 2502 dominantes
905 2462 946 2501 111
964 2463 1066 2502 clero
1082 2464 1130 2499 A¹
1323 2465 1367 2502 18
1390 2463 1586 2501 famatum
1602 2441 1635 2500 Β

154 2525 201 2552 22
227 2515 305 2560 ned,
317 2525 407 2561 pan
424 2525 492 2551 om.
509 2511 674 2549 CBASM

207 2678 252 2704 10
274 2669 316 2703 in
333 2669 425 2703 clero
441 2668 535 2702 etc.:
574 2679 606 2703 v.
627 2676 643 2702 1
666 2664 766 2701 Petr.
782 2676 816 2701 v.
834 2674 868 2711 3.
1038 2673 1093 2707 11,
1112 2673 1155 2699 12
1182 2664 1343 2698 tirannis
1357 2673 1487 2709 quam:
1513 2661 1635 2700 minio

103 2717 106 2719 ’
155 2715 307 2753 notavit
323 2713 539 2751 parkerus
527 2726 569 2750 111
586 2713 666 2751 cod.
685 2712 727 2750 C.
891 2722 934 2748 12
960 2712 1100 2747 Dicunt
1111 2711 1322 2757 philosophi
1333 2711 1428 2747 etc.:
1452 2722 1485 2747 v.
1499 2710 1575 2747 Cic.
1593 2713 1638 2747 de

158 2766 227 2810 Off
242 2763 283 2800 ii.
303 2774 324 2809 3
341 2761 383 2810 §§
407 2773 460 2805 11,
483 2772 537 2798 12.
686 2763 726 2798 18
751 2761 816 2796 Sal
832 2761 928 2795 em'm
944 2761 1039 2796 eta:
1063 2771 1094 2795 v.
1114 2758 1226 2795 Matt.
1247 2770 1278 2794 v.
1301 2768 1357 2804 13.
1499 2760 1637 2804 infatu-

154 2818 280 2849 atum:
307 2813 342 2847 si
371 2812 565 2847 euenum-it
589 2808 731 2856 Vulg.;
781 2806 992 2845 ‚Sabatier
1023 2807 1071 2843 ad
1103 2806 1175 2843 loc.
1191 2819 1200 2848 ;
1236 2805 1285 2842 cf.
1317 2817 1431 2852 supra
1456 2805 1505 2842 ad
1532 2818 1565 2843 v.
1593 2807 1638 2843 16

157 2861 241 2907 (581
257 2859 314 2906 D).
486 2867 535 2893 20
560 2869 672 2904 uoqsae
688 2859 777 2893 adeo
795 2858 890 2892 etc.·
916 2854 1005 2891 Luc.
1022 2856 1152 2890 Phar-⁸.
1169 2853 1224 2890 iii.
1245 2854 1418 2891 118-121.
1589 2854 1638 2891 26

151 2910 328 2956 princeps
344 2910 443 2944 eius:
470 2916 521 2942 sc.
538 2904 732 2952 diabolu03
758 2916 791 2940 v.
811 2903 942 2940 1081111.
959 2902 1027 2940 xii.
1045 2913 1101 2949 31.

211 2980 295 3000 vnn
277 2979 331 2999 nn
869 2966 892 3004 3
915 2965 941 2992 Γ
1459 2965 1523 3000 491
