1846 3262
100 223 181 279 748
200 227 230 270 d
574 221 836 267 IOANNIS
876 221 1392 268 SARESBERIENSIS
1491 222 1606 286 [ΜΒ.
1621 236 1715 269 VIII

244 391 350 450 Cap.
375 404 441 436 II.
488 390 553 434 De
571 389 788 434 ‘molestiis
814 393 854 434 et
881 389 1094 435 oneribus
1116 391 1443 448 coniuyiorum
1461 392 1714 436 secundum

358 460 392 504 I
389 460 651 504 monimum
680 464 719 504 et
749 460 862 504 alios
886 460 1170 518 philosophos
1180 480 1199 513 ;
1233 466 1271 505 et
1302 462 1356 505 de
1379 462 1578 518 pernicie
1607 461 1712 506 libi-

358 530 489 573 dinis
499 547 512 582 3
543 530 598 573 de
616 530 831 574 'mulieris
850 530 1105 587 Ephe-sinae
1127 534 1166 575 et
1184 531 1419 576 &milium
1425 532 1534 588 fide.

302 631 429 675 Sicut
450 645 555 689 ergo
575 631 790 674 sobrietas
819 631 868 674 in
893 632 1112 676 conuiuiis
1131 633 1378 676 necessaria
1398 635 1477 686 est,
1496 633 1563 675 ita
1581 631 1713 675 rebus

239 701 446 745 omnibus
466 715 640 745 necesse
667 704 735 744 est
762 701 913 745 adesse
933 702 1206 746 modestiam.
1267 703 1497 760 Siquidem
1517 702 1573 746 de
1592 704 1712 745 satu·
1733 716 1753 751 5

240 771 375 814 ritate
395 770 545 822 libido,
565 770 621 813 de
647 770 832 814 libidine
859 771 1145 815 immunditia
1173 774 1219 815 et
1242 772 1479 829 multiplex
1498 771 1717 830 pernicies

238 843 491 899 generatur.
541 840 605 884 At
625 855 683 884 ex
702 841 773 884 his
792 841 931 884 nichil
950 842 1037 884 nisi
1053 841 1179 886 dolor
1192 842 1467 900 penitudinis
1487 841 1714 899 sequitur3

240 913 285 953 et
305 911 416 953 bene
439 910 590 968 agitur
616 925 717 954 cum
744 911 1056 962 moerentibus,
1077 911 1115 954 si
1144 911 1374 955 fructuosa
1401 911 1463 962 sit⁴
1487 910 1714 968 penitudo.

89 1004 173 1045 749
194 1005 224 1035 a
238 980 367 1023 Vnde
397 980 596 1023 hebetati
630 980 775 1024 cordis
803 980 984 1024 uidetur
1012 981 1163 1038 opinio
1193 996 1306 1038 quae
1337 981 1433 1024 sine
1462 980 1713 1038 expletione

238 1050 438 1093 libidinis
464 1049 629 1092 diffinit
650 1049 895 1107 perfectam
921 1065 1011 1093 non
1035 1065 1129 1094 esse
1153 1051 1442 1108 uoluptatem.
1500 1049 1715 1092 Traditur
1734 1066 1777 1091 ιο

239 1121 322 1164 1106
349 1120 536 1163 sensisse
567 1120 821 1177 Epicurum.
882 1119 971 1163 Sed
1004 1120 1216 1178 quicquid
1247 1120 1396 1178 gregis
1426 1120 1547 1163 illius
1577 1134 1713 1178 grun-

239 1190 369 1232 niant
399 1203 510 1240 sues,
530 1191 625 1232 tam
655 1188 933 1232 immundam
961 1192 1007 1232 et
1035 1192 1130 1232 tam
1161 1189 1387 1233 funestam
1417 1204 1571 1233 uocem
1600 1189 1715 1232 nulli

239 1259 603 1316 philosophorum
616 1258 810 1301 arbitror
824 1258 1052 1315 placuisse,
1067 1259 1231 1302 nedum
1249 1258 1450 1316 Epicuro,
1467 1258 1544 1316 qui
1559 1261 1715 1302 tantus

239 1329 330 1372 fuit
361 1331 414 1372 ut
445 1329 564 1371 inter
592 1328 877 1385 philosophos
910 1329 1136 1386 propriam
1167 1328 1324 1372 fecerit
1358 1331 1534 1372 sectam.
1595 1328 1714 1372 Sunt

239 1400 335 1443 eius
367 1402 546 1442 auctore
579 1398 746 1441 Seneca
777 1398 956 1456 egregia
987 1399 1141 1451 multa,
1175 1414 1287 1456 quae
1322 1399 1487 1456 passim
1525 1400 1713 1456 possunt
1733 1409 1774 1445 15

239 1468 359 1526 apud
393 1468 678 1525 philosophos
707 1467 900 1510 inueniri
931 1470 977 1510 et
1005 1483 1087 1525 pro
1121 1470 1248 1525 parte
1288 1483 1496 1526 expressa
1526 1471 1634 1511 sunt
1668 1471 1714 1511 et

238 1540 448 1595 congesta
467 1537 516 1579 in
535 1537 650 1580 libro
665 1537 742 1594 qui
762 1536 830 1580 De
846 1537 1069 1595 Vestigiis‚
1085 1537 1179 1581 siue
1195 1537 1263 1580 De
1275 1537 1495 1595 Dogmate
1516 1537 1713 1580 Philoso-

239 1608 431 1665 phorum
446 1607 715 1650 inscribitur.
757 1606 913 1649 Sillem'
929 1607 1046 1650 senis
1066 1607 1306 1650 inueterati
1322 1607 1503 1650 uidetur
1517 1606 1714 1650 amentia

238 1677 388 1735 potius
419 1692 553 1734 quam
587 1676 810 1720 sententia
842 1677 1106 1735 philosophi,
1139 1681 1185 1721 et
1219 1681 1288 1721 est
1322 1681 1439 1721 certe
1470 1677 1606 1720 asello
1640 1676 1712 1720 eui

238 1747 462 1790 insidebat
508 1747 682 1790 brutior
716 1746 788 1790 cui
828 1747 914 1790 hoc
955 1747 1157 1805 nequitia
1196 1748 1346 1805 potuit
1385 1747 1581 1790 suadere.
1655 1746 1712 1789 Id
1732 1761 1777 1786 πο

238 1817 385 1874 ipsum
399 1816 516 1860 forte
528 1817 725 1859 innuunt
739 1817 953 1874 figmenta
967 1818 1204 1876 gentilium
1220 1833 1334 1875 quae
1354 1817 1543 1860 delirum
1564 1831 1713 1860 senem

239 1887 347 1930 uino
382 1889 643 1938 estuantem,
673 1886 774 1929 aliis
808 1889 995 1931 naturae
1030 1887 1440 1945 obtemperantibus
1480 1889 1526 1931 et
1565 1887 1714 1944 quiete

193 1965 223 2005 b
242 1956 360 2000 fessa
398 1956 700 2000 recreantibus
739 1971 934 2014 corpora,
975 1957 1132 2001 Lotide
1171 1972 1278 2015 prae
1326 1956 1484 2001 ceteris
1532 1959 1714 2014 captum

239 2026 443 2070 referunt
473 2029 518 2070 et
547 2026 729 2069 tandem
758 2041 859 2070 cum
889 2028 1088 2071 omnium
1118 2027 1321 2071 irrisione
1348 2041 1479 2084 quem
1508 2040 1589 2071 nec
1618 2029 1714 2070 etas

238 2171 256 2198 I
284 2159 492 2197 honeribus
508 2159 556 2196 Α1
703 2170 744 2198 11
771 2172 883 2208 grues
900 2160 942 2196 M
1085 2171 1130 2198 22
1157 2159 1511 2208 optemperantibus
1526 2158 1561 2196 A

289 2283 327 2309 11
356 2274 475 2318 yreyis
491 2274 584 2310 etc.:
609 2283 642 2308 v.
660 2271 748 2308 Hor.
765 2273 838 2318 Ep.
857 2271 884 2307 i.
902 2282 938 2317 4.
959 2272 1015 2308 16.
1126 2273 1250 2308 illius:
1274 2282 1324 2307 sc.
1342 2269 1507 2317 Epicuri.
1668 2281 1683 2308 1
1692 2274 1711 2317 ς’

237 2325 382 2357 auctore
398 2322 553 2356 Seneca:
578 2332 611 2355 v.
630 2319 716 2356 Sen.
734 2321 806 2365 Ep.
827 2321 847 2356 8
867 2318 885 2366 ξ
906 2321 938 2365 8,
957 2330 999 2356 21
1022 2318 1040 2366 ξ
1060 2329 1094 2366 9.
1218 2328 1259 2364 17
1285 2320 1376 2355 libro
1392 2320 1456 2365 qui
1471 2320 1526 2354 De
1547 2319 1715 2364 Vestiyiis

238 2370 311 2405 etc.
327 2379 340 2403 z
377 2380 429 2404 sc.
455 2367 651 2411 Flaviani3
688 2380 722 2404 v.
749 2379 864 2413 supra
898 2366 940 2403 ii.
968 2368 1013 2404 26
1045 2366 1185 2414 (4603)
1213 2369 1253 2404 et
1278 2378 1416 2404 comm.
1441 2366 1491 2403 ad
1514 2365 1607 2408 loc.;
1646 2365 1713 2402 ubi

237 2415 470 2452 auctoritate
496 2414 1023 2460 861166136111111111111αοῆαηη.
1047 2417 1188 2451 Saresb.
1213 2426 1277 2462 pp.
1307 2425 1371 2460 103
1383 2413 1502 2460 seqq.)
1528 2413 1714 2450 adductus

238 2476 322 2500 sum
339 2464 387 2500 ad
405 2463 634 2500 credendum
652 2462 877 2499 Flavianum
894 2462 1011 2499 istum
1029 2462 1193 2500 eundem
1211 2474 1289 2500 esse
1307 2474 1422 2508 quem
1439 2461 1655 2498 Macrobius
1670 2460 1714 2498 in

236 2513 499 2547 Saturnalibus
515 2511 763 2548 disserentem
780 2509 960 2554 induxit3
985 2510 1034 2547 cf.
1061 2510 1101 2547 L.
1129 2510 1264 2547 Ianum
1289 2509 1331 2545 in
1356 2508 1639 2557 Prolegomenis
1662 2509 1714 2546 ad

238 2558 478 2596 Macrobium
494 2571 530 2605 p.
549 2558 664 2596 xxvii.
714 2558 809 2595 Vide
825 2560 956 2594 tamen
971 2557 1015 2594 V.
1034 2558 1129 2595 Rose
1148 2560 1205 2604 (de
1221 2559 1336 2594 Arist.
1355 2558 1441 2593 libr.
1458 2559 1534 2594 ord.
1563 2562 1596 2593 et
1619 2562 1713 2593 auct.

240 2618 278 2653 p.
299 2607 383 2653 253)
401 2607 466 2653 qui
484 2607 530 2643 de
548 2606 737 2650 Flaviano,
756 2605 865 2642 Pauli
890 2604 1054 2643 Diaconi
1080 2608 1338 2653 praeceptore,
1359 2604 1465 2641 cuius
1487 2603 1633 2641 mentio
1657 2605 1712 2642 est

237 2654 280 2690 111
295 2657 392 2692 Hist.
409 2656 639 2701 Lanqobard.
657 2654 706 2691 vi.
725 2663 757 2699 7,
776 2653 970 2701 cogitavit.
1135 2655 1177 2690 18
1202 2655 1333 2689 Sillem'
1349 2655 1443 2689 etc.:
1468 2664 1500 2689 v.
1527 2651 1591 2689 Ov.
1608 2653 1710 2688 Fast.

237 2701 263 2737 i.
283 2713 353 2748 413
368 2714 471 2748 seqq.
668 2712 716 2738 20
740 2703 903 2738 brutior:
933 2704 941 2719 ⁴
956 2700 1243 2747 Comparativus
1260 2712 1337 2738 non
1353 2699 1544 2747 reperitur
1559 2699 1600 2735 in
1617 2699 1711 2742 usu,’

237 2749 412 2787 Forc.·de
437 2750 517 2786 Vit.
548 2761 576 2786 s,
588 2762 622 2787 v.
653 2751 789 2786 brutus.
933 2759 975 2785 21
1016 2750 1171 2785 delirum
1202 2761 1340 2785 senem:
1373 2748 1577 2784 Auctorem
1602 2757 1712 2782 suum

236 2808 374 2843 parum
400 2799 575 2834 accurate
600 2798 861 2844 repraesentat
886 2795 1071 2839 Ioannes3
1096 2796 1277 2843 Priapum
1302 2796 1417 2839 enim,
1435 2807 1512 2831 non
1537 2793 1710 2830 Silenum

236 2844 372 2889 ipsum,
391 2857 415 2881 a
431 2845 564 2881 Lotide
582 2847 739 2892 captum
757 2856 833 2881 esse
850 2846 890 2881 et
907 2844 955 2881 ab
972 2843 1079 2880 asino
1105 2843 1224 2881 Sileni
1247 2842 1515 2891 intempestive
1539 2840 1710 2878 ruditum

237 2891 375 2928 edente
394 2895 612 2930 revocatum
629 2903 707 2930 esse
724 2892 841 2930 refert
858 2891 1024 2929 Ovidius.

348 2973 414 3007 294
