1846 3262
134 190 211 240 ι781
228 200 255 232 c
601 188 864 235 IOANNIS
908 190 1425 236 SARESBERIENSIS
1524 189 1635 252 [11111.
1650 203 1743 237 vm

267 311 419 355 liuisse
437 311 610 369 peccati
629 311 830 356 indurati
852 313 1068 370 parietem
1088 313 1330 356 uideantur
1348 311 1426 370 qui
1446 312 1744 370 praecipiente

267 381 460 425 Domino
499 381 649 425 fuerat
692 381 928 426 fodiendus
974 385 1027 427 ut
1073 385 1224 426 rueret
1269 384 1316 425 et
1361 381 1744 426 abhominationes

266 451 482 508 pessimae
502 466 530 494 a
543 451 674 495 domo
690 451 871 495 Domini
887 452 1164 510 disperirent.
1214 451 1278 495 Hi
1299 454 1406 495 sunt
1426 451 1503 508 qui
1522 455 1744 498 consuunt

266 520 490 577 puluillos,
508 521 592 564 sub
605 521 750 579 capite
768 523 1004 566 uniuersae
1025 522 1159 566 etatis
1174 521 1412 566 ceruicalia
1431 525 1741 579 supponentes,

265 593 319 633 ut
339 590 519 648 capiant
539 591 724 646 animaS,
745 595 791 635 et
811 592 878 636 lac
899 592 1146 647 comedant,
1164 591 1280 635 lanis
1304 591 1564 649 operiantur
1588 592 1742 636 ouium
1761 606 1782 643 ς

266 674 377 716 quas
397 661 523 717 quasi
540 661 587 703 in
604 676 808 704 somnum
821 662 1121 720 negligentiae
1136 662 1209 705 uel
1225 661 1435 705 audaciae
1455 661 1744 707 induxerunt.

265 729 358 772 Fur
377 733 528 774 autem
548 731 831 775 conuincitur
851 732 908 776 ab
931 733 1139 790 operibus
1163 732 1255 775 suis
1275 731 1381 789 quia
1400 746 1490 775 non
1510 731 1636 775 uenit
1655 731 1744 775 nisi

264 802 317 843 ut
338 800 516 844 furetur
535 803 581 844 et
600 801 772 845 occidat
796 804 842 846 et
867 805 1033 846 mactet
1053 805 1099 846 et
1118 802 1288 860 perdat.
1348 801 1564 845 Inimicus
1587 801 1744 859 utique

220 871 250 913 d
266 870 537 927 perniciosus
575 873 623 914 et
661 874 843 928 apertus
882 871 960 929 qui
999 887 1080 916 nec
1119 886 1213 915 rem
1256 871 1448 929 pastoris
1486 871 1624 915 habet
1661 886 1743 917 nec

263 940 468 998 speciem,
489 943 535 984 et
554 955 634 984 nec
655 941 712 984 ad
739 941 913 985 lucrum
942 942 1086 999 pascit
1105 942 1183 985 sed
1203 956 1334 985 suum
1354 941 1529 985 lucrum
1549 945 1742 1001 reputat,
1761 953 1805 980 ιο

262 1010 399 1053 etiam
439 1024 540 1054 cum
579 1010 752 1055 occidit.
831 1011 1005 1055 Pastori
1044 1011 1197 1070 itaque
1234 1011 1423 1055 debetur
1460 1026 1597 1064 amor,
1636 1012 1743 1070 quia

264 1080 437 1139 diligit3
495 1081 798 1125 mercennario
847 1082 1079 1139 patientia,
1128 1082 1236 1139 quia
1282 1081 1467 1126 uidetur.
1515 1085 1742 1127 amantem

264 1150 456 1203 imitari3
487 1150 580 1194 furi
600 1165 707 1194 uero
726 1165 817 1194 non
837 1151 970 1195 debet
985 1151 1180 1195 Ecclesia
1199 1151 1286 1195 nisi
1306 1166 1478 1210 penam.
1537 1151 1588 1195 Si
1608 1151 1742 1196 sciret

262 1219 588 1278 paterfamilias
614 1234 704 1277 qua
730 1220 841 1263 hora
867 1219 944 1264 fur
970 1221 1157 1272 ueniret,
1177 1221 1388 1279 uigilaret
1407 1221 1564 1278 utique
1585 1223 1631 1264 et
1649 1235 1741 1265 non

262 1289 429 1334 sineret
467 1289 643 1347 perfodi
683 1289 864 1333 domum
904 1304 1044 1333 suam.
1116 1290 1279 1334 Vocem
1322 1290 1514 1348 pastoris
1548 1290 1740 1340 audiunt
1759 1301 1801 1336 ¹⁵

262 1373 368 1403 oues
398 1362 444 1403 et
473 1362 744 1417 sequuntur3
776 1374 930 1403 uocem
958 1360 1251 1404 mercennarii
1280 1360 1507 1403 interdum
1536 1359 1739 1413 audiunt,

261 1429 340 1472 sed
374 1443 492 1482 eum,
527 1429 634 1486 quia
666 1443 757 1476 non
791 1429 920 1472 uadit
953 1429 1011 1472 ad
1045 1430 1199 1481 uitam,
1234 1430 1359 1487 sequi
1393 1432 1739 1487 contempnunt3

260 1513 414 1542 uocem
442 1498 557 1542 furis
583 1501 882 1556 aspernantur
901 1499 1086 1542 horrent
1112 1502 1158 1543 et
1187 1498 1382 1557 fugiunt,
1399 1499 1506 1556 quia
1529 1499 1578 1542 in
1601 1513 1739 1544 manu

260 1568 355 1612 eius
381 1568 541 1612 uident
561 1571 607 1612 et
634 1568 683 1611 in
710 1582 787 1612 ore
806 1568 999 1612 audiunt
1023 1583 1157 1627 opera
1177 1569 1359 1621 mortis3
1390 1568 1616 1626 siquidem
1645 1583 1736 1613 non

260 1638 392 1682 modo
424 1638 501 1681 fur
534 1641 603 1681 est
633 1641 680 1681 et
710 1638 827 1682 latro
860 1638 938 1682 sed
970 1639 1103 1696 lupus
1134 1653 1287 1696 rapax,
1323 1638 1564 1696 sequipeda
1596 1638 1738 1683 leonis
1757 1653 1801 1681 no

115 1715 196 1765 782
215 1725 245 1754 a
261 1708 338 1765 qui
378 1708 559 1766 rugiens
598 1708 756 1752 circuit
795 1722 1011 1765 quaerens
1051 1723 1183 1766 quem
1222 1708 1420 1753 deuoret.
1480 1708 1592 1762 Quis
1630 1723 1737 1767 ergo

260 1778 389 1821 illum
427 1793 519 1821 non
557 1777 745 1835 repellat
784 1780 864 1821 aut
902 1777 1061 1821 saltem
1101 1777 1250 1835 fugiat
1288 1777 1366 1835 qui
1405 1777 1465 1821 ad
1502 1777 1586 1822 hoc
1619 1778 1738 1823 ouile

259 1848 512 1906 ingreditur
531 1850 585 1891 ut
603 1850 769 1891 mactet
789 1850 835 1890 et
854 1847 1055 1892 occidat?
1113 1847 1163 1891 Si
1183 1847 1294 1905 quis,
1315 1847 1556 1905 Apostolus
1575 1848 1736 1906 inquit,

259 1918 562 1975 episcopatum
589 1917 824 1968 desiderat,
843 1917 1011 1960 bonum
1038 1931 1149 1974 opus
1179 1916 1412 1961 desiderat.
1472 1917 1562 1962 Sed
1588 1918 1736 1962 nescio

258 2002 347 2045 quo
373 1989 503 2045 pacto
527 2002 598 2030 res
623 1987 673 2029 in
699 1986 973 2031 contrarium
997 2001 1127 2030 uersa
1150 1989 1219 2031 est
1245 1989 1309 2039 ut,
1329 2001 1431 2031 cum
1460 2001 1613 2031 omnes
1639 1986 1735 2032 fere
1753 2003 1796 2040 ²⁵

257 2057 511 2101 desiderent
541 2056 797 2115 episcopari,
825 2071 927 2100 cum
962 2055 1081 2113 quod
1114 2059 1335 2114 appetunt
1366 2056 1518 2114 adepti
1552 2056 1736 2110 fuerint,

257 2127 350 2171 otio
376 2130 599 2180 marcent;
629 2129 721 2178 aut,
747 2126 867 2184 quod
895 2126 1073 2183 turpius
1102 2129 1182 2180 est,
1205 2126 1254 2170 in
1282 2127 1500 2171 uanitatis
1528 2127 1738 2185 operibus

258 2200 544 2255 occupantur.
619 2196 800 2250 Quanta
844 2199 1051 2240 curratur
1094 2196 1338 2241 ambitione
1386 2196 1510 2241 uolui
1554 2196 1736 2255 quidem

258 2267 462 2324 superius
492 2266 581 2318 sed,
610 2268 664 2310 ut
687 2281 734 2310 se
761 2280 831 2309 res
861 2265 1008 2317 habet,
1038 2266 1166 2323 plene
1196 2281 1287 2310 non
1315 2266 1443 2325 potui
1471 2267 1736 2325 explanare3

259 2339 306 2379 et
325 2335 526 2393 profecto
545 2350 679 2393 quam
698 2335 923 2379 inutiliter
941 2335 1073 2378 multi
1093 2338 1330 2379 uersentur
1348 2336 1397 2379 in
1416 2336 1560 2395 gradu
1579 2339 1735 2394 optato
1752 2351 1798 2386 30

260 2405 428 2449 referre
457 2405 680 2449 difficilius
709 2408 877 2463 potero.
934 2404 1086 2448 Vnum
1115 2407 1267 2449 tamen
1296 2406 1397 2457 scio,
1427 2406 1533 2463 quia
1561 2419 1652 2450 non
1682 2420 1736 2450 ea

259 2513 281 2539 2
308 2503 612 2540 abominationes
628 2503 662 2538 A
802 2513 825 2548 4
849 2501 1108 2550 subponentes
1124 2501 1226 2539 ΑΒΜ
1346 2504 1369 2540 8
1394 2505 1437 2540 ut
1454 2516 1523 2541 om.
1540 2503 1566 2541 S
1688 2504 1734 2542 16

257 2553 439 2588 secuntur
455 2550 480 2587 S
622 2561 667 2597 23
692 2549 894 2597 Apostolus
910 2562 977 2587 om.
997 2549 1022 2586 S
1165 2560 1212 2597 29
1237 2562 1296 2589 res
1312 2563 1352 2589 se
1367 2550 1402 2588 A

353 2635 416 2679 qui
431 2638 609 2669 consuunt
626 2633 722 2669 etc.:
746 2644 778 2669 v.
798 2630 933 2669 Ezech.
950 2630 1031 2668 xiii.
1055 2633 1109 2668 18.
1312 2641 1330 2679 5
1357 2633 1415 2669 lac
1431 2634 1616 2670 comedant
1631 2634 1703 2671 etc.
1719 2643 1730 2669 :

258 2692 290 2715 v.
307 2643 444 2717 {zeon
463 2680 587 2717 xxxiv.
606 2690 640 2726 3.
808 2689 830 2726 7
854 2681 937 2716 Fur
951 2685 1071 2716 autem
1087 2682 1160 2716 etc.
1176 2692 1185 2716 ι
1209 2691 1243 2716 v.
1263 2679 1395 2717 Ioann.
1411 2691 1446 2716 x.
1471 2691 1524 2717 10.
1687 2689 1730 2726 13

256 2729 299 2764 Si
315 2730 420 2764 sciret
435 2730 534 2765 etc.:
558 2727 653 2764 Luc.
670 2725 736 2764 xii.
755 2737 811 2774 39.
934 2730 937 2733 “
986 2736 1024 2773 15
1058 2729 1182 2764 Vocem
1197 2729 1357 2774 pastoris
1372 2729 1469 2767 etc.:
1494 2740 1527 2764 v.
1545 2727 1676 2765 Ioann.
1693 2739 1730 2764 x.

257 2786 278 2820 3
292 2787 397 2821 seqq.
592 2786 639 2812 20
661 2777 777 2811 leonis
794 2777 867 2813 etc.
884 2788 892 2812 :
917 2787 950 2811 v.
971 2786 987 2812 1
1007 2774 1107 2811 Petr.
1126 2787 1161 2812 v.
1181 2775 1213 2811 8.
1409 2786 1454 2821 23
1480 2777 1523 2812 Su·
1537 2778 1618 2822 qui-5
1634 2776 1731 2812 etc.:

260 2833 275 2858 1
295 2822 392 2858 Tim.
409 2822 464 2859 iii.
486 2833 517 2859 1.
674 2832 731 2869 27,
749 2824 794 2860 28
820 2828 990 2866 marcent,
1009 2828 1251 2868 comparatum
1276 2822 1502 2860 Accuratius
1518 2822 1730 2870 scripsisset

255 2875 450 2914 marceant,
468 2875 697 2917 occupentur.
843 2881 889 2918 29
913 2872 1103 2917 superius:
1128 2882 1161 2906 v.
1178 2882 1294 2918 supra
1309 2869 1371 2907 vii.
1397 2880 1451 2918 19.

367 2934 431 2969 3⁶2
