<?xml version="1.0" encoding="UTF-8"?>
<!DOCTYPE html PUBLIC "-//W3C//DTD XHTML 1.0 Transitional//EN"
    "http://www.w3.org/TR/xhtml1/DTD/xhtml1-transitional.dtd">
<html xmlns="http://www.w3.org/1999/xhtml" xml:lang="en" lang="en">
 <head>
  <title>
</title>
<meta http-equiv="Content-Type" content="text/html;charset=utf-8" />
  <meta name='ocr-system' content='tesseract 3.04.00' />
  <meta name='ocr-capabilities' content='ocr_page ocr_carea ocr_par ocr_line ocrx_word'/>
</head>
<body>
  <div class='ocr_page' id='page_1' title='image "./ioannissaresberi02johnuoft_0406.png"; bbox 0 0 1846 3262; ppageno 0'>
   <div class='ocr_carea' id='block_1_1' title="bbox 98 214 1731 278">
    <p class='ocr_par' dir='ltr' id='par_1_1' title="bbox 98 214 1731 278">
     <span class='ocr_line' id='line_1_1' title="bbox 98 214 1731 278; baseline 0.001 -21"><span class='ocrx_word' id='word_1_1' title='bbox 98 217 185 258; x_wconf 84' lang='lat'>806</span> <span class='ocrx_word' id='word_1_2' title='bbox 207 227 233 257; x_wconf 83' lang='lat' dir='ltr'>e</span> <span class='ocrx_word' id='word_1_3' title='bbox 580 217 844 262; x_wconf 85' lang='lat' dir='ltr'>IOANNIS</span> <span class='ocrx_word' id='word_1_4' title='bbox 885 216 1404 262; x_wconf 86' lang='lat' dir='ltr'>SARESBERIENSIS</span> <span class='ocrx_word' id='word_1_5' title='bbox 1509 214 1625 278; x_wconf 71' lang='grc' dir='ltr'><strong>[ΠΒ.</strong></span> <span class='ocrx_word' id='word_1_6' title='bbox 1639 226 1731 261; x_wconf 80' lang='lat' dir='ltr'>vm</span> 
     </span>
    </p>
   </div>
   <div class='ocr_carea' id='block_1_2' title="bbox 88 337 1804 2156">
    <p class='ocr_par' dir='ltr' id='par_1_2' title="bbox 88 337 1804 2156">
     <span class='ocr_line' id='line_1_2' title="bbox 249 337 1731 398; baseline -0.001 -16"><span class='ocrx_word' id='word_1_7' title='bbox 249 339 413 383; x_wconf 86' lang='lat' dir='ltr'>sissimi</span> <span class='ocrx_word' id='word_1_8' title='bbox 433 340 631 384; x_wconf 90' lang='lat' dir='ltr'>martiris</span> <span class='ocrx_word' id='word_1_9' title='bbox 652 343 698 384; x_wconf 91' lang='lat' dir='ltr'>et</span> <span class='ocrx_word' id='word_1_10' title='bbox 717 340 836 398; x_wconf 85' lang='lat' dir='ltr'>regis</span> <span class='ocrx_word' id='word_1_11' title='bbox 863 339 1117 383; x_wconf 90' lang='lat' dir='ltr'>Eadmundi</span> <span class='ocrx_word' id='word_1_12' title='bbox 1138 353 1321 383; x_wconf 86' lang='lat' dir='ltr'>manum</span> <span class='ocrx_word' id='word_1_13' title='bbox 1343 338 1555 385; x_wconf 84' lang='lat' dir='ltr'>exercuit.</span> <span class='ocrx_word' id='word_1_14' title='bbox 1615 337 1731 383; x_wconf 86' lang='lat' dir='ltr'>Cum</span> 
     </span>
     <span class='ocr_line' id='line_1_3' title="bbox 249 410 1731 468; baseline 0 -16"><span class='ocrx_word' id='word_1_15' title='bbox 249 410 368 453; x_wconf 90' lang='lat' dir='ltr'>enim</span> <span class='ocrx_word' id='word_1_16' title='bbox 401 410 580 454; x_wconf 87' lang='lat' dir='ltr'>Suanus</span> <span class='ocrx_word' id='word_1_17' title='bbox 612 410 874 453; x_wconf 75' lang='lat' dir='ltr'>Britanniae</span> <span class='ocrx_word' id='word_1_18' title='bbox 909 410 1114 460; x_wconf 88' lang='lat' dir='ltr'>insulam,</span> <span class='ocrx_word' id='word_1_19' title='bbox 1147 424 1281 467; x_wconf 90' lang='lat' dir='ltr'>quam</span> <span class='ocrx_word' id='word_1_20' title='bbox 1313 425 1370 453; x_wconf 83' lang='lat' dir='ltr'>ex</span> <span class='ocrx_word' id='word_1_21' title='bbox 1404 424 1569 468; x_wconf 85' lang='lat' dir='ltr'>magna</span> <span class='ocrx_word' id='word_1_22' title='bbox 1601 412 1731 467; x_wconf 86' lang='lat' dir='ltr'>parte</span> 
     </span>
     <span class='ocr_line' id='line_1_4' title="bbox 247 479 1730 538; baseline -0.001 -15"><span class='ocrx_word' id='word_1_23' title='bbox 247 484 556 538; x_wconf 85' lang='lat' dir='ltr'>occupauerat,</span> <span class='ocrx_word' id='word_1_24' title='bbox 593 483 795 524; x_wconf 87' lang='lat' dir='ltr'>uastaret</span> <span class='ocrx_word' id='word_1_25' title='bbox 848 480 1060 537; x_wconf 87' lang='lat' dir='ltr'>spoliaret</span> <span class='ocrx_word' id='word_1_26' title='bbox 1099 484 1146 524; x_wconf 89' lang='lat' dir='ltr'>et</span> <span class='ocrx_word' id='word_1_27' title='bbox 1183 480 1384 523; x_wconf 90' lang='lat' dir='ltr'>membra</span> <span class='ocrx_word' id='word_1_28' title='bbox 1423 479 1593 524; x_wconf 83' lang='lat' dir='ltr'>Christi</span> <span class='ocrx_word' id='word_1_29' title='bbox 1631 493 1730 537; x_wconf 88' lang='lat' dir='ltr'>per-</span> 
     </span>
     <span class='ocr_line' id='line_1_5' title="bbox 246 549 1732 609; baseline -0.002 -15"><span class='ocrx_word' id='word_1_30' title='bbox 246 551 548 594; x_wconf 87' lang='lat' dir='ltr'>secutionibus</span> <span class='ocrx_word' id='word_1_31' title='bbox 567 551 722 594; x_wconf 90' lang='lat' dir='ltr'>multis</span> <span class='ocrx_word' id='word_1_32' title='bbox 743 551 971 609; x_wconf 87' lang='lat' dir='ltr'>affligeret,</span> <span class='ocrx_word' id='word_1_33' title='bbox 983 551 1225 594; x_wconf 72' lang='lat' dir='ltr'>indictione</span> <span class='ocrx_word' id='word_1_34' title='bbox 1245 565 1414 601; x_wconf 86' lang='lat' dir='ltr'>census,</span> <span class='ocrx_word' id='word_1_35' title='bbox 1429 564 1559 607; x_wconf 90' lang='lat' dir='ltr'>quem</span> <span class='ocrx_word' id='word_1_36' title='bbox 1576 549 1732 607; x_wconf 84' lang='lat' dir='ltr'>lingua</span> 
     </span>
     <span class='ocr_line' id='line_1_6' title="bbox 246 620 1769 679; baseline 0 -16"><span class='ocrx_word' id='word_1_37' title='bbox 246 621 497 679; x_wconf 87' lang='lat' dir='ltr'>Anglorum</span> <span class='ocrx_word' id='word_1_38' title='bbox 541 621 853 679; x_wconf 85' lang='lat' dir='ltr'>Danageldum</span> <span class='ocrx_word' id='word_1_39' title='bbox 899 621 1146 674; x_wconf 90' lang='lat' dir='ltr'>nominant,</span> <span class='ocrx_word' id='word_1_40' title='bbox 1186 620 1463 678; x_wconf 87' lang='lat' dir='ltr'>prouinciam</span> <span class='ocrx_word' id='word_1_41' title='bbox 1512 620 1730 672; x_wconf 87' lang='lat' dir='ltr'>onerauit‚</span> <span class='ocrx_word' id='word_1_42' title='bbox 1750 636 1769 670; x_wconf 85' lang='lat'>5</span> 
     </span>
     <span class='ocr_line' id='line_1_7' title="bbox 243 690 1731 750; baseline 0 -17"><span class='ocrx_word' id='word_1_43' title='bbox 243 692 557 749; x_wconf 74' lang='lat' dir='ltr'>praecepitque</span> <span class='ocrx_word' id='word_1_44' title='bbox 596 692 893 750; x_wconf 86' lang='lat' dir='ltr'>possessiones</span> <span class='ocrx_word' id='word_1_45' title='bbox 931 691 1167 735; x_wconf 88' lang='lat' dir='ltr'>memorati</span> <span class='ocrx_word' id='word_1_46' title='bbox 1206 691 1406 734; x_wconf 89' lang='lat' dir='ltr'>martiris</span> <span class='ocrx_word' id='word_1_47' title='bbox 1445 690 1648 734; x_wconf 83' lang='lat' dir='ltr'>conferre</span> <span class='ocrx_word' id='word_1_48' title='bbox 1682 691 1731 734; x_wconf 93' lang='lat' dir='ltr'>in</span> 
     </span>
     <span class='ocr_line' id='line_1_8' title="bbox 243 761 1731 819; baseline 0.002 -16"><span class='ocrx_word' id='word_1_49' title='bbox 243 775 436 805; x_wconf 88' lang='lat' dir='ltr'>censum.</span> <span class='ocrx_word' id='word_1_50' title='bbox 483 762 884 819; x_wconf 86' lang='lat' dir='ltr'>Supplicatumque</span> <span class='ocrx_word' id='word_1_51' title='bbox 905 765 973 805; x_wconf 90' lang='lat' dir='ltr'>est</span> <span class='ocrx_word' id='word_1_52' title='bbox 989 762 1054 814; x_wconf 83' lang='lat' dir='ltr'>ei3</span> <span class='ocrx_word' id='word_1_53' title='bbox 1079 761 1347 819; x_wconf 70' lang='lat' dir='ltr'>contempsit</span> <span class='ocrx_word' id='word_1_54' title='bbox 1358 775 1519 818; x_wconf 67' lang='lat' dir='ltr'>preces</span> <span class='ocrx_word' id='word_1_55' title='bbox 1566 761 1731 806; x_wconf 89' lang='lat' dir='ltr'>Missus</span> 
     </span>
     <span class='ocr_line' id='line_1_9' title="bbox 244 831 1731 890; baseline 0.001 -16"><span class='ocrx_word' id='word_1_56' title='bbox 244 846 271 874; x_wconf 87' lang='lat' dir='ltr'>a</span> <span class='ocrx_word' id='word_1_57' title='bbox 298 832 482 875; x_wconf 91' lang='lat' dir='ltr'>martire</span> <span class='ocrx_word' id='word_1_58' title='bbox 513 833 747 890; x_wconf 88' lang='lat' dir='ltr'>religiosus</span> <span class='ocrx_word' id='word_1_59' title='bbox 774 832 917 876; x_wconf 80' lang='lat' dir='ltr'>frater</span> <span class='ocrx_word' id='word_1_60' title='bbox 943 832 1027 875; x_wconf 88' lang='lat' dir='ltr'>sub</span> <span class='ocrx_word' id='word_1_61' title='bbox 1054 832 1419 876; x_wconf 87' lang='lat' dir='ltr'>interminatione</span> <span class='ocrx_word' id='word_1_62' title='bbox 1445 831 1645 876; x_wconf 90' lang='lat' dir='ltr'>inhibuit</span> <span class='ocrx_word' id='word_1_63' title='bbox 1674 847 1731 876; x_wconf 90' lang='lat' dir='ltr'>ne</span> 
     </span>
     <span class='ocr_line' id='line_1_10' title="bbox 245 901 1730 955; baseline 0.001 -10"><span class='ocrx_word' id='word_1_64' title='bbox 245 902 473 946; x_wconf 86' lang='lat' dir='ltr'>ecclesiam</span> <span class='ocrx_word' id='word_1_65' title='bbox 494 902 677 954; x_wconf 85' lang='lat' dir='ltr'>Christi,</span> <span class='ocrx_word' id='word_1_66' title='bbox 693 903 875 946; x_wconf 90' lang='lat' dir='ltr'>domum</span> <span class='ocrx_word' id='word_1_67' title='bbox 895 903 1110 955; x_wconf 88' lang='lat' dir='ltr'>martiris,</span> <span class='ocrx_word' id='word_1_68' title='bbox 1123 905 1169 946; x_wconf 89' lang='lat' dir='ltr'>et</span> <span class='ocrx_word' id='word_1_69' title='bbox 1186 902 1373 945; x_wconf 87' lang='lat' dir='ltr'>liberam</span> <span class='ocrx_word' id='word_1_70' title='bbox 1393 901 1614 945; x_wconf 83' lang='lat' dir='ltr'>familiam</span> <span class='ocrx_word' id='word_1_71' title='bbox 1635 902 1730 946; x_wconf 90' lang='lat' dir='ltr'>eius</span> 
     </span>
     <span class='ocr_line' id='line_1_11' title="bbox 244 972 1793 1030; baseline -0.001 -15"><span class='ocrx_word' id='word_1_72' title='bbox 244 972 453 1016; x_wconf 83' lang='lat' dir='ltr'>tirannus</span> <span class='ocrx_word' id='word_1_73' title='bbox 489 973 691 1016; x_wconf 89' lang='lat' dir='ltr'>indebita</span> <span class='ocrx_word' id='word_1_74' title='bbox 729 976 951 1030; x_wconf 91' lang='lat' dir='ltr'>premeret</span> <span class='ocrx_word' id='word_1_75' title='bbox 990 973 1220 1016; x_wconf 88' lang='lat' dir='ltr'>seruitute.</span> <span class='ocrx_word' id='word_1_76' title='bbox 1301 972 1390 1016; x_wconf 85' lang='lat' dir='ltr'>Sed</span> <span class='ocrx_word' id='word_1_77' title='bbox 1429 973 1637 1030; x_wconf 87' lang='lat' dir='ltr'>impietas</span> <span class='ocrx_word' id='word_1_78' title='bbox 1671 972 1730 1016; x_wconf 87' lang='lat' dir='ltr'>ad</span> <span class='ocrx_word' id='word_1_79' title='bbox 1751 989 1793 1014; x_wconf 88' lang='lat'>10</span> 
     </span>
     <span class='ocr_line' id='line_1_12' title="bbox 199 1043 1804 1101; baseline 0 -15"><span class='ocrx_word' id='word_1_80' title='bbox 199 1051 227 1091; x_wconf 87' lang='lat' dir='ltr'>d</span> <span class='ocrx_word' id='word_1_81' title='bbox 245 1057 396 1100; x_wconf 85' lang='lat' dir='ltr'>preces</span> <span class='ocrx_word' id='word_1_82' title='bbox 435 1043 684 1096; x_wconf 86' lang='lat' dir='ltr'>absurduit,</span> <span class='ocrx_word' id='word_1_83' title='bbox 724 1043 943 1087; x_wconf 87' lang='lat' dir='ltr'>intumuit</span> <span class='ocrx_word' id='word_1_84' title='bbox 983 1044 1040 1086; x_wconf 88' lang='lat' dir='ltr'>ad</span> <span class='ocrx_word' id='word_1_85' title='bbox 1079 1043 1440 1101; x_wconf 90' lang='lat' dir='ltr'>prohibitionem,</span> <span class='ocrx_word' id='word_1_86' title='bbox 1481 1043 1539 1086; x_wconf 91' lang='lat' dir='ltr'>ad</span> <span class='ocrx_word' id='word_1_87' title='bbox 1585 1043 1731 1086; x_wconf 90' lang='lat' dir='ltr'>minas</span> <span class='ocrx_word' id='word_1_88' title='bbox 1802 1099 1804 1101; x_wconf 17' lang='grc' dir='ltr'><strong><em>ι</em></strong></span> 
     </span>
     <span class='ocr_line' id='line_1_13' title="bbox 244 1113 1730 1166; baseline 0.001 -11"><span class='ocrx_word' id='word_1_89' title='bbox 244 1113 462 1166; x_wconf 87' lang='lat' dir='ltr'>induruit,</span> <span class='ocrx_word' id='word_1_90' title='bbox 483 1117 529 1157; x_wconf 93' lang='lat' dir='ltr'>et</span> <span class='ocrx_word' id='word_1_91' title='bbox 547 1114 757 1158; x_wconf 91' lang='lat' dir='ltr'>conuitiis</span> <span class='ocrx_word' id='word_1_92' title='bbox 782 1117 828 1157; x_wconf 93' lang='lat' dir='ltr'>et</span> <span class='ocrx_word' id='word_1_93' title='bbox 856 1114 1033 1157; x_wconf 88' lang='lat' dir='ltr'>iniuriis</span> <span class='ocrx_word' id='word_1_94' title='bbox 1060 1113 1255 1157; x_wconf 86' lang='lat' dir='ltr'>afficiens</span> <span class='ocrx_word' id='word_1_95' title='bbox 1278 1113 1494 1157; x_wconf 92' lang='lat' dir='ltr'>humilem</span> <span class='ocrx_word' id='word_1_96' title='bbox 1518 1113 1730 1156; x_wconf 90' lang='lat' dir='ltr'>nuntium</span> 
     </span>
     <span class='ocr_line' id='line_1_14' title="bbox 243 1182 1731 1242; baseline 0.001 -16"><span class='ocrx_word' id='word_1_97' title='bbox 243 1184 329 1227; x_wconf 91' lang='lat' dir='ltr'>Dei</span> <span class='ocrx_word' id='word_1_98' title='bbox 363 1185 569 1228; x_wconf 86' lang='lat' dir='ltr'>ultricem</span> <span class='ocrx_word' id='word_1_99' title='bbox 601 1185 867 1228; x_wconf 86' lang='lat' dir='ltr'>accelerauit</span> <span class='ocrx_word' id='word_1_100' title='bbox 898 1199 1096 1238; x_wconf 90' lang='lat' dir='ltr'>manum,</span> <span class='ocrx_word' id='word_1_101' title='bbox 1126 1184 1353 1242; x_wconf 84' lang='lat' dir='ltr'>flagellum</span> <span class='ocrx_word' id='word_1_102' title='bbox 1383 1182 1657 1241; x_wconf 91' lang='lat' dir='ltr'>prouocauit,</span> <span class='ocrx_word' id='word_1_103' title='bbox 1684 1187 1731 1227; x_wconf 89' lang='lat' dir='ltr'>et</span> 
     </span>
     <span class='ocr_line' id='line_1_15' title="bbox 242 1254 1727 1312; baseline 0.001 -15"><span class='ocrx_word' id='word_1_104' title='bbox 242 1255 462 1311; x_wconf 89' lang='lat' dir='ltr'>patientia</span> <span class='ocrx_word' id='word_1_105' title='bbox 474 1255 559 1298; x_wconf 90' lang='lat' dir='ltr'>Dei</span> <span class='ocrx_word' id='word_1_106' title='bbox 575 1257 831 1312; x_wconf 86' lang='lat' dir='ltr'>contempta</span> <span class='ocrx_word' id='word_1_107' title='bbox 846 1255 1100 1298; x_wconf 85' lang='lat' dir='ltr'>temeritate</span> <span class='ocrx_word' id='word_1_108' title='bbox 1112 1269 1239 1299; x_wconf 90' lang='lat' dir='ltr'>cecus</span> <span class='ocrx_word' id='word_1_109' title='bbox 1254 1254 1445 1298; x_wconf 90' lang='lat' dir='ltr'>incurrit</span> <span class='ocrx_word' id='word_1_110' title='bbox 1463 1254 1512 1297; x_wconf 91' lang='lat' dir='ltr'>in</span> <span class='ocrx_word' id='word_1_111' title='bbox 1524 1256 1727 1300; x_wconf 87' lang='lat' dir='ltr'>mortem.</span> 
     </span>
     <span class='ocr_line' id='line_1_16' title="bbox 244 1324 1789 1383; baseline 0.001 -16"><span class='ocrx_word' id='word_1_112' title='bbox 244 1324 338 1368; x_wconf 87' lang='lat' dir='ltr'>Nec</span> <span class='ocrx_word' id='word_1_113' title='bbox 369 1340 504 1368; x_wconf 88' lang='lat' dir='ltr'>mora.</span> <span class='ocrx_word' id='word_1_114' title='bbox 565 1325 692 1369; x_wconf 89' lang='lat' dir='ltr'>Inter</span> <span class='ocrx_word' id='word_1_115' title='bbox 717 1325 883 1369; x_wconf 87' lang='lat' dir='ltr'>milites</span> <span class='ocrx_word' id='word_1_116' title='bbox 913 1340 1050 1383; x_wconf 84' lang='lat' dir='ltr'>agens</span> <span class='ocrx_word' id='word_1_117' title='bbox 1077 1325 1125 1367; x_wconf 92' lang='lat' dir='ltr'>in</span> <span class='ocrx_word' id='word_1_118' title='bbox 1151 1325 1310 1368; x_wconf 83' lang='lat' dir='ltr'>castris</span> <span class='ocrx_word' id='word_1_119' title='bbox 1335 1325 1468 1379; x_wconf 89' lang='lat' dir='ltr'>solus,</span> <span class='ocrx_word' id='word_1_120' title='bbox 1488 1325 1605 1369; x_wconf 91' lang='lat' dir='ltr'>sicut</span> <span class='ocrx_word' id='word_1_121' title='bbox 1631 1325 1725 1383; x_wconf 86' lang='lat' dir='ltr'>ipse</span> <span class='ocrx_word' id='word_1_122' title='bbox 1747 1343 1789 1379; x_wconf 74' lang='lat'>15</span> 
     </span>
     <span class='ocr_line' id='line_1_17' title="bbox 240 1394 1726 1447; baseline 0 -9"><span class='ocrx_word' id='word_1_123' title='bbox 240 1394 470 1438; x_wconf 83' lang='lat' dir='ltr'>confessus</span> <span class='ocrx_word' id='word_1_124' title='bbox 504 1398 583 1447; x_wconf 87' lang='lat' dir='ltr'>est,</span> <span class='ocrx_word' id='word_1_125' title='bbox 615 1410 717 1439; x_wconf 90' lang='lat' dir='ltr'>cum</span> <span class='ocrx_word' id='word_1_126' title='bbox 746 1395 837 1438; x_wconf 92' lang='lat' dir='ltr'>telo</span> <span class='ocrx_word' id='word_1_127' title='bbox 865 1395 985 1438; x_wconf 90' lang='lat' dir='ltr'>uidit</span> <span class='ocrx_word' id='word_1_128' title='bbox 1013 1395 1167 1438; x_wconf 86' lang='lat' dir='ltr'>adesse</span> <span class='ocrx_word' id='word_1_129' title='bbox 1196 1395 1378 1438; x_wconf 89' lang='lat' dir='ltr'>beatum</span> <span class='ocrx_word' id='word_1_130' title='bbox 1409 1394 1726 1438; x_wconf 91' lang='lat' dir='ltr'>Eadmundum</span> 
     </span>
     <span class='ocr_line' id='line_1_18' title="bbox 240 1465 1727 1522; baseline 0.001 -15"><span class='ocrx_word' id='word_1_131' title='bbox 240 1465 544 1522; x_wconf 84' lang='lat' dir='ltr'>increpantem</span> <span class='ocrx_word' id='word_1_132' title='bbox 560 1480 661 1508; x_wconf 91' lang='lat' dir='ltr'>eum</span> <span class='ocrx_word' id='word_1_133' title='bbox 683 1465 918 1508; x_wconf 87' lang='lat' dir='ltr'>durissime</span> <span class='ocrx_word' id='word_1_134' title='bbox 939 1468 985 1509; x_wconf 90' lang='lat' dir='ltr'>et</span> <span class='ocrx_word' id='word_1_135' title='bbox 1004 1465 1260 1509; x_wconf 89' lang='lat' dir='ltr'>caedentem</span> <span class='ocrx_word' id='word_1_136' title='bbox 1281 1465 1338 1508; x_wconf 89' lang='lat' dir='ltr'>ad</span> <span class='ocrx_word' id='word_1_137' title='bbox 1354 1467 1556 1509; x_wconf 88' lang='lat' dir='ltr'>mortem.</span> <span class='ocrx_word' id='word_1_138' title='bbox 1607 1465 1727 1509; x_wconf 91' lang='lat' dir='ltr'>Nam</span> 
     </span>
     <span class='ocr_line' id='line_1_19' title="bbox 239 1535 1727 1593; baseline 0.001 -15"><span class='ocrx_word' id='word_1_139' title='bbox 239 1535 447 1578; x_wconf 87' lang='lat' dir='ltr'>tirannus</span> <span class='ocrx_word' id='word_1_140' title='bbox 478 1551 501 1578; x_wconf 93' lang='lat' dir='ltr'>e</span> <span class='ocrx_word' id='word_1_141' title='bbox 531 1536 724 1593; x_wconf 85' lang='lat' dir='ltr'>uestigio</span> <span class='ocrx_word' id='word_1_142' title='bbox 751 1535 990 1593; x_wconf 86' lang='lat' dir='ltr'>expirauit.</span> <span class='ocrx_word' id='word_1_143' title='bbox 1050 1535 1109 1579; x_wconf 91' lang='lat' dir='ltr'>Et</span> <span class='ocrx_word' id='word_1_144' title='bbox 1141 1536 1199 1579; x_wconf 92' lang='lat' dir='ltr'>ab</span> <span class='ocrx_word' id='word_1_145' title='bbox 1229 1551 1281 1580; x_wconf 89' lang='lat' dir='ltr'>ea</span> <span class='ocrx_word' id='word_1_146' title='bbox 1311 1536 1491 1593; x_wconf 87' lang='lat' dir='ltr'>quidem</span> <span class='ocrx_word' id='word_1_147' title='bbox 1518 1536 1600 1590; x_wconf 89' lang='lat' dir='ltr'>die,</span> <span class='ocrx_word' id='word_1_148' title='bbox 1621 1536 1727 1581; x_wconf 90' lang='lat' dir='ltr'>licet</span> 
     </span>
     <span class='ocr_line' id='line_1_20' title="bbox 240 1605 1724 1663; baseline 0.002 -16"><span class='ocrx_word' id='word_1_149' title='bbox 240 1605 388 1648; x_wconf 86' lang='lat' dir='ltr'>insula</span> <span class='ocrx_word' id='word_1_150' title='bbox 421 1620 582 1663; x_wconf 83' lang='lat' dir='ltr'>graues</span> <span class='ocrx_word' id='word_1_151' title='bbox 617 1605 821 1648; x_wconf 88' lang='lat' dir='ltr'>tirannos</span> <span class='ocrx_word' id='word_1_152' title='bbox 854 1605 1077 1658; x_wconf 84' lang='lat' dir='ltr'>habuerit,</span> <span class='ocrx_word' id='word_1_153' title='bbox 1107 1605 1289 1649; x_wconf 88' lang='lat' dir='ltr'>ecclesia</span> <span class='ocrx_word' id='word_1_154' title='bbox 1318 1606 1438 1650; x_wconf 90' lang='lat' dir='ltr'>beati</span> <span class='ocrx_word' id='word_1_155' title='bbox 1470 1606 1724 1650; x_wconf 88' lang='lat' dir='ltr'>Eadmundi</span> 
     </span>
     <span class='ocr_line' id='line_1_21' title="bbox 240 1675 1788 1732; baseline 0.001 -15"><span class='ocrx_word' id='word_1_156' title='bbox 240 1690 267 1717; x_wconf 87' lang='lat' dir='ltr'>a</span> <span class='ocrx_word' id='word_1_157' title='bbox 302 1675 508 1732; x_wconf 83' lang='lat' dir='ltr'>praefata</span> <span class='ocrx_word' id='word_1_158' title='bbox 540 1676 783 1719; x_wconf 88' lang='lat' dir='ltr'>indictione</span> <span class='ocrx_word' id='word_1_159' title='bbox 816 1675 910 1718; x_wconf 86' lang='lat' dir='ltr'>fisci</span> <span class='ocrx_word' id='word_1_160' title='bbox 942 1675 1110 1719; x_wconf 89' lang='lat' dir='ltr'>mansit</span> <span class='ocrx_word' id='word_1_161' title='bbox 1141 1675 1366 1719; x_wconf 90' lang='lat' dir='ltr'>immunis.</span> <span class='ocrx_word' id='word_1_162' title='bbox 1427 1676 1573 1720; x_wconf 90' lang='lat' dir='ltr'>Nemo</span> <span class='ocrx_word' id='word_1_163' title='bbox 1604 1676 1724 1720; x_wconf 92' lang='lat' dir='ltr'>enim</span> <span class='ocrx_word' id='word_1_164' title='bbox 1745 1693 1788 1718; x_wconf 65' lang='grc' dir='ltr'>πο</span> 
     </span>
     <span class='ocr_line' id='line_1_22' title="bbox 240 1746 1726 1804; baseline 0.001 -16"><span class='ocrx_word' id='word_1_165' title='bbox 240 1759 393 1788; x_wconf 89' lang='lat' dir='ltr'>eorum</span> <span class='ocrx_word' id='word_1_166' title='bbox 428 1746 659 1788; x_wconf 85' lang='lat' dir='ltr'>martirem</span> <span class='ocrx_word' id='word_1_167' title='bbox 691 1760 826 1789; x_wconf 88' lang='lat' dir='ltr'>ausus</span> <span class='ocrx_word' id='word_1_168' title='bbox 861 1748 930 1789; x_wconf 89' lang='lat' dir='ltr'>est</span> <span class='ocrx_word' id='word_1_169' title='bbox 963 1760 1204 1803; x_wconf 89' lang='lat' dir='ltr'>prouocare</span> <span class='ocrx_word' id='word_1_170' title='bbox 1239 1749 1320 1789; x_wconf 89' lang='lat' dir='ltr'>aut</span> <span class='ocrx_word' id='word_1_171' title='bbox 1352 1746 1399 1788; x_wconf 91' lang='lat' dir='ltr'>in</span> <span class='ocrx_word' id='word_1_172' title='bbox 1433 1746 1726 1804; x_wconf 86' lang='lat' dir='ltr'>opprimenda</span> 
     </span>
     <span class='ocr_line' id='line_1_23' title="bbox 239 1815 1723 1875; baseline 0.001 -17"><span class='ocrx_word' id='word_1_173' title='bbox 239 1815 421 1858; x_wconf 85' lang='lat' dir='ltr'>ecclesia</span> <span class='ocrx_word' id='word_1_174' title='bbox 441 1815 536 1858; x_wconf 87' lang='lat' dir='ltr'>eius</span> <span class='ocrx_word' id='word_1_175' title='bbox 556 1815 803 1873; x_wconf 85' lang='lat' dir='ltr'>periculum</span> <span class='ocrx_word' id='word_1_176' title='bbox 825 1815 971 1859; x_wconf 87' lang='lat' dir='ltr'>facere</span> <span class='ocrx_word' id='word_1_177' title='bbox 996 1816 1078 1859; x_wconf 87' lang='lat' dir='ltr'>sui.</span> <span class='ocrx_word' id='word_1_178' title='bbox 1139 1815 1320 1859; x_wconf 86' lang='lat' dir='ltr'>Nostris</span> <span class='ocrx_word' id='word_1_179' title='bbox 1339 1819 1492 1860; x_wconf 89' lang='lat' dir='ltr'>tamen</span> <span class='ocrx_word' id='word_1_180' title='bbox 1512 1816 1723 1875; x_wconf 88' lang='lat' dir='ltr'>tempori·</span> 
     </span>
     <span class='ocr_line' id='line_1_24' title="bbox 88 1885 1722 1943; baseline 0 -13"><span class='ocrx_word' id='word_1_181' title='bbox 88 1890 171 1942; x_wconf 90' lang='lat'>807</span> <span class='ocrx_word' id='word_1_182' title='bbox 191 1902 222 1931; x_wconf 88' lang='lat' dir='ltr'>a</span> <span class='ocrx_word' id='word_1_183' title='bbox 238 1885 322 1929; x_wconf 90' lang='lat' dir='ltr'>bus</span> <span class='ocrx_word' id='word_1_184' title='bbox 344 1886 613 1930; x_wconf 88' lang='lat' dir='ltr'>Eustachius</span> <span class='ocrx_word' id='word_1_185' title='bbox 632 1886 752 1929; x_wconf 91' lang='lat' dir='ltr'>filius</span> <span class='ocrx_word' id='word_1_186' title='bbox 780 1886 1011 1943; x_wconf 86' lang='lat' dir='ltr'>Stephani,</span> <span class='ocrx_word' id='word_1_187' title='bbox 1032 1886 1109 1943; x_wconf 89' lang='lat' dir='ltr'>qui</span> <span class='ocrx_word' id='word_1_188' title='bbox 1134 1886 1183 1928; x_wconf 92' lang='lat' dir='ltr'>in</span> <span class='ocrx_word' id='word_1_189' title='bbox 1210 1886 1451 1930; x_wconf 86' lang='lat' dir='ltr'>Ecclesiam</span> <span class='ocrx_word' id='word_1_190' title='bbox 1471 1886 1556 1930; x_wconf 88' lang='lat' dir='ltr'>Dei</span> <span class='ocrx_word' id='word_1_191' title='bbox 1577 1887 1722 1931; x_wconf 87' lang='lat' dir='ltr'>seuire</span> 
     </span>
     <span class='ocr_line' id='line_1_25' title="bbox 239 1956 1724 2014; baseline 0.002 -15"><span class='ocrx_word' id='word_1_192' title='bbox 239 1956 512 2008; x_wconf 88' lang='lat' dir='ltr'>decreuerat,</span> <span class='ocrx_word' id='word_1_193' title='bbox 545 1972 646 2001; x_wconf 90' lang='lat' dir='ltr'>cum</span> <span class='ocrx_word' id='word_1_194' title='bbox 679 1957 829 2000; x_wconf 88' lang='lat' dir='ltr'>omnia</span> <span class='ocrx_word' id='word_1_195' title='bbox 863 1971 945 2014; x_wconf 91' lang='lat' dir='ltr'>pro</span> <span class='ocrx_word' id='word_1_196' title='bbox 979 1956 1153 2000; x_wconf 91' lang='lat' dir='ltr'>uiribus</span> <span class='ocrx_word' id='word_1_197' title='bbox 1187 1957 1484 2014; x_wconf 86' lang='lat' dir='ltr'>depopulatus</span> <span class='ocrx_word' id='word_1_198' title='bbox 1517 1960 1645 2012; x_wconf 86' lang='lat' dir='ltr'>esset,</span> <span class='ocrx_word' id='word_1_199' title='bbox 1677 1961 1724 2002; x_wconf 90' lang='lat' dir='ltr'>et</span> 
     </span>
     <span class='ocr_line' id='line_1_26' title="bbox 237 2026 1784 2084; baseline 0.002 -15"><span class='ocrx_word' id='word_1_200' title='bbox 237 2030 404 2070; x_wconf 89' lang='lat' dir='ltr'>terram</span> <span class='ocrx_word' id='word_1_201' title='bbox 440 2027 561 2070; x_wconf 91' lang='lat' dir='ltr'>beati</span> <span class='ocrx_word' id='word_1_202' title='bbox 596 2026 864 2079; x_wconf 86' lang='lat' dir='ltr'>Eadmundi,</span> <span class='ocrx_word' id='word_1_203' title='bbox 898 2026 970 2070; x_wconf 91' lang='lat' dir='ltr'>cui</span> <span class='ocrx_word' id='word_1_204' title='bbox 1002 2041 1154 2070; x_wconf 84' lang='lat' dir='ltr'>omnes</span> <span class='ocrx_word' id='word_1_205' title='bbox 1184 2027 1429 2084; x_wconf 90' lang='lat' dir='ltr'>praedones</span> <span class='ocrx_word' id='word_1_206' title='bbox 1455 2027 1724 2082; x_wconf 84' lang='lat' dir='ltr'>detulerant,</span> <span class='ocrx_word' id='word_1_207' title='bbox 1743 2042 1784 2077; x_wconf 76' lang='lat'>²5</span> 
     </span>
     <span class='ocr_line' id='line_1_27' title="bbox 236 2097 1721 2156; baseline 0.002 -16"><span class='ocrx_word' id='word_1_208' title='bbox 236 2097 412 2140; x_wconf 91' lang='lat' dir='ltr'>uideret</span> <span class='ocrx_word' id='word_1_209' title='bbox 443 2097 717 2155; x_wconf 84' lang='lat' dir='ltr'>opulentam,</span> <span class='ocrx_word' id='word_1_210' title='bbox 749 2097 923 2154; x_wconf 89' lang='lat' dir='ltr'>sibique</span> <span class='ocrx_word' id='word_1_211' title='bbox 957 2111 1047 2140; x_wconf 91' lang='lat' dir='ltr'>non</span> <span class='ocrx_word' id='word_1_212' title='bbox 1084 2100 1212 2151; x_wconf 89' lang='lat' dir='ltr'>esset,</span> <span class='ocrx_word' id='word_1_213' title='bbox 1247 2098 1522 2156; x_wconf 85' lang='lat' dir='ltr'>consumptis</span> <span class='ocrx_word' id='word_1_214' title='bbox 1561 2098 1721 2156; x_wconf 81' lang='lat' dir='ltr'>opibus</span> 
     </span>
    </p>
   </div>
   <div class='ocr_carea' id='block_1_3' title="bbox 236 2235 1721 2381">
    <p class='ocr_par' dir='ltr' id='par_1_3' title="bbox 236 2235 1721 2381">
     <span class='ocr_line' id='line_1_28' title="bbox 238 2235 1717 2284; baseline 0.002 -12"><span class='ocrx_word' id='word_1_215' title='bbox 238 2247 259 2281; x_wconf 96' lang='lat'><em>7</em></span> <span class='ocrx_word' id='word_1_216' title='bbox 286 2248 416 2283; x_wconf 86' lang='lat' dir='ltr'>preces</span> <span class='ocrx_word' id='word_1_217' title='bbox 434 2235 669 2283; x_wconf 87' lang='lat' dir='ltr'>contempsit</span> <span class='ocrx_word' id='word_1_218' title='bbox 685 2235 733 2272; x_wconf 85' lang='lat' dir='ltr'>A¹</span> <span class='ocrx_word' id='word_1_219' title='bbox 862 2237 884 2273; x_wconf 90' lang='lat'>8</span> <span class='ocrx_word' id='word_1_220' title='bbox 910 2238 1078 2283; x_wconf 84' lang='lat' dir='ltr'>martyre</span> <span class='ocrx_word' id='word_1_221' title='bbox 1096 2235 1126 2271; x_wconf 93' lang='lat' dir='ltr'>B</span> <span class='ocrx_word' id='word_1_222' title='bbox 1260 2247 1283 2284; x_wconf 95' lang='lat'><strong>9</strong></span> <span class='ocrx_word' id='word_1_223' title='bbox 1308 2236 1488 2282; x_wconf 85' lang='lat' dir='ltr'>martyris</span> <span class='ocrx_word' id='word_1_224' title='bbox 1503 2237 1538 2272; x_wconf 83' lang='lat' dir='ltr'>A</span> <span class='ocrx_word' id='word_1_225' title='bbox 1678 2248 1717 2275; x_wconf 88' lang='lat'>11</span> 
     </span>
     <span class='ocr_line' id='line_1_29' title="bbox 236 2284 1721 2330; baseline 0.001 -9"><span class='ocrx_word' id='word_1_226' title='bbox 236 2284 433 2322; x_wconf 83' lang='lat' dir='ltr'>absorduit</span> <span class='ocrx_word' id='word_1_227' title='bbox 450 2285 478 2321; x_wconf 87' lang='lat' dir='ltr'>C</span> <span class='ocrx_word' id='word_1_228' title='bbox 493 2298 500 2322; x_wconf 94' lang='lat'><strong>:</strong></span> <span class='ocrx_word' id='word_1_229' title='bbox 530 2284 728 2323; x_wconf 85' lang='lat' dir='ltr'>obsurduit</span> <span class='ocrx_word' id='word_1_230' title='bbox 746 2284 803 2320; x_wconf 89' lang='lat' dir='ltr'>BS</span> <span class='ocrx_word' id='word_1_231' title='bbox 1001 2293 1040 2329; x_wconf 83' lang='grc'>15</span> <span class='ocrx_word' id='word_1_232' title='bbox 1062 2290 1148 2330; x_wconf 79' lang='lat' dir='ltr'>post</span> <span class='ocrx_word' id='word_1_233' title='bbox 1163 2295 1271 2321; x_wconf 86' lang='lat' dir='ltr'>mora</span> <span class='ocrx_word' id='word_1_234' title='bbox 1287 2287 1373 2321; x_wconf 85' lang='lat' dir='ltr'>add.</span> <span class='ocrx_word' id='word_1_235' title='bbox 1390 2285 1488 2321; x_wconf 83' lang='lat' dir='ltr'>Nam</span> <span class='ocrx_word' id='word_1_236' title='bbox 1505 2285 1684 2322; x_wconf 80' lang='lat' dir='ltr'>tirannus</span> <span class='ocrx_word' id='word_1_237' title='bbox 1700 2297 1721 2323; x_wconf 89' lang='lat' dir='ltr'>e</span> 
     </span>
     <span class='ocr_line' id='line_1_30' title="bbox 237 2332 1721 2381; baseline 0.002 -13"><span class='ocrx_word' id='word_1_238' title='bbox 237 2333 401 2380; x_wconf 85' lang='lat' dir='ltr'>uestigio</span> <span class='ocrx_word' id='word_1_239' title='bbox 418 2332 612 2379; x_wconf 84' lang='lat' dir='ltr'>expirauit</span> <span class='ocrx_word' id='word_1_240' title='bbox 629 2333 658 2368; x_wconf 94' lang='lat' dir='ltr'>P</span> <span class='ocrx_word' id='word_1_241' title='bbox 853 2341 908 2378; x_wconf 91' lang='lat'>17,</span> <span class='ocrx_word' id='word_1_242' title='bbox 930 2333 972 2368; x_wconf 91' lang='lat'>18</span> <span class='ocrx_word' id='word_1_243' title='bbox 997 2332 1095 2368; x_wconf 85' lang='lat' dir='ltr'>Nam</span> <span class='ocrx_word' id='word_1_244' title='bbox 1113 2332 1287 2370; x_wconf 86' lang='lat' dir='ltr'>tirannus</span> <span class='ocrx_word' id='word_1_245' title='bbox 1304 2343 1324 2369; x_wconf 87' lang='lat' dir='ltr'>e</span> <span class='ocrx_word' id='word_1_246' title='bbox 1346 2332 1510 2381; x_wconf 83' lang='lat' dir='ltr'>uestigio</span> <span class='ocrx_word' id='word_1_247' title='bbox 1528 2333 1721 2381; x_wconf 80' lang='lat' dir='ltr'>expirauit</span> 
     </span>
    </p>
   </div>
   <div class='ocr_carea' id='block_1_4' title="bbox 238 2379 1163 2427">
    <p class='ocr_par' dir='ltr' id='par_1_4' title="bbox 238 2379 1163 2427">
     <span class='ocr_line' id='line_1_31' title="bbox 238 2379 1163 2427; baseline -0.002 -9"><span class='ocrx_word' id='word_1_248' title='bbox 238 2393 305 2418; x_wconf 86' lang='lat' dir='ltr'>om.</span> <span class='ocrx_word' id='word_1_249' title='bbox 325 2381 355 2416; x_wconf 92' lang='lat' dir='ltr'>P</span> <span class='ocrx_word' id='word_1_250' title='bbox 454 2383 495 2418; x_wconf 92' lang='lat'>18</span> <span class='ocrx_word' id='word_1_251' title='bbox 520 2384 708 2427; x_wconf 86' lang='lat' dir='ltr'>tyrannus</span> <span class='ocrx_word' id='word_1_252' title='bbox 722 2379 795 2416; x_wconf 89' lang='lat' dir='ltr'>AM</span> <span class='ocrx_word' id='word_1_253' title='bbox 893 2379 1104 2427; x_wconf 81' lang='lat' dir='ltr'>exspirauit</span> <span class='ocrx_word' id='word_1_254' title='bbox 1122 2380 1163 2416; x_wconf 89' lang='lat' dir='ltr'>M</span> 
     </span>
    </p>
   </div>
   <div class='ocr_carea' id='block_1_5' title="bbox 233 2498 1723 2930">
    <p class='ocr_par' dir='ltr' id='par_1_5' title="bbox 233 2498 1723 2930">
     <span class='ocr_line' id='line_1_32' title="bbox 287 2498 1719 2548; baseline 0.001 -12"><span class='ocrx_word' id='word_1_255' title='bbox 287 2510 319 2544; x_wconf 94' lang='lat'>1,</span> <span class='ocrx_word' id='word_1_256' title='bbox 337 2511 358 2536; x_wconf 89' lang='lat'>2</span> <span class='ocrx_word' id='word_1_257' title='bbox 389 2501 480 2536; x_wconf 86' lang='lat' dir='ltr'>Cum</span> <span class='ocrx_word' id='word_1_258' title='bbox 498 2502 594 2536; x_wconf 79' lang='lat' dir='ltr'>enim</span> <span class='ocrx_word' id='word_1_259' title='bbox 611 2502 760 2536; x_wconf 83' lang='lat' dir='ltr'>Suanus</span> <span class='ocrx_word' id='word_1_260' title='bbox 779 2501 872 2537; x_wconf 86' lang='lat' dir='ltr'>etc.:</span> <span class='ocrx_word' id='word_1_261' title='bbox 899 2499 946 2536; x_wconf 87' lang='lat' dir='ltr'>cf.</span> <span class='ocrx_word' id='word_1_262' title='bbox 966 2498 1065 2536; x_wconf 86' lang='lat' dir='ltr'>Flor.</span> <span class='ocrx_word' id='word_1_263' title='bbox 1084 2499 1187 2547; x_wconf 84' lang='lat' dir='ltr'>Wig.</span> <span class='ocrx_word' id='word_1_264' title='bbox 1209 2501 1342 2537; x_wconf 78' lang='lat' dir='ltr'>Chron.</span> <span class='ocrx_word' id='word_1_265' title='bbox 1360 2500 1420 2538; x_wconf 91' lang='lat' dir='ltr'>ed.</span> <span class='ocrx_word' id='word_1_266' title='bbox 1440 2499 1592 2548; x_wconf 82' lang='lat' dir='ltr'>Thorpe</span> <span class='ocrx_word' id='word_1_267' title='bbox 1607 2500 1634 2537; x_wconf 88' lang='lat' dir='ltr'>i.</span> <span class='ocrx_word' id='word_1_268' title='bbox 1652 2513 1719 2548; x_wconf 86' lang='lat' dir='ltr'>pp.</span> 
     </span>
     <span class='ocr_line' id='line_1_33' title="bbox 238 2548 1719 2596; baseline 0.001 -12"><span class='ocrx_word' id='word_1_269' title='bbox 238 2549 318 2589; x_wconf 84' lang='grc'>168,</span> <span class='ocrx_word' id='word_1_270' title='bbox 340 2549 416 2593; x_wconf 89' lang='lat'>169,</span> <span class='ocrx_word' id='word_1_271' title='bbox 443 2548 513 2584; x_wconf 86' lang='lat' dir='ltr'>sub</span> <span class='ocrx_word' id='word_1_272' title='bbox 538 2559 573 2584; x_wconf 85' lang='lat' dir='ltr'>a.</span> <span class='ocrx_word' id='word_1_273' title='bbox 598 2558 711 2593; x_wconf 87' lang='lat'>1014;</span> <span class='ocrx_word' id='word_1_274' title='bbox 737 2550 778 2585; x_wconf 87' lang='lat' dir='ltr'>et</span> <span class='ocrx_word' id='word_1_275' title='bbox 802 2549 882 2583; x_wconf 87' lang='lat' dir='ltr'>Lib.</span> <span class='ocrx_word' id='word_1_276' title='bbox 907 2549 1167 2584; x_wconf 82' lang='lat' dir='ltr'>miraculorum</span> <span class='ocrx_word' id='word_1_277' title='bbox 1192 2550 1227 2584; x_wconf 83' lang='lat' dir='ltr'>S.</span> <span class='ocrx_word' id='word_1_278' title='bbox 1245 2550 1439 2585; x_wconf 81' lang='lat' dir='ltr'>Edmundi</span> <span class='ocrx_word' id='word_1_279' title='bbox 1462 2561 1523 2596; x_wconf 87' lang='lat' dir='ltr'>ap.</span> <span class='ocrx_word' id='word_1_280' title='bbox 1544 2549 1719 2586; x_wconf 74' lang='lat' dir='ltr'>Martene</span> 
     </span>
     <span class='ocr_line' id='line_1_34' title="bbox 234 2595 1723 2643; baseline 0.001 -12"><span class='ocrx_word' id='word_1_281' title='bbox 234 2597 268 2631; x_wconf 85' lang='lat'>&amp;</span> <span class='ocrx_word' id='word_1_282' title='bbox 287 2595 443 2631; x_wconf 86' lang='lat' dir='ltr'>Durand</span> <span class='ocrx_word' id='word_1_283' title='bbox 466 2598 538 2631; x_wconf 80' lang='lat' dir='ltr'>Vet.</span> <span class='ocrx_word' id='word_1_284' title='bbox 558 2598 689 2642; x_wconf 78' lang='lat' dir='ltr'>Script.</span> <span class='ocrx_word' id='word_1_285' title='bbox 707 2601 740 2631; x_wconf 80' lang='lat' dir='ltr'>et</span> <span class='ocrx_word' id='word_1_286' title='bbox 756 2598 919 2631; x_wconf 71' lang='lat' dir='ltr'>Monam.</span> <span class='ocrx_word' id='word_1_287' title='bbox 937 2597 1048 2642; x_wconf 85' lang='lat' dir='ltr'>ampl.</span> <span class='ocrx_word' id='word_1_288' title='bbox 1067 2598 1142 2632; x_wconf 85' lang='lat' dir='ltr'>coll.</span> <span class='ocrx_word' id='word_1_289' title='bbox 1161 2595 1209 2632; x_wconf 93' lang='lat' dir='ltr'>vi.</span> <span class='ocrx_word' id='word_1_290' title='bbox 1230 2598 1300 2641; x_wconf 90' lang='lat'>824</span> <span class='ocrx_word' id='word_1_291' title='bbox 1309 2607 1412 2642; x_wconf 86' lang='lat' dir='ltr'>seqq.</span> <span class='ocrx_word' id='word_1_292' title='bbox 1551 2605 1592 2643; x_wconf 80' lang='lat'>15</span> <span class='ocrx_word' id='word_1_293' title='bbox 1618 2598 1723 2633; x_wconf 79' lang='lat' dir='ltr'>Inter</span> 
     </span>
     <span class='ocr_line' id='line_1_35' title="bbox 234 2643 1717 2690; baseline 0.002 -12"><span class='ocrx_word' id='word_1_294' title='bbox 234 2646 368 2679; x_wconf 79' lang='lat' dir='ltr'>milites</span> <span class='ocrx_word' id='word_1_295' title='bbox 384 2646 456 2680; x_wconf 87' lang='lat' dir='ltr'>etc.</span> <span class='ocrx_word' id='word_1_296' title='bbox 473 2657 481 2679; x_wconf 93' lang='lat'>:</span> <span class='ocrx_word' id='word_1_297' title='bbox 507 2644 613 2680; x_wconf 85' lang='lat' dir='ltr'>Haec</span> <span class='ocrx_word' id='word_1_298' title='bbox 630 2655 746 2690; x_wconf 85' lang='lat' dir='ltr'>usque</span> <span class='ocrx_word' id='word_1_299' title='bbox 762 2644 811 2680; x_wconf 86' lang='lat' dir='ltr'>ad</span> <span class='ocrx_word' id='word_1_300' title='bbox 837 2649 985 2679; x_wconf 83' lang='lat' dir='ltr'>mortem</span> <span class='ocrx_word' id='word_1_301' title='bbox 1000 2643 1123 2679; x_wconf 90' lang='lat' dir='ltr'>minio</span> <span class='ocrx_word' id='word_1_302' title='bbox 1145 2643 1294 2680; x_wconf 86' lang='lat' dir='ltr'>notavit</span> <span class='ocrx_word' id='word_1_303' title='bbox 1312 2644 1496 2681; x_wconf 82' lang='lat' dir='ltr'>Parkerus</span> <span class='ocrx_word' id='word_1_304' title='bbox 1513 2643 1552 2680; x_wconf 87' lang='lat' dir='ltr'>in</span> <span class='ocrx_word' id='word_1_305' title='bbox 1574 2644 1659 2682; x_wconf 89' lang='lat' dir='ltr'>cod.</span> <span class='ocrx_word' id='word_1_306' title='bbox 1677 2645 1717 2681; x_wconf 87' lang='lat' dir='ltr'>C.</span> 
     </span>
     <span class='ocr_line' id='line_1_36' title="bbox 234 2691 1719 2737; baseline 0.001 -10"><span class='ocrx_word' id='word_1_307' title='bbox 234 2703 278 2728; x_wconf 87' lang='lat'>21</span> <span class='ocrx_word' id='word_1_308' title='bbox 307 2693 494 2728; x_wconf 77' lang='lat' dir='ltr'>martirem</span> <span class='ocrx_word' id='word_1_309' title='bbox 509 2704 623 2727; x_wconf 82' lang='lat' dir='ltr'>ausus</span> <span class='ocrx_word' id='word_1_310' title='bbox 639 2697 690 2727; x_wconf 80' lang='lat' dir='ltr'>est</span> <span class='ocrx_word' id='word_1_311' title='bbox 709 2703 928 2737; x_wconf 82' lang='lat' dir='ltr'>prouocare:</span> <span class='ocrx_word' id='word_1_312' title='bbox 955 2691 1073 2728; x_wconf 86' lang='lat' dir='ltr'>etiam</span> <span class='ocrx_word' id='word_1_313' title='bbox 1098 2691 1192 2728; x_wconf 87' lang='lat' dir='ltr'>haec</span> <span class='ocrx_word' id='word_1_314' title='bbox 1215 2691 1336 2728; x_wconf 88' lang='lat' dir='ltr'>minio</span> <span class='ocrx_word' id='word_1_315' title='bbox 1360 2692 1510 2729; x_wconf 84' lang='lat' dir='ltr'>notavit</span> <span class='ocrx_word' id='word_1_316' title='bbox 1533 2692 1719 2730; x_wconf 84' lang='lat' dir='ltr'>Parkerus</span> 
     </span>
     <span class='ocr_line' id='line_1_37' title="bbox 233 2739 1718 2787; baseline 0.001 -13"><span class='ocrx_word' id='word_1_317' title='bbox 233 2739 275 2774; x_wconf 89' lang='lat' dir='ltr'>in</span> <span class='ocrx_word' id='word_1_318' title='bbox 295 2740 376 2776; x_wconf 92' lang='lat' dir='ltr'>cod.</span> <span class='ocrx_word' id='word_1_319' title='bbox 395 2740 435 2775; x_wconf 89' lang='lat' dir='ltr'>C.</span> <span class='ocrx_word' id='word_1_320' title='bbox 547 2750 604 2782; x_wconf 88' lang='lat'>22,</span> <span class='ocrx_word' id='word_1_321' title='bbox 625 2750 668 2785; x_wconf 86' lang='lat'>23</span> <span class='ocrx_word' id='word_1_322' title='bbox 694 2741 839 2775; x_wconf 77' lang='lat' dir='ltr'>Nostris</span> <span class='ocrx_word' id='word_1_323' title='bbox 854 2745 974 2775; x_wconf 80' lang='lat' dir='ltr'>tamen</span> <span class='ocrx_word' id='word_1_324' title='bbox 990 2741 1210 2785; x_wconf 79' lang='lat' dir='ltr'>temporibus</span> <span class='ocrx_word' id='word_1_325' title='bbox 1227 2741 1299 2776; x_wconf 88' lang='lat' dir='ltr'>etc.</span> <span class='ocrx_word' id='word_1_326' title='bbox 1316 2752 1324 2776; x_wconf 90' lang='lat'>:</span> <span class='ocrx_word' id='word_1_327' title='bbox 1351 2751 1384 2776; x_wconf 88' lang='lat' dir='ltr'>a.</span> <span class='ocrx_word' id='word_1_328' title='bbox 1406 2749 1470 2787; x_wconf 84' lang='grc'>115</span> <span class='ocrx_word' id='word_1_329' title='bbox 1476 2751 1495 2786; x_wconf 88' lang='grc'><strong><em>3</em></strong></span> <span class='ocrx_word' id='word_1_330' title='bbox 1511 2753 1520 2783; x_wconf 78' lang='grc' dir='ltr'>ς</span> <span class='ocrx_word' id='word_1_331' title='bbox 1545 2740 1592 2778; x_wconf 86' lang='lat' dir='ltr'>cf.</span> <span class='ocrx_word' id='word_1_332' title='bbox 1611 2739 1718 2777; x_wconf 79' lang='lat' dir='ltr'>Get-v.</span> 
     </span>
     <span class='ocr_line' id='line_1_38' title="bbox 234 2786 1719 2835; baseline 0.001 -12"><span class='ocrx_word' id='word_1_333' title='bbox 234 2787 417 2823; x_wconf 82' lang='lat' dir='ltr'>Cantuar.</span> <span class='ocrx_word' id='word_1_334' title='bbox 441 2786 487 2823; x_wconf 92' lang='lat' dir='ltr'>ed</span> <span class='ocrx_word' id='word_1_335' title='bbox 513 2786 653 2823; x_wconf 87' lang='lat' dir='ltr'>Stubbs</span> <span class='ocrx_word' id='word_1_336' title='bbox 674 2786 700 2823; x_wconf 92' lang='lat' dir='ltr'>i.</span> <span class='ocrx_word' id='word_1_337' title='bbox 725 2800 762 2833; x_wconf 88' lang='lat' dir='ltr'>p.</span> <span class='ocrx_word' id='word_1_338' title='bbox 792 2796 868 2833; x_wconf 87' lang='grc'>155.</span> <span class='ocrx_word' id='word_1_339' title='bbox 930 2787 1039 2823; x_wconf 89' lang='lat' dir='ltr'>Hanc</span> <span class='ocrx_word' id='word_1_340' title='bbox 1063 2798 1143 2823; x_wconf 90' lang='lat' dir='ltr'>rem</span> <span class='ocrx_word' id='word_1_341' title='bbox 1166 2786 1312 2834; x_wconf 84' lang='lat' dir='ltr'>primus</span> <span class='ocrx_word' id='word_1_342' title='bbox 1336 2789 1535 2825; x_wconf 86' lang='lat' dir='ltr'>auctorum</span> <span class='ocrx_word' id='word_1_343' title='bbox 1557 2799 1719 2835; x_wconf 87' lang='lat' dir='ltr'>quorum</span> 
     </span>
     <span class='ocr_line' id='line_1_39' title="bbox 234 2834 1718 2883; baseline 0.002 -13"><span class='ocrx_word' id='word_1_344' title='bbox 234 2835 359 2870; x_wconf 85' lang='lat' dir='ltr'>adhuc</span> <span class='ocrx_word' id='word_1_345' title='bbox 376 2837 531 2871; x_wconf 83' lang='lat' dir='ltr'>exstant</span> <span class='ocrx_word' id='word_1_346' title='bbox 549 2834 638 2870; x_wconf 87' lang='lat' dir='ltr'>libri</span> <span class='ocrx_word' id='word_1_347' title='bbox 655 2837 787 2871; x_wconf 81' lang='lat' dir='ltr'>narrat</span> <span class='ocrx_word' id='word_1_348' title='bbox 804 2835 966 2871; x_wconf 87' lang='lat' dir='ltr'>Ioannes</span> <span class='ocrx_word' id='word_1_349' title='bbox 982 2837 1121 2872; x_wconf 83' lang='lat' dir='ltr'>noster.</span> <span class='ocrx_word' id='word_1_350' title='bbox 1325 2844 1369 2883; x_wconf 82' lang='lat'>25</span> <span class='ocrx_word' id='word_1_351' title='bbox 1396 2837 1624 2873; x_wconf 76' lang='lat' dir='ltr'>detulerant:</span> <span class='ocrx_word' id='word_1_352' title='bbox 1647 2835 1674 2873; x_wconf 90' lang='lat' dir='ltr'>i.</span> <span class='ocrx_word' id='word_1_353' title='bbox 1686 2847 1718 2874; x_wconf 89' lang='lat' dir='ltr'>e.</span> 
     </span>
     <span class='ocr_line' id='line_1_40' title="bbox 235 2882 1329 2930; baseline 0.002 -12"><span class='ocrx_word' id='word_1_354' title='bbox 235 2884 491 2929; x_wconf 82' lang='lat' dir='ltr'>pepercerant</span> <span class='ocrx_word' id='word_1_355' title='bbox 508 2882 664 2919; x_wconf 88' lang='lat' dir='ltr'>honoris</span> <span class='ocrx_word' id='word_1_356' title='bbox 681 2894 815 2926; x_wconf 83' lang='lat' dir='ltr'>eausa3</span> <span class='ocrx_word' id='word_1_357' title='bbox 840 2895 872 2919; x_wconf 89' lang='lat' dir='ltr'>v.</span> <span class='ocrx_word' id='word_1_358' title='bbox 890 2882 1075 2930; x_wconf 87' lang='lat' dir='ltr'>Ducange</span> <span class='ocrx_word' id='word_1_359' title='bbox 1093 2895 1119 2919; x_wconf 86' lang='lat' dir='ltr'>s.</span> <span class='ocrx_word' id='word_1_360' title='bbox 1130 2895 1161 2919; x_wconf 87' lang='lat' dir='ltr'>v.</span> <span class='ocrx_word' id='word_1_361' title='bbox 1180 2883 1329 2928; x_wconf 70' lang='lat' dir='ltr'>defim.</span> 
     </span>
    </p>
   </div>
   <div class='ocr_carea' id='block_1_6' title="bbox 349 2963 415 2996">
    <p class='ocr_par' dir='ltr' id='par_1_6' title="bbox 349 2963 415 2996">
     <span class='ocr_line' id='line_1_41' title="bbox 349 2963 415 2996; baseline 0 -1"><span class='ocrx_word' id='word_1_362' title='bbox 349 2963 415 2996; x_wconf 80' lang='lat'>394</span> 
     </span>
    </p>
   </div>
  </div>
 </body>
</html>
