1846 3262
69 210 155 251 808
174 222 212 256 az

172 894 202 932 b

179 1818 204 1847 C

543 210 807 255 IOANNIS
847 210 1367 255 SARESBERIENSIS
1479 210 1595 273 [ΜΒ.
1610 223 1703 255 v111

220 330 323 388 plus
343 346 476 388 quam
497 345 580 383 me,
599 344 691 373 non
718 332 786 373 est
812 344 884 372 me
907 329 1083 387 dignus.
1143 329 1204 372 Et
1222 328 1423 387 profecto
1443 330 1520 387 qui
1540 331 1704 374 transi-

220 401 338 444 toria
359 400 539 445 Christo
560 402 854 458 praeponunt,
874 399 984 457 ipsis
1004 399 1277 443 transitoriis
1290 399 1424 443 citius
1443 402 1704 444 transeunt:

220 486 302 515 nec
332 485 486 514 eorum
515 473 812 528 perpetuatur
840 469 984 527 gloria
1014 469 1135 527 apud
1160 484 1281 527 quos,
1302 470 1563 527 postpositis
1590 470 1704 522 aliis,

221 540 430 585 Christus
462 542 616 583 manet
650 540 882 598 inglorius.
957 540 1076 598 Ergo
1115 555 1268 583 casum
1308 540 1467 583 timeat
1497 540 1705 599 princeps

220 612 298 668 qui
328 611 570 654 liberorum
595 613 675 654 aut
705 611 853 654 carnis
881 614 1031 654 motus
1061 611 1224 654 affectu
1254 611 1468 654 honorem
1497 611 1704 654 diuinum

219 682 384 724 minuit
404 681 637 724 immemor
656 681 870 726 caritatis.
931 681 1020 724 Sed
1047 696 1178 724 nemo
1201 684 1270 725 est
1297 681 1374 739 qui
1405 681 1453 724 in
1483 681 1630 724 Deum
1657 695 1705 725 se

219 750 421 794 fateatur
450 751 705 809 insurgere3
737 751 980 809 insurgunt
1010 754 1162 794 tamen
1193 751 1388 809 plurimi,
1421 754 1467 795 et
1495 751 1586 794 iam
1615 751 1706 795 ista

220 821 369 878 palam
408 822 537 866 fiunt.
620 821 820 864 Intrauit
860 821 1110 864 Antiochus
1160 821 1559 865 sanctificationem
1602 836 1706 867 cum

220 891 429 948 superbia
442 905 452 944 ;
502 894 548 934 et
587 891 670 934 hoc
710 891 891 948 quidem
939 891 1115 935 faciunt
1160 891 1306 936 multi.
1386 891 1532 944 Ozias,
1571 906 1706 949 quem

219 960 398 1004 litterae
418 961 752 1019 irrefragabiles
771 961 942 1004 iustum
958 961 1006 1004 in
1021 961 1178 1005 multis
1193 961 1332 1005 fuisse
1345 963 1705 1014 commemorant,

217 1034 396 1075 mortuo
428 1031 644 1075 Zacharia
669 1031 909 1083 sacerdote,
938 1031 1011 1075 cui
1041 1046 1285 1089 cognomen
1316 1031 1408 1075 fuit
1436 1031 1706 1090 intelligens,

217 1102 418 1145 ordinem
449 1101 767 1145 sacerdotalem
791 1116 881 1145 non
907 1104 1002 1144 tam
1029 1101 1102 1159 pie
1131 1117 1265 1159 quam
1295 1101 1507 1145 audacter
1536 1101 1708 1145 inuasit

219 1174 266 1216 et
295 1171 641 1215 reclamantibus
672 1171 866 1215 Leuitis:
897 1171 1059 1215 Nonne
1091 1174 1144 1215 tu
1178 1186 1225 1215 es
1261 1171 1394 1215 Ozias
1428 1186 1510 1215 rex
1539 1173 1586 1215 et
1614 1186 1707 1215 non

218 1242 451 1286 sacerdos?
500 1241 656 1285 audire
701 1242 981 1299 contempsit.
1060 1242 1315 1299 Statimque
1360 1242 1484 1299 lepra
1530 1243 1706 1299 partem

218 1312 343 1355 illam
378 1312 574 1369 corporis
614 1312 710 1355 eius
745 1312 915 1355 inuasit
955 1327 1089 1369 quam
1129 1312 1332 1356 sacerdos
1372 1327 1430 1355 ex
1469 1311 1567 1370 lege
1605 1310 1705 1354 auri

219 1382 402 1439 tegebat
421 1382 600 1432 lamina,
621 1385 674 1425 ut
694 1382 825 1424 iuxta
845 1382 1208 1439 imprecationem
1235 1381 1542 1439 propheticam
1568 1381 1707 1425 facies

221 1452 316 1509 eius
351 1452 598 1510 ignominia
630 1452 890 1509 repleretur.
950 1452 1049 1495 Rex
1081 1451 1261 1510 quidem
1296 1455 1430 1495 notus
1463 1454 1532 1495 est
1567 1454 1614 1495 et
1648 1466 1707 1495 ex

219 1522 367 1565 coeuis
395 1522 575 1579 regibus
605 1525 652 1565 et
678 1537 729 1565 eo
757 1522 951 1565 maxime
979 1522 1098 1579 quod
1121 1536 1240 1565 anno
1266 1522 1424 1565 mortis
1451 1521 1547 1565 eius
1569 1524 1707 1565 natus

221 1594 289 1635 est
322 1592 552 1645 Romulus,
593 1607 621 1635 a
661 1607 749 1650 quo
783 1607 925 1650 genus
958 1595 1026 1635 est
1067 1592 1382 1637 Romanorum.
1458 1591 1706 1635 Imitantur

219 1662 403 1720 plurimi
435 1662 590 1705 Oziam
619 1662 911 1705 sacerdotalia
938 1665 1284 1720 praesumentes,
1306 1662 1384 1706 sed
1410 1662 1581 1720 lepram
1608 1662 1705 1706 eius

219 1732 476 1790 paucissimi
493 1732 772 1776 erubescunt.
818 1732 974 1775 Plures
987 1736 1138 1776 tamen
1150 1735 1401 1790 sequuntur
1416 1732 1703 1788 Antiochum,

222 1803 299 1859 qui
328 1818 419 1845 non
449 1817 550 1846 cum
580 1802 830 1853 deuotione,
864 1805 918 1846 ut
949 1803 1108 1846 offerat
1139 1803 1237 1846 uice
1266 1803 1522 1857 sacerdotis,
1552 1805 1708 1846 sancta

221 1872 486 1930 ingreditur,
521 1872 599 1915 sed
631 1876 684 1916 ut
720 1873 868 1916 deleat
907 1873 945 1915 si
986 1872 1095 1929 quid
1135 1876 1203 1916 est
1234 1873 1283 1916 in
1321 1873 1489 1931 templo
1523 1872 1708 1916 Domini

221 1946 439 1987 sanctum.
499 1941 614 1986 Cum
639 1943 758 1986 enim
785 1943 1035 1986 Antiochus
1062 1943 1349 1987 desolationis
1376 1946 1422 1987 et
1445 1942 1707 1987 abhomina-

221 2013 358 2056 tionis
377 2013 564 2070 ydolum
585 2012 859 2065 fabricasset,
879 2013 1017 2056 libros
1036 2013 1148 2071 legis
1168 2013 1254 2057 Dei
1282 2013 1526 2057 combussit
1545 2013 1640 2071 igni
1661 2015 1708 2057 et

221 2083 355 2126 scidit
381 2097 481 2135 eos3
511 2085 558 2126 et
584 2083 705 2140 apud
730 2098 1053 2140 quemcumque
1079 2084 1426 2128 inueniebantur
1445 2083 1550 2127 libri
1569 2086 1707 2127 testa·

221 2153 362 2196 menti
412 2152 606 2204 Domini,
653 2155 699 2196 et
748 2153 1016 2210 quicumque
1065 2154 1364 2198 obseruabant
1412 2154 1556 2212 legem
1606 2153 1708 2207 Dei,

221 2222 465 2267 secundum
495 2223 691 2266 edictum
720 2223 839 2281 regis
868 2223 1081 2267 Antiochi
1111 2223 1399 2268 trucidabant
1426 2239 1542 2270 eum.
1600 2223 1707 2267 Vidi

221 2293 498 2351 temporibus
547 2293 659 2336 meis
709 2293 949 2337 nonnullos
998 2294 1263 2338 sacerdotali
1312 2309 1358 2338 se
1408 2294 1708 2339 immiscentes

220 2364 363 2407 officio
388 2366 433 2407 et
461 2364 669 2407 humeros
696 2363 932 2407 temerarie
958 2368 1271 2421 supponentes,
1291 2367 1344 2409 ut
1371 2365 1553 2409 archam
1579 2379 1707 2423 prae·

224 2484 268 2511 12
293 2473 500 2510 aucdacter
515 2474 548 2509 A
669 2482 712 2519 17
738 2472 952 2520 repleretur
967 2473 1181 2522 ignominia
1196 2473 1246 2511 Αι
1364 2484 1407 2513 21
1436 2475 1622 2512 secuntur
1639 2474 1709 2512 SM

222 2531 270 2567 30
294 2521 553 2567 subponentes
570 2520 595 2557 S

271 2624 307 2661 7,
324 2616 345 2652 8
371 2617 443 2651 ista
469 2616 598 2661 palam
622 2617 744 2659 fiunt:
778 2627 811 2651 v.
842 2614 920 2652 Iuv.
949 2616 1025 2652 Sat.
1053 2614 1095 2654 ii.
1124 2617 1202 2662 136.
1373 2617 1394 2653 8
1419 2617 1587 2653 Intrauit
1611 2618 1707 2655 etc-2

222 2674 257 2699 v.
279 2673 294 2699 1
315 2662 490 2699 Machab.
506 2662 532 2698 i.
550 2673 607 2708 23.
762 2673 786 2709 9
813 2665 919 2700 Ozias
945 2666 1041 2701 etc.:
1077 2677 1110 2700 v.
1137 2675 1158 2701 2
1182 2663 1349 2711 Paralip.
1373 2663 1472 2701 xxvi.
1497 2676 1584 2701 cum
1608 2676 1708 2702 com-

223 2710 414 2747 mentario
434 2708 659 2757 Hieronymi
674 2709 717 2747 in
738 2711 811 2757 Ep.
831 2709 935 2747 xviii.
952 2711 1001 2747 ad
1013 2711 1218 2748 Damasum
1236 2723 1378 2759 papam
1395 2711 1539 2759 scripta
1555 2711 1708 2761 (Migne

222 2759 265 2794 P,
281 2760 324 2793 L.
343 2758 433 2794 xxii.
451 2759 517 2803 361
540 2760 647 2804 seq.).
761 2767 801 2806 15
827 2761 993 2795 sacerdos
1017 2771 1062 2795 ex
1085 2761 1159 2806 leye
1183 2761 1257 2798 etc.
1274 2772 1284 2796 τ
1309 2773 1343 2796 v.
1362 2758 1481 2797 Exod.
1497 2759 1628 2798 xxviii.
1645 2762 1707 2807 38.

226 2806 270 2841 16
293 2807 401 2842 iurata
417 2808 708 2853 imprecationem
725 2808 819 2844 eta:
846 2818 881 2843 v.
899 2806 958 2843 Ps.
976 2806 1109 2844 lxxxii.
1130 2816 1185 2853 17.
1330 2818 1377 2853 24
1403 2809 1495 2845 Cum
1510 2810 1609 2844 enim
1623 2810 1706 2845 An·

222 2854 362 2888 tiochus
377 2856 474 2890 etc.:
499 2865 532 2890 v.
554 2865 568 2890 1
590 2854 766 2891 Machab.
786 2853 812 2891 i.
830 2863 874 2902 57
888 2866 992 2901 seqq.
1229 2865 1280 2903 30
1302 2861 1343 2893 uc
1366 2857 1516 2893 archam
1541 2858 1639 2894 eta:
1670 2869 1707 2896 v.

225 2910 242 2938 1
262 2899 428 2947 Paralip.
446 2913 503 2938 xv.
527 2910 581 2949 15.

333 2956 400 2999 398

1723 629 1744 664 ⁵

1726 978 1766 1004 10

1726 1327 1766 1362 15

1724 1681 1768 1705 20

1727 1999 1808 2062 ²5*

1725 2381 1806 2414 30-
