1846 3262
101 262 168 300 611
189 268 215 299 c
567 254 831 301 IOANNIS
873 249 1396 298 SARESBERIENSIS
1538 245 1651 306 [LIB.
1667 255 1719 291 Ἦ

236 380 387 424 uirilia
420 393 665 437 numquam
696 378 1009 421 tractauerunt
1038 375 1116 418 sed
1145 388 1290 431 neque
1325 375 1434 416 nota
1463 372 1722 415 habuerunt

237 451 388 501 officia,
409 465 509 494 cum
530 450 587 492 ad
608 463 742 506 opera
761 447 970 491 lasciuiae
997 445 1089 504 pilo
1109 445 1355 488 fruticante
1379 446 1570 501 cuteque
1589 442 1720 485 indu-

237 525 336 565 rata
348 524 576 578 tamquam
589 518 807 562 inhabiles
820 517 1128 575 reprobantur,
1141 515 1331 559 militem
1344 515 1553 566 induunt,
1565 512 1720 571 primi·

235 593 425 650 pilatum
461 591 759 646 ducatumque
795 589 1008 632 affectant
1039 589 1085 631 et
1115 601 1161 630 se
1192 586 1399 630 ductores
1437 589 1483 629 et
1518 585 1721 628 doctores

236 662 501 719 pollicentur
520 660 650 704 officii
672 659 790 717 quod
810 673 1057 716 numquam
1079 657 1343 700 didicerunt.
1385 657 1523 700 Porro
1543 655 1719 699 nullum
1740 667 1760 702 5

236 747 447 789 umquam
473 731 710 788 imperium
735 731 797 774 sic
824 730 972 773 uirtus
996 728 1219 779 dilatauit,
1240 728 1367 771 cuius
1391 727 1468 771 isti
1489 741 1580 770 non
1600 725 1720 770 suffi-

235 803 356 847 ciant
376 803 636 845 contrahere
655 802 766 844 fines
786 803 867 844 aut
887 800 1069 844 omnino
1084 799 1204 842 uires
1225 813 1455 843 euacuare.
1518 797 1568 841 Si
1583 796 1721 841 michi

235 888 325 916 non
345 873 498 926 credis,
517 873 589 915 uel
611 872 818 929 operibus
838 871 980 916 crede.
1034 871 1179 914 Pudet
1198 870 1344 914 dicere
1366 869 1485 927 quod
1506 869 1633 912 dolor
1653 871 1722 913 est

236 947 281 987 et
300 943 546 1001 ignominia
571 943 802 987 sustinere.
862 942 983 986 Dum
1011 945 1187 985 armata
1211 941 1340 985 nobis
1365 940 1530 984 militia
1554 940 1720 994 stertit,

235 1014 342 1057 dum
362 1014 553 1057 alienam
574 1017 837 1071 expugnant
854 1012 1131 1070 pudicitiam,
1152 1026 1279 1055 suam
1301 1011 1595 1068 prostituunt,
1610 1010 1719 1054 dum
1740 1021 1784 1047 10

236 1085 453 1128 nobilium
474 1085 703 1128 circueunt
724 1084 888 1135 domos,
909 1083 1118 1127 conuiuia
1142 1082 1381 1139 explorant
1407 1085 1460 1125 ut
1481 1081 1722 1139 epulentur

194 1158 223 1198 d
238 1155 399 1199 cotidie
428 1155 668 1212 splendide,
689 1155 797 1197 dum
823 1154 1044 1211 ampullas
1070 1152 1296 1211 proiciunt
1321 1155 1368 1195 et
1394 1152 1722 1210 sesquipedalia

237 1226 387 1278 uerba,
418 1226 512 1269 sine
542 1239 697 1268 cruore
727 1225 1004 1268 trucidantes
1038 1224 1283 1267 Saracenos
1316 1226 1362 1266 et
1392 1223 1583 1266 Parthos
1613 1226 1659 1267 et
1683 1223 1721 1267 si

237 1296 346 1352 quid
366 1295 489 1338 aliud
510 1294 662 1338 hostili
683 1297 888 1338 censetur
907 1294 1099 1345 nomine,
1120 1294 1228 1337 dum
1256 1294 1339 1337 hoc
1359 1292 1535 1336 faciunt
1555 1292 1722 1337 milites

236 1365 428 1423 gloriosi,
449 1364 750 1408 Niuicollinus
774 1365 1020 1408 indomitus
1040 1365 1276 1416 insolescit,
1297 1364 1489 1408 inermes
1514 1364 1721 1408 Britones
1742 1375 1783 1411 15

237 1435 551 1486 intumescunt,
564 1435 769 1492 ipsosque
781 1435 858 1493 qui
872 1435 1085 1478 dicuntur
1098 1435 1294 1478 Palatini
1306 1435 1490 1478 comites
1504 1437 1549 1478 et
1564 1449 1721 1493 regum

238 1504 454 1562 sanguine
470 1504 732 1562 gloriantur,
746 1505 839 1548 fere
860 1504 918 1548 ad
939 1505 1213 1548 deditionem
1233 1504 1507 1562 compellunt
1527 1507 1573 1548 et
1593 1504 1721 1562 quasi

237 1575 499 1618 tributarios
520 1574 705 1619 faciunt.
762 1575 867 1618 Non
888 1579 956 1619 est
977 1576 1054 1633 qui
1074 1590 1176 1619 cum
1197 1575 1260 1619 eis
1281 1575 1394 1619 uelit
1414 1590 1598 1619 manum
1619 1591 1720 1620 con-

238 1659 381 1687 serere
402 1647 482 1687 aut
502 1645 579 1701 qui
601 1645 712 1688 uelit
733 1660 874 1703 aequo
895 1646 1040 1689 Marte
1061 1645 1169 1703 quid
1191 1645 1374 1688 ualeant
1395 1646 1602 1703 experiri.

296 1714 473 1758 Armati
493 1715 682 1759 inermes
702 1716 761 1759 ad
780 1716 1047 1774 campestria
1071 1719 1328 1774 prouocant,
1353 1716 1430 1759 sed
1450 1716 1643 1761 inermes
1662 1717 1721 1761 ad
1741 1728 1786 1752 ²0

239 1837 255 1863 1
284 1838 480 1872 nunquam
499 1826 625 1863 uirilia
643 1827 684 1863 Μ
795 1828 819 1864 6
840 1833 923 1873 post
938 1827 1063 1864 uirtus
1080 1829 1163 1866 add.
1181 1827 1264 1864 ulla
1279 1827 1334 1865 A:
1363 1838 1494 1864 eorum
1512 1827 1567 1865 M¹
1688 1831 1722 1875 6,

236 1883 257 1919 7
283 1874 473 1911 sufficiunt
490 1874 531 1909 M
695 1886 736 1911 12
763 1875 1024 1923 sequipedalia
1041 1875 1152 1913 G¹A¹:
1180 1875 1467 1922 sexquipedalia
1485 1876 1552 1914 SM
1679 1889 1721 1926 13

235 1934 456 1959 sarracenos
473 1922 541 1959 SM
684 1925 815 1970 partos
832 1923 856 1960 S
1006 1935 1048 1970 14
1075 1926 1279 1961 censentur
1295 1923 1419 1960 CB¹A¹

284 2038 305 2064 2
319 2030 398 2074 pilo
407 2030 633 2074 fruticante:
650 2027 771 2065 v.1uv.
788 2030 863 2065 Sat.
876 2027 926 2064 ix.
942 2037 995 2074 15.
1094 2037 1114 2073 7
1132 2029 1175 2065 Si
1187 2030 1297 2066 michi
1307 2031 1381 2066 etc.
1398 2043 1406 2067 :
1425 2030 1650 2069 v.10ann.x.
1664 2033 1724 2079 38.

239 2085 293 2119 11,
314 2087 355 2112 12
382 2078 575 2122 epulentur
589 2078 715 2112 cotidie
730 2078 933 2123 splendide:
962 2089 995 2112 v.
1007 2075 1096 2113 Luc.
1107 2076 1181 2113 xvi.
1199 2088 1253 2124 19.
1354 2089 1396 2115 12
1424 2081 1610 2126 ampullas
1626 2082 1720 2119 etc.:

235 2135 268 2160 v.
283 2124 374 2160 Hor.
391 2125 436 2160 Α.
452 2126 495 2160 Ρ.
507 2134 564 2170 97.
693 2134 732 2172 15
760 2126 1009 2161 Niuicollinus
1026 2127 1097 2161 etc.
1115 2138 1123 2162 :
1152 2125 1200 2162 cf.
1219 2137 1333 2173 supra
1350 2138 1382 2164 c.
1400 2128 1424 2164 6
1444 2127 1528 2174 (598
1542 2137 1572 2164 A
1589 2131 1720 2176 seqq).

239 2173 282 2209 16
307 2173 474 2208 Palatini
499 2174 659 2208 comites:
695 2185 727 2208 v.
746 2171 805 2208 Du
831 2172 958 2220 Gange
983 2173 1042 2210 ed.
1072 2174 1163 2219 1884
1189 2186 1217 2210 s.
1237 2186 1269 2210 v.
1301 2175 1454 2212 Comites
1482 2178 1652 2213 Palatini
1681 2180 1723 2214 in

235 2221 385 2265 Anylia.
424 2220 593 2266 Respicit
605 2221 777 2264 Ioannes,
789 2222 832 2256 ut
842 2220 1001 2266 videtur,
1013 2221 1062 2257 ad
1072 2220 1294 2265 Ranulfum,
1308 2223 1489 2260 comitem
1501 2223 1724 2262 Palatinum

235 2267 414 2309 cestriae,
428 2268 475 2305 de
493 2280 567 2314 quo
585 2267 627 2304 in
645 2268 844 2314 Symeonis
861 2268 1131 2306 Dunelmensis
1148 2272 1245 2308 Hist.
1258 2272 1398 2317 Reyum
1419 2284 1490 2318 per
1508 2273 1720 2311 Iohannem

235 2315 581 2362 Hagustaldensem
608 2316 835 2353 continuata
867 2318 936 2353 sub
962 2329 1052 2353 ann.
1085 2329 1098 2354 1
1110 2319 1175 2364 136
1203 2318 1276 2364 (ed.
1303 2319 1450 2356 Arnold
1474 2320 1515 2357 ii.
1542 2333 1579 2368 p.
1605 2322 1694 2368 287)
1710 2334 1720 2360 ε

233 2364 422 2410 Ra'nulsus
438 2377 573 2411 quoque
590 2376 702 2401 eomes
721 2366 879 2401 Cestriae
895 2367 1156 2412 expeditionem
1163 2369 1311 2412 faciens
1328 2370 1368 2403 in
1381 2370 1589 2414 reyionilms
1605 2371 1724 2407 Wala-

234 2424 376 2456 nomm,
394 2414 610 2458 interceptus
626 2414 670 2449 ab
686 2414 738 2448 eis
753 2426 834 2449 cum
850 2416 1006 2460 quinque
1022 2416 1202 2451 militibus
1217 2418 1287 2451 uix
1301 2418 1419 2452 saluti
1433 2424 1641 2455 reseruatus
1660 2424 1721 2462 est,

234 2461 385 2506 reliquis
401 2461 567 2496 omnibus
582 2463 782 2497 trucidatis.
895 2463 947 2508 16,
965 2471 1005 2507 17
1031 2475 1156 2508 reyum
1172 2466 1351 2510 sanquine
1364 2467 1596 2510 ylariantur:
1624 2466 1724 2504 Dici-

234 2509 298 2562 tur
313 2519 336 2543 a
353 2507 576 2554 quibusdam
595 2509 872 2566 recentioribus
888 2511 932 2555 (v.
947 2509 1132 2547 Ormerod
1145 2513 1242 2549 Hist.
1260 2515 1310 2567 os·
1318 2514 1490 2550 Che-skire
1507 2514 1563 2551 ed.
1577 2514 1725 2563 Helsby

235 2559 686 2658 2512‘222233>¹‘{1⁵13g2{⁷0;11
695 2557 879 2652 “miii
890 2560 1731 2657 ⁰0s⁰gii<3m1³b⁰ggt}{{?¹1'³2?1?12¹111⁵‘Z÷uffi“31'11„2s

235 2663 372 2688 sorons
388 2651 578 2689 Willelmi
595 2653 862 2699 Conquestoris
878 2654 1000 2690 filium
1018 2655 1135 2692 fuisse
1150 2669 1158 2699 ;
1185 2655 1285 2692 nihil
1307 2659 1440 2695 tamen
1457 2658 1505 2696 de
1524 2659 1598 2696 hac
1615 2660 1725 2716 regia

237 2698 1294 2798 “H‘’ffinffissfflaffl235513101502232032223055„2¹32
1307 2710 1508 2791 ”Zffl‘m
1528 2707 1722 2792 given-¹⁴³²

685 2778 692 2792 ‚
1296 2781 1304 2796 ‚
1425 2767 1447 2791 0
1501 2767 1525 2792 u
1601 2768 1723 2794 sclam

235 2793 362 2830 adhuc
385 2795 666 2833 animadvertit.
717 2797 790 2834 Sed
815 2799 917 2844 quod
940 2798 988 2835 dc
1014 2798 1180 2836 Ranulfo
1201 2801 1360 2837 dubium
1380 2804 1448 2847 est,
1467 2768 1515 2841 dle
1534 2803 1616 2841 filio
1642 2804 1724 2843 eius

236 2841 412 2900 Hugone·
432 2855 560 2880 verum
595 2844 709 2899 fuisse
742 2847 902 2890 constat,
934 2846 1001 2892 qui
1033 2859 1066 2884 a.
1101 2858 1205 2895 1153,
1234 2851 1442 2896 antequam
1471 2852 1636 2899 scriptus
1665 2855 1723 2892 est

235 2891 485 2937 Polwratwus,
502 2894 606 2938 patri
627 2896 881 2938 successerat3
910 2893 1015 2931 illius
1038 2894 1142 2932 enim
1165 2908 1257 2934 avus
1275 2901 1359 2935 erat
1382 2899 1574 2937 Robertus
1596 2913 1723 2939 comen

237 2936 513 2976 Glocestrensis
531 2939 692 2977 Henrici
709 2941 737 2977 I.
755 2941 858 2989 regis
874 2941 975 2979 filius
992 2944 1144 2981 nothus.

346 3003 389 3036 4²
