1846 3262
88 258 174 300 590
193 247 224 288 <1

570 240 835 287 IOANNIS
876 233 1396 283 SARESBERIENSIS
1547 229 1657 291 [ΗΒ.
1672 239 1724 273 VI

244 364 527 426 proconsules
567 363 788 412 cohibent,
823 360 930 418 quia
969 359 1040 414 (ut
1082 357 1170 401 dici
1210 356 1341 412 solet)
1381 353 1589 412 operibus
1627 350 1723 408 lupi

104 453 179 495 591
199 455 229 484 a
246 435 586 495 congratulatur
609 447 780 483 corum,
805 434 851 474 et
879 429 1085 472 ministro
1112 426 1369 485 iniquitatis
1395 425 1561 482 impius
1587 422 1724 466 iudex

245 505 581 619 apinIlggddiitem
608 569 814 615 omnibus
843 568 914 612 his
941 581 1027 610 usu
1051 565 1262 616 innotuit,
1283 564 1507 622 principes
1535 576 1724 620 quorum

243 645 444 689 infideles
473 646 590 694 sunt,
611 640 717 685 socii
744 639 909 689 furum,
930 651 1040 695 quos
1067 651 1169 680 cum
1195 635 1244 678 in
1271 634 1487 677 maleficio
1514 632 1724 682 uiderint,
1742 638 1762 674 5

244 718 431 760 currunt
445 728 546 757 cum
562 713 637 764 eis,
650 710 892 754 adicientes
907 707 1162 766 iniquitatis
1178 709 1353 764 partem
1373 707 1427 747 ut
1442 704 1554 747 lucri
1570 717 1724 760 quam-

244 799 431 842 cumque
451 782 669 839 recipiant
695 779 959 838 portionem.
1020 777 1070 820 Si
1097 777 1307 820 misertus
1337 774 1478 818 fueris
1505 771 1725 831 pauperiS‚

244 856 282 899 si
303 868 504 898 occasum
531 851 731 895 iustitiae
755 849 945 900 fleueris,
966 846 1004 891 si
1032 847 1282 891 decreueris
1312 844 1563 895 subuenire,
1583 843 1620 886 si
1648 842 1723 886 ob-

243 924 408 968 mutire
437 922 587 973 audes,
610 923 664 964 ut
693 919 751 963 ad
781 918 960 977 singula
990 932 1104 975 quae
1133 916 1291 960 dicunt
1320 918 1401 959 aut
1430 913 1605 958 faciunt
1634 926 1724 956 non

244 994 429 1038 dixeris:
449 993 574 1050 Euge
589 1005 713 1049 euge,
726 989 1038 1034 accusantibus
1051 986 1321 1031 Herodianis
1340 986 1458 1029 lesae
1477 983 1724 1027 maiestatis
1743 1000 1785 1025 10

244 1063 400 1107 reddes
439 1076 586 1106 coram
625 1059 829 1118 praeside
869 1058 1100 1101 rationem.
1176 1055 1262 1101 Oui
1305 1056 1393 1099 nisi
1431 1055 1479 1098 in
1519 1054 1725 1098 omnibus

243 1132 536 1191 adquieueris,
578 1130 731 1175 Cesari
770 1128 1059 1181 contradices,
1099 1130 1146 1170 et
1187 1126 1400 1184 quicquid
1443 1125 1594 1177 dictet,
1635 1123 1725 1167 nisi

245 1203 307 1247 sic
339 1205 413 1246 eat
444 1204 490 1244 et
523 1200 611 1244 nisi
644 1200 707 1244 sic
742 1202 843 1250 stet,
875 1201 944 1241 est
978 1198 1026 1240 in
1059 1212 1295 1255 personam
1334 1196 1453 1255 regis
1483 1198 1726 1252 contraque

198 1278 229 1318 b
247 1287 464 1317 coronam.
525 1270 786 1328 Consurget‚
807 1268 1169 1326 ingeminabitur,
1190 1270 1236 1311 et
1255 1282 1396 1324 usque
1416 1266 1474 1309 ad
1498 1266 1639 1308 nubes
1658 1265 1724 1307 in-

247 1343 441 1386 ualescet
461 1340 713 1385 officialium
729 1338 895 1382 clamor
914 1337 1226 1395 replicantium
1242 1351 1350 1380 uoce
1369 1351 1560 1394 magna:
1591 1335 1725 1378 Hunc
1745 1348 1784 1384 15

246 1411 501 1455 inuenimus
530 1409 864 1453 subuertentem
893 1407 1109 1465 populum
1138 1409 1185 1450 et
1213 1406 1524 1464 prohibentem
1553 1405 1726 1449 tributa

247 1482 346 1525 dari
374 1480 526 1525 Cesari
553 1481 879 1537 negantemque
906 1476 1114 1521 Cesarem
1141 1491 1289 1534 regem
1317 1490 1411 1520 esse
1435 1478 1482 1519 et
1507 1475 1726 1519 ministris

247 1552 343 1596 eius
372 1551 583 1594 uniuersa
611 1549 666 1592 de
690 1549 787 1591 iure
813 1548 968 1601 licere3
1004 1547 1123 1590 hunc
1149 1546 1404 1590 inuenimus
1434 1548 1726 1590 euacuantem

246 1624 457 1679 paternas
482 1620 613 1677 leges,
632 1633 773 1662 nouas
800 1617 1170 1670 introducentem,
1193 1620 1239 1660 et
1264 1616 1596 1660 uetustissimae
1622 1631 1724 1660 con·

246 1691 496 1735 suetudinis
526 1691 903 1746 contemptorem;
937 1688 1072 1731 huius
1105 1687 1169 1730 rei
1202 1690 1338 1731 testes
1367 1702 1534 1731 sumus.
1593 1686 1723 1740 Quod
1743 1704 1786 1729 πο

247 1761 287 1804 si
307 1764 432 1804 tuam
452 1774 645 1818 purgare
669 1758 864 1802 uolueris
884 1757 1185 1801 innocentiam
1206 1760 1287 1801 aut
1306 1772 1388 1815 pro
1407 1757 1583 1801 iustitia
1603 1757 1723 1815 quic-

247 1845 382 1888 quam
412 1833 623 1882 astruere,
644 1829 682 1872 si
708 1827 939 1872 Christum
968 1827 1136 1871 dixeris
1165 1842 1316 1885 regem
1346 1842 1453 1881 esse,
1479 1828 1551 1871 cui
1582 1828 1726 1886 magis

246 1903 451 1958 oporteat
471 1914 605 1957 quam
620 1899 875 1942 hominibus
895 1898 1078 1951 obediri,
1094 1898 1132 1941 si
1149 1898 1369 1942 Ecclesiae
1385 1898 1480 1941 eius
1496 1899 1725 1956 (quoniam

246 1971 329 2014 hoc
358 1969 684 2013 odiosissimum
714 1968 799 2027 est)
818 1968 999 2025 aliquod
1029 1968 1269 2026 protuleris
1297 1968 1598 2026 priuilegium,
1623 1983 1724 2012 con-

246 2040 375 2083 tinuo
409 2039 706 2083 uociferantes
744 2038 1038 2082 intonabunt:
1082 2038 1202 2092 Quid
1233 2038 1426 2096 amplius
1460 2039 1723 2083 desideratis
1743 2059 1759 2084 2
1765 2060 1784 2095 5

206 2122 233 2153 c
247 2110 414 2156 testes?
457 2123 555 2152 ecce
589 2123 670 2152 uos
700 2108 786 2166 ipsi
818 2107 1008 2152 audistis
1036 2108 1384 2166 blasphemiam3
1426 2109 1628 2166 quisquis
1655 2125 1724 2154 as-

247 2180 357 2223 serit
386 2179 508 2230 talia,
527 2178 793 2222 contradicit
820 2177 986 2223 Cesari.
1046 2178 1097 2222 Si
1127 2194 1234 2222 uero
1261 2178 1399 2222 iudex
1424 2179 1726 2224 innocentiam

246 2249 404 2293 uidens
433 2249 741 2306 iustitiamque
766 2248 988 2292 reueritus
1014 2248 1375 2301 dissimulauerit,
1396 2249 1594 2308 undique
1623 2265 1725 2294 con-

245 2318 525 2362 clamabunt:
556 2318 605 2362 Si
636 2319 755 2362 hunc
785 2318 989 2372 dimittis,
1018 2334 1109 2363 non
1140 2334 1186 2363 es
1216 2319 1385 2364 amicus
1414 2318 1602 2364 Cesaris.
1661 2321 1725 2366 Vt

246 2391 686 2457 Hm

298 2497 313 2523 1
341 2488 510 2533 operibus
533 2488 616 2534 lupi
637 2488 737 2524 etc.:
764 2487 863 2523 Nam
888 2487 990 2534 quod
1015 2487 1063 2526 de
1087 2500 1156 2526 sua
1175 2488 1319 2536 praeda
1341 2500 1420 2526 non
1447 2491 1727 2538 consumpserit

244 2533 367 2580 lupus,
386 2546 429 2571 eo
454 2536 587 2590 postea
609 2537 780 2572 vescetur
803 2546 943 2572 corvus.
1133 2547 1166 2582 4,
1187 2546 1205 2583 5
1228 2539 1420 2584 principes
1439 2539 1615 2584 infideles,
1637 2543 1727 2577 socii

235 2583 394 2627 surum:
420 2582 469 2619 Is.
487 2594 512 2619 1.
530 2593 588 2636 23.
780 2592 799 2630 5
825 2595 912 2630 quos
929 2596 1010 2620 cum
1034 2586 1076 2619 in
1100 2586 1277 2629 maleficio
1303 2587 1400 2622 etc.:
1426 2597 1459 2622 v.
1476 2586 1536 2623 Ps.
1554 2586 1648 2623 xlix.
1670 2590 1724 2626 18.

247 2631 281 2674 8,
298 2639 321 2674 9
345 2631 536 2666 obmutire:
562 2642 587 2667 1.
603 2642 638 2668 e.
655 2632 786 2666 mutire
802 2637 927 2668 contra
951 2633 1141 2678 quendam,
1159 2634 1204 2669 ut
1228 2634 1371 2680 obloqui
1396 2635 1453 2670 est
1477 2635 1576 2682 loqui
1599 2641 1726 2673 eontra

246 2679 449 2731 quendom3
483 2680 656 2715 obmutire
683 2680 815 2715 tamen
843 2691 968 2725 neque
997 2691 1057 2726 ap.
1092 2680 1252 2718 Forcell.
1286 2692 1411 2727 neque
1444 2693 1508 2728 ap.
1542 2682 1724 2732 Ducange

247 2735 425 2761 invenies.
546 2737 590 2762 10
613 2727 861 2764 Herodianis:
889 2739 918 2763 v.
938 2727 1051 2764 Matt.
1067 2727 1159 2764 xxii.
1182 2731 1248 2772 16;
1274 2728 1392 2766 Marc.
1407 2729 1473 2766 xii.
1494 2740 1548 2776 13.
1680 2743 1725 2770 12

252 2772 377 2808 cesari
391 2775 631 2810 contradices:
656 2786 688 2810 v.
708 2774 841 2811 Ioann.
858 2774 935 2812 xix.
957 2786 1011 2811 12.
1130 2785 1183 2823 15,
1205 2777 1247 2813 16
1271 2778 1385 2813 Hune
1400 2780 1613 2815 inuenimus
1628 2781 1724 2818 etc.:

248 2830 280 2855 v.
300 2818 389 2856 Luc.
408 2819 511 2857 xxiii.
528 2831 561 2857 2.
672 2832 716 2857 22
742 2824 802 2858 cui
813 2824 931 2869 magis
943 2823 1039 2860 etc.:
1063 2835 1097 2860 v.
1115 2823 1200 2861 Act.
1217 2824 1316 2871 App.
1333 2837 1366 2860 v.
1384 2835 1441 2872 29.
1555 2836 1598 2873 25
1628 2829 1726 2872 Quid

249 2868 409 2913 amplius
425 2870 517 2905 etc.:
542 2880 575 2904 v.
594 2868 709 2906 Matt.
724 2869 823 2906 xxvi.
840 2871 898 2917 65.
946 2904 949 2907 ,
1067 2871 1113 2907 26
1138 2874 1300 2926 quisquis
1314 2874 1412 2910 etc.:
1437 2885 1468 2910 v.
1485 2872 1617 2912 Ioann.
1646 2876 1726 2914 xix.

252 2924 307 2952 12.
449 2925 495 2962 29
518 2917 561 2952 Si
574 2917 672 2954 hune
687 2919 843 2954 dimittis
858 2920 951 2955 etc.:
977 2917 1107 2956 Ioann.
1124 2930 1201 2957 xix.
1220 2931 1274 2958 12.
