1846 3262
120 233 191 274 771
211 233 235 263 c
584 217 847 263 IOANNIS
886 214 1405 261 SARESBERIENSIS
1508 212 1728 275 [msvm

254 344 467 401 Oportet!
497 340 754 390 Dimicauit,
782 338 931 395 inquit
960 337 1158 388 nuntius,
1186 339 1232 380 et
1257 338 1492 394 superatus
1518 338 1608 387 est;
1638 347 1730 377 non

254 415 508 470 relinquens
543 410 606 453 eis
644 409 834 452 liberum
868 410 922 451 ut
959 407 1255 464 dampnarent
1290 406 1460 449 factum
1493 404 1612 462 quod
1643 404 1729 461 ipsi

207 486 237 527 d
255 484 563 527 iudicauerant
596 479 861 523 faciendum.
922 477 1111 535 Gorgias
1143 477 1388 520 Leontinus
1422 474 1651 518 Ysocratis
1685 476 1732 517 et

253 551 548 610 complurium
587 548 740 606 magni
780 547 949 606 ingenii
988 547 1188 590 uirorum
1228 547 1487 604 praeceptor
1521 559 1573 587 ea
1603 544 1730 586 inno-

252 622 400 666 centia
439 620 558 663 uixit
597 622 649 662 ut
689 618 928 662 centesimo
960 619 1005 660 et
1040 617 1229 674 septimo
1268 630 1386 658 anno
1429 615 1731 671 interrogatus
1750 627 1769 660 5

252 706 390 748 quare
425 689 599 733 tamdiu
629 689 677 731 in
708 688 806 731 uita
835 687 972 730 uellet
1005 700 1209 729 manere:
1247 685 1364 739 Quia
1393 683 1543 735 nichil,
1572 682 1732 739 inquit,

253 762 394 804 habeo
415 760 534 817 quod
555 761 827 802 senectutem
848 773 992 801 meam
1013 759 1199 800 accuset.
1255 755 1352 798 Hoc
1369 754 1499 798 credo
1520 751 1732 796 accidisse

254 845 310 874 ex
341 830 490 888 gratia
530 832 575 872 et
614 828 759 871 multa
797 827 959 885 peritia
993 827 1258 876 litterarum,
1291 824 1452 882 quibus
1492 825 1612 866 etate
1651 835 1733 865 sua

254 900 512 958 praestabat
543 899 653 942 adeo
685 900 739 941 ut
769 898 940 955 primus
971 897 1019 939 in
1048 898 1272 940 conuentu
1301 908 1478 952 poscere
1508 905 1643 935 ausus
1672 891 1733 934 sit

255 985 345 1027 qua
382 969 438 1012 de
473 984 521 1012 re
557 968 744 1026 quisque
779 967 934 1010 audire
968 966 1128 1018 uellet;
1170 964 1289 1007 unde
1321 966 1368 1007 et
1402 963 1443 1006 ei
1477 963 1526 1005 in
1565 960 1733 1018 templo
1753 974 1795 998 ιο

256 1039 462 1097 Delphici
488 1038 710 1096 Apollinis
740 1037 951 1080 uniuersa
979 1036 1138 1079 Grecia
1163 1037 1361 1078 statuam
1386 1047 1443 1076 ex
1462 1031 1604 1076 solido
1623 1045 1734 1074 auro

256 1109 417 1167 posuit,
452 1123 554 1152 cum
589 1111 837 1151 ceterorum
870 1106 926 1149 ad
962 1106 1009 1149 id
1044 1108 1221 1162 tempus
1252 1106 1434 1147 auratas
1467 1101 1733 1146 collocasset.

257 1180 504 1223 Occurrent
537 1177 682 1220 multa
715 1176 971 1219 huiusmodi
1011 1189 1125 1233 quae
1164 1174 1311 1217 laudis
1350 1187 1483 1215 uerae
1521 1173 1735 1229 poterunt

257 1251 483 1306 praestare
523 1247 770 1297 materiam,
805 1246 843 1289 si
883 1245 984 1303 quis
1023 1244 1310 1301 antiquorum
1345 1242 1475 1286 uafre
1509 1241 1630 1284 dicta
1660 1239 1734 1283 uel

259 1317 381 1361 facta
406 1318 773 1374 strategemmata
796 1317 841 1358 et
868 1313 1273 1372 strategemmatica
1297 1326 1471 1370 quoque
1497 1313 1734 1354 recenseat.
1755 1329 1795 1362 15

115 1399 192 1439 772
212 1399 242 1429 a
260 1386 470 1432 Ceterum
492 1386 615 1443 (quia
635 1400 765 1443 saepe
795 1387 1211 1442 strategemmatum
1241 1382 1409 1425 mentio
1440 1381 1562 1424 facta
1591 1382 1660 1423 est
1689 1382 1736 1422 et

260 1472 330 1500 res
370 1456 563 1500 nominis
602 1470 693 1499 non
730 1469 1047 1512 usquequaque
1079 1453 1251 1497 cunctis
1282 1451 1498 1508 innotuit)
1516 1449 1728 1494 Valerius

260 1527 486 1570 Maximus
506 1528 873 1583 strategemmata
899 1524 961 1568 sic
982 1523 1146 1567 diffinit
1175 1526 1228 1566 ut
1248 1523 1369 1566 dicat
1389 1521 1495 1579 quia
1515 1521 1611 1564 eius
1630 1534 1734 1578 pars

260 1595 519 1641 calliditatis
554 1595 733 1653 egregia
767 1598 813 1638 et
851 1594 909 1637 ab
948 1593 1069 1637 omni
1109 1592 1448 1651 reprehensione
1483 1590 1636 1649 procul
1666 1604 1734 1633 re·

260 1669 394 1718 mota,
424 1666 551 1710 euius
593 1679 739 1722 opera,
779 1663 885 1721 quia
922 1663 1220 1721 appellatione
1266 1662 1347 1705 uix
1393 1664 1497 1719 apte
1542 1659 1734 1718 exprimi
1755 1680 1799 1704 ιο

260 1738 460 1794 possunt,
486 1735 628 1778 Greca
653 1733 1020 1791 pronunciatione
1049 1734 1414 1790 strategemmata
1441 1730 1735 1789 appellantur.

262 1806 444 1864 Proprie
471 1808 623 1849 tamen
646 1806 1011 1862 strategemmata
1037 1806 1144 1846 sunt
1167 1817 1280 1860 quae
1304 1802 1362 1845 ad
1390 1816 1484 1845 rem
1511 1800 1738 1858 pertinent

261 1877 500 1919 militarem
515 1872 532 1928 ;'
554 1890 660 1917 nam
683 1877 729 1918 et
752 1874 810 1917 ab
839 1888 891 1918 eo
918 1874 1129 1918 dicuntur
1157 1873 1413 1916 stratilates.
1473 1872 1600 1925 Quae
1629 1884 1736 1913 uero

261 1950 417 1990 contra
443 1945 648 2003 propriae
671 1944 983 2002 appellationis
1011 1946 1164 1987 notam
1192 1943 1250 1986 ad
1277 1957 1347 1986 res
1376 1942 1487 1985 alias
1508 1941 1737 1999 pertinent

265 2016 400 2070 (Iulio
421 2015 637 2058 Frontino
658 2014 790 2072 teste)
811 2013 1219 2072 strategemmatica
1248 2012 1554 2070 appellantur3
1595 2010 1737 2053 distat
1757 2027 1800 2061 ²⁵

262 2086 382 2130 enim
411 2084 867 2142 strategemmaticum
900 2098 928 2126 a
951 2086 1319 2140 *strategemmate
1348 2080 1568 2139 quomodo
1596 2093 1738 2138 genus

262 2171 290 2199 a
321 2155 464 2213 specie
498 2154 659 2197 differt.
720 2153 855 2197 Redit
883 2154 1048 2197 iterum
1078 2153 1263 2196 Publius
1292 2151 1487 2202 Clodius,
1516 2153 1570 2194 ut
1598 2149 1739 2208 ipfflus

263 2259 283 2284 2
310 2247 538 2284 damnarent
554 2245 615 2282 CB
772 2254 795 2288 4
820 2242 1112 2290 complut-imum
1130 2241 1155 2278 S
1316 2250 1334 2288 5
1361 2239 1621 2287 interrogatus
1636 2250 1738 2276 anno

261 2294 308 2332 A¹
456 2296 497 2331 18
523 2292 617 2340 eius]
636 2294 695 2331 est
710 2291 784 2328 A's
933 2301 975 2336 19
998 2289 1178 2345 eggregia
1191 2289 1252 2327 CB
1398 2299 1444 2325 20
1467 2287 1700 2334 apellatione
1714 2287 1740 2324 S

262 2355 287 2427 (21
291 2342 554 2426 iffaptellantur
570 2340 618 2425 SS
738 2350 785 2385 24
809 2338 1054 2386 apellationu
1071 2337 1096 2374 S
1239 2345 1282 2384 25
1310 2335 1531 2383 apellantur
1548 2334 1573 2372 S
1693 2343 1738 2380 27

289 2403 303 2425 1
335 2403 375 2426 er
410 2402 433 2426 a
449 2400 574 2436 specie

314 2472 334 2507 3
363 2462 518 2507 Gorgias
533 2460 627 2497 etc.:
651 2470 685 2495 v.
710 2457 794 2494 Val.
821 2457 923 2494 Max.
941 2455 1020 2493 viii.
1050 2465 1102 2502 13.
1123 2457 1198 2492 ext.
1220 2453 1238 2502 ξ
1267 2466 1302 2491 2.
1447 2463 1469 2500 7
1494 2459 1653 2491 accuset:
1678 2464 1740 2490 ac-

264 2521 382 2546 cusem
397 2508 482 2545 Val.
498 2507 600 2543 Max.
729 2507 750 2542 8
776 2507 983 2541 litterarum
1005 2505 1077 2541 ete.
1094 2517 1102 2540 :
1127 2516 1159 2540 v.
1178 2503 1259 2539 Val.
1277 2502 1380 2539 Max.
1397 2500 1474 2539 viii.
1497 2511 1550 2549 15.
1569 2503 1645 2538 ext.
1665 2500 1683 2548 ξ
1703 2511 1739 2537 2.

269 2567 323 2602 14,
347 2564 385 2602 15
413 2558 521 2602 uafre
537 2557 636 2590 dicta
653 2555 711 2589 uel
718 2556 848 2599 facta:
872 2553 919 2590 de
938 2551 1076 2598 quibus
1091 2550 1175 2588 val.
1194 2550 1294 2587 Max.
1311 2549 1372 2587 vii.
1393 2561 1425 2596 3.
1553 2558 1592 2596 15
1618 2553 1740 2585 strato

263 2609 462 2650 gemmata:
488 2603 535 2640 de
552 2601 689 2648 quibus
704 2599 806 2638 idem
823 2599 886 2636 vii.
905 2610 938 2645 4.
1057 2600 1109 2642 18,
1133 2609 1176 2645 19
1194 2610 1288 2645 pars
1304 2598 1519 2634 calliditatis
1534 2598 1630 2634 etc.:
1655 2595 1740 2633 val.

267 2652 368 2688 Max.
388 2650 450 2687 vii.
467 2662 491 2696 4
504 2649 590 2686 init.
722 2658 768 2693 23
793 2649 1013 2684 stratilates:
1039 2647 1089 2683 cf.
1108 2658 1222 2693 supra
1237 2645 1286 2682 vi.
1307 2656 1320 2682 1
1344 2646 1430 2692 (590
1440 2646 1481 2690 Β)
1499 2647 1540 2681 et
1557 2644 1739 2690 Ducange

267 2699 334 2735 sub
351 2711 428 2735 voc.
540 2706 584 2744 25
610 2698 709 2733 Iulio
726 2696 906 2732 Frontino
922 2700 1028 2731 teste:
1054 2707 1088 2730 v.
1106 2692 1280 2730 Frontin.
1296 2694 1407 2729 δῖναι.
1424 2691 1449 2728 i.
1466 2692 1587 2739 praef.
1693 2700 1740 2736 27

267 2748 420 2783 Publius
441 2746 610 2782 Clodius:
636 2744 661 2780 i.
676 2756 708 2781 e.
727 2743 884 2779 Publius
904 2742 981 2779 sive
1002 2741 1188 2778 Publilius
1214 2741 1351 2796 Syrum
1375 2739 1584 2776 v.Macrob.
1600 2740 1678 2776 Sat.
1697 2737 1739 2775 ii.

269 2804 289 2839 7
318 2793 336 2840 ξ
369 2805 396 2837 1,
423 2793 489 2829 ubi
513 2793 638 2828 Publii
661 2791 796 2839 legisse
823 2793 863 2828 et
887 2790 934 2827 de
956 2790 995 2826 P.
1020 2788 1162 2833 Clodio,
1191 2800 1299 2826 euius
1322 2799 1462 2825 nomen
1486 2787 1601 2834 paulo
1624 2797 1741 2833 supra

269 2842 372 2887 (ibid.
397 2842 420 2877 6
446 2840 464 2887 ξ
491 2841 530 2886 6)
556 2839 740 2886 scriptum
757 2838 913 2882 invenit,
933 2836 1167 2875 intellexisse
1185 2836 1334 2873 videtur
1350 2835 1533 2878 Ioannes;
1559 2832 1608 2871 cf.
1627 2844 1741 2881 supra

270 2899 301 2924 c.
322 2899 361 2925 11
384 2889 534 2934 (7510),
552 2899 583 2924 c.
605 2897 646 2934 13
666 2887 816 2933 (7623).

378 2962 444 2996 334
