1846 3262
59 231 140 273 79⁷
160 230 191 263 C

151 1037 180 1076 d

47 1876 129 1927 798
151 1887 180 1916 a

535 217 798 263 IOANNIS
839 218 1360 265 SARESBERIENSIS
1459 218 1570 281 [LIB.
1587 230 1683 265 VIII

318 343 490 396 Quinta
520 355 653 398 pecus
684 341 860 392 strauit,
890 341 1084 384 uesicam
1114 343 1244 384 sexta
1273 342 1454 386 creauit.

318 402 437 444 Pone
467 401 590 443 subit
618 400 803 457 grando,
832 402 934 457 post
963 400 1127 443 brucus
1156 400 1290 443 dente
1319 401 1526 445 nefando.

317 460 450 503 Nona
480 459 595 516 tegit
624 458 773 510 solem,
803 458 994 516 primam
1024 460 1154 502 necat
1183 459 1345 502 ultima
1373 460 1555 517 prolem.

200 541 295 585 Nec
334 556 440 585 curo
476 540 577 597 quis
607 554 764 583 uersus
794 539 962 590 fecerit,
996 540 1081 583 hoc
1115 539 1259 583 solum
1293 540 1541 591 attendens,
1577 541 1684 599 quia

197 611 353 669 plagas
375 610 529 668 Egipti
545 609 629 653 sub
647 610 877 652 Pharaone
889 609 999 652 satis
1015 609 1323 667 compendiose
1335 611 1681 668 comprehendit.

197 681 254 724 In
283 682 353 724 his
380 684 533 724 tamen
561 680 767 723 omnibus
795 695 886 723 non
914 682 983 723 est
1002 694 1187 723 auersus
1208 679 1336 723 furor
1355 680 1452 724 eius
1471 696 1499 724 a
1518 681 1684 738 populo

197 751 294 802 Dei,
315 751 392 794 sed
421 751 722 809 egredientem
749 765 1019 807 persequens
1045 765 1147 794 cum
1167 751 1371 794 curribus
1392 754 1438 794 et
1458 751 1684 808 equitibus

197 821 290 865 suis
311 822 359 864 in
379 821 493 864 mari
514 821 770 864 submersus
790 823 871 864 est.
913 821 1056 877 Aquis
1077 835 1182 879 ergo
1202 836 1284 879 pro
1303 836 1432 865 muro
1452 821 1510 864 ad
1530 821 1686 879 populi

197 891 501 934 defensionem
530 894 576 934 et
605 905 687 948 pro
710 890 801 933 telo
828 890 886 933 ad
915 890 1250 934 subuersionem
1280 891 1449 935 tiranni
1479 906 1587 935 usus
1617 894 1686 935 est

197 961 428 1004 Dominus.
490 960 778 1003 Salmanasar
804 975 979 1017 quoque
1007 963 1223 1018 regnante
1245 960 1434 1004 Ezechia
1454 962 1685 1019 premebat

196 1031 412 1089 populum
454 1030 649 1081 Domini,
688 1045 1016 1087 conuersusque
1060 1045 1141 1074 rex
1180 1031 1230 1073 in
1277 1046 1429 1088 preces
1468 1031 1684 1076 aduersus

196 1102 341 1144 minas
361 1101 531 1144 tiranni
553 1100 744 1158 clipeum
764 1100 945 1143 diuinae
965 1100 1255 1158 protectionis
1275 1101 1497 1159 opposuit.
1554 1102 1684 1146 Vnde

197 1175 243 1215 et
270 1187 372 1215 eum
404 1187 484 1229 per
510 1172 776 1230 prophetam
804 1171 1079 1214 confortauit
1109 1170 1329 1215 Dominus
1360 1172 1532 1216 dicens:
1578 1172 1684 1216 Non

196 1242 476 1300 ingredietur
504 1242 661 1285 urbem
690 1241 806 1284 hanc
836 1256 916 1284 nec
945 1241 1098 1285 mittet
1137 1241 1185 1284 in
1221 1257 1318 1285 eam
1354 1243 1567 1300 sagittam
1602 1258 1684 1287 nec

197 1312 432 1370 occupabit
460 1327 557 1355 eam
585 1312 754 1369 clipeus
780 1326 860 1354 nec
891 1311 1186 1355 circumdabit
1213 1327 1310 1355 eam
1331 1312 1537 1356 munitio.
1598 1313 1684 1356 Per

197 1382 319 1425 uiam
346 1397 436 1439 qua
462 1382 590 1425 uenit
610 1383 873 1432 reuertetur‚
895 1383 941 1424 et
961 1381 1192 1425 ciuitatem
1213 1383 1329 1426 hanc
1350 1398 1440 1426 non
1460 1383 1683 1441 ingredie-

197 1456 284 1503 tur,
313 1452 423 1495 dicit
454 1451 683 1494 Dominus.
745 1451 1069 1508 Protegamque
1099 1451 1256 1494 urbem
1283 1453 1398 1496 hanc
1426 1455 1473 1496 et
1498 1453 1683 1496 saluabo

197 1538 295 1566 eam
322 1524 506 1579 propter
525 1536 596 1564 me
624 1524 670 1565 et
692 1524 876 1578 propter
901 1520 1052 1564 Dauid
1073 1536 1252 1564 seruum
1273 1537 1432 1566 meum.
1494 1523 1684 1567 Factum

199 1594 267 1635 est
294 1606 399 1649 ergo
427 1591 475 1634 in
502 1593 632 1634 nocte
658 1591 748 1634 illa.
810 1590 948 1634 Venit
973 1591 1159 1649 angelus
1188 1591 1369 1635 Domini
1393 1595 1439 1636 et
1462 1594 1682 1651 percussit

198 1665 345 1705 castra
374 1661 648 1704 Assiriorum
677 1664 857 1704 centum
887 1661 1116 1719 octoginta
1147 1662 1343 1719 quinque
1373 1663 1525 1716 milia3
1559 1678 1680 1707 cum-

199 1747 284 1789 que
305 1731 500 1775 diluculo
525 1732 802 1784 surrexisset,
823 1731 940 1774 uidit
960 1732 1110 1774 omnia
1129 1747 1314 1789 corpora
1334 1737 1614 1778 mortuorum
1635 1737 1682 1778 et

198 1803 406 1846 recedens
422 1802 545 1845 abiit.
592 1802 652 1844 Et
671 1816 876 1845 reuersus
897 1804 966 1844 est
985 1801 1288 1846 Sennacherib
1308 1818 1389 1847 rex
1409 1803 1683 1848 Assiriorum

199 1875 244 1915 et
265 1872 431 1915 mansit
452 1872 500 1914 in
521 1872 701 1915 Niniue.
747 1870 950 1928 Cumque
970 1872 1177 1915 adoraret
1197 1872 1246 1914 in
1266 1873 1433 1931 templo
1453 1873 1683 1919 Nesarach

198 1940 344 1986 Deum
373 1957 518 1993 suum,
537 1941 832 1985 Adramelech
859 1944 905 1984 et
932 1941 1120 1985 Sarasar
1146 1942 1228 1985 filii
1249 1943 1345 1986 eius
1369 1949 1685 2001 percusserunt

199 2027 301 2056 eum
336 2012 487 2070 gladio
522 2011 827 2070 fugeruntque
861 2012 910 2054 in
945 2014 1112 2055 terram
1147 2013 1488 2067 Armeniorum
1538 2019 1585 2059 et
1613 2030 1682 2059 re-

199 2083 360 2140 gnauit
381 2082 608 2125 Eseradon
632 2082 752 2125 filius
777 2082 872 2125 eius
896 2097 978 2139 pro
999 2097 1062 2126 eo.
1123 2082 1219 2126 Nec
1243 2086 1423 2127 moueat
1452 2084 1491 2128 si
1517 2085 1607 2129 alio
1636 2089 1683 2130 et

199 2152 287 2195 alio
314 2153 493 2196 nomine
520 2155 755 2195 censeatur
777 2152 825 2194 in
853 2152 1043 2196 diuersis
1070 2153 1281 2205 historiis,
1303 2153 1409 2211 quia
1434 2169 1516 2212 pro
1543 2155 1683 2199 tradi·

197 2283 219 2309 2
246 2273 451 2319 nephando
464 2273 504 2309 M
603 2283 621 2321 5
640 2273 774 2321 egypti
791 2273 831 2309 M
932 2284 977 2311 10
992 2273 1254 2312 Salmanassar
1269 2273 1302 2310 A
1398 2286 1444 2313 20
1460 2290 1483 2314 v
1500 2276 1524 2313 S
1635 2288 1680 2315 22

197 2322 420 2359 senacherib
438 2322 513 2395 ALM
594 2369 600 2376 .
644 2332 687 2369 25
715 2321 1000 2370 Armeniorum]
1019 2322 1273 2360 armeniorum
1291 2322 1315 2360 S
1335 2336 1447 2371 mary.
1465 2325 1528 2362 M:
1553 2325 1682 2363 assiri·

432 2377 657 2396 eeeeeeeee
659 2378 688 2395 m

197 2415 305 2440 orum
322 2403 411 2440 GBS
427 2417 435 2440 :
461 2403 680 2440 assiriorum
698 2404 731 2440 A

196 2502 253 2538 vir
277 2503 423 2545 doctus.
441 2502 555 2540 Petro
574 2502 718 2540 Pictori
743 2503 789 2544 (si
811 2503 966 2550 quidem
989 2516 1023 2541 a.
1049 2514 1151 2549 1200,
1176 2507 1222 2542 ut
1243 2504 1388 2548 dicunt,
1410 2505 1553 2551 floruit)
1577 2509 1682 2545 recte

198 2550 359 2586 attribui
386 2550 545 2597 possint.
575 2551 719 2598 quippe
753 2552 820 2598 qui
853 2552 990 2588 Ioanni
1023 2554 1156 2589 nostro
1187 2565 1220 2589 a.
1253 2562 1343 2601 1153
1371 2553 1449 2590 iam
1479 2554 1557 2592 sint
1584 2555 1682 2592 noti.

198 2598 356 2634 Praeter
371 2599 520 2636 codices
538 2599 644 2635 MSS.
663 2611 756 2645 quos
772 2602 972 2637 enumerat
990 2600 1182 2644 Haureau,
1199 2601 1297 2638 alius
1314 2613 1410 2638 saec.
1430 2601 1499 2638 xiii
1515 2602 1682 2650 scriptus

199 2657 314 2692 penes
347 2658 408 2684 me
434 2649 492 2683 est
518 2646 583 2693 qui
617 2648 768 2684 eosdem
798 2659 925 2684 versus
957 2648 1132 2686 continet
1159 2651 1199 2686 et
1231 2650 1280 2686 de
1313 2661 1388 2696 quo
1421 2651 1612 2687 nonnulla
1638 2650 1681 2688 in

199 2694 411 2740 appendice
427 2694 621 2733 subiunxi.
747 2696 771 2732 6
794 2697 844 2732 In
861 2696 920 2732 his
935 2699 1007 2732 etc.
1025 2709 1034 2733 ε
1058 2696 1128 2733 Isa.
1145 2697 1195 2734 ix.
1217 2708 1272 2734 12.
1401 2707 1422 2742 7
1447 2701 1682 2744 eyredientem

200 2744 291 2778 etc.:
318 2755 350 2778 v.
369 2742 488 2779 Exod.
507 2743 578 2779 xiv.
594 2745 651 2780 28.
825 2746 847 2781 8
877 2746 994 2798 Aquis
1009 2756 1091 2790 eryo
1102 2757 1173 2791 pro
1190 2757 1315 2782 muro:
1340 2757 1376 2782 v.
1392 2744 1511 2783 Exod.
1529 2746 1602 2783 xiv.
1620 2757 1677 2794 29.

201 2799 247 2825 ιο
262 2791 506 2826 salmanasar
519 2793 615 2828 etc.:
640 2804 672 2828 v.
691 2801 715 2836 4
731 2790 825 2839 Reg.
846 2791 948 2828 xviii.
969 2803 1103 2839 9seqq.
1251 2804 1289 2830 11
1309 2805 1571 2841 conuersusque
1587 2797 1680 2832 eta:

197 2848 230 2872 v.
249 2847 272 2881 4
289 2837 379 2884 Reg.
398 2838 472 2874 xix.
496 2850 538 2883 14
548 2851 650 2885 seqq.
782 2851 824 2886 13
847 2841 1081 2886 prophetam:
1107 2852 1160 2878 sc.
1178 2840 1328 2878 Isaiam.
1452 2852 1507 2889 13,
1529 2852 1572 2888 14
1595 2844 1680 2881 Non

197 2886 424 2929 inyredietur
440 2887 534 2923 etc.:
561 2898 584 2933 4
601 2887 694 2934 Reg.
710 2886 787 2925 xix.
804 2898 849 2934 32
863 2900 965 2935 seqq.

310 2957 376 2998 380

1703 626 1723 660 5

1705 977 1747 1002 10

1704 1329 1743 1363 ¹5

1702 1681 1746 1705 20

1703 2035 1744 2070 ²5
